2898 5120
742 245 798 306 sto

158 422 275 497 temnit,
294 437 352 500 quo
370 435 438 478 vero
454 417 575 476 senescit
593 415 682 494 magis
692 459 701 488 ,
721 433 754 472 eo
774 412 862 492 magis
880 409 1017 492 pecunias
1036 409 1156 488 diliget,
1175 407 1251 487 quod
1272 425 1367 469 avarae

160 532 277 578 naturae
303 515 463 598 particeps,
493 532 585 592 neque
605 513 715 591 integer
735 509 772 568 sit
798 507 836 568 ad
866 507 1018 582 virtutem,
1048 507 1116 587 quia
1134 507 1239 587 optimo
1257 505 1369 564 custode

158 628 244 676 caret.
285 615 335 674 Est
361 625 455 672 autem
484 625 577 671 custos
604 609 655 670 ille
689 600 819 688 λόγος,
851 605 981 691 μοοοοιῇ
1007 600 1195 687 κεκραμένος·
1224 599 1257 677 ὃς
1284 597 1369 681 μόνος

160 707 341 794 ἐγγενόμενος
348 759 358 787 ,
389 704 490 792 σωτήρ
527 703 635 791 ἀρετῆς
664 702 715 770 daci
742 707 811 789 βίον
840 703 945 770 ἐνοικεῖ
966 707 1011 793 τῷ
1040 702 1147 789 ἔχοντι·
1181 706 1210 788 l)
1240 714 1370 778 ratio,

160 822 274 875 maciei
303 822 468 891 tenimento
477 833 492 882 ,·
523 832 598 889 quoe
627 813 688 870 sola
706 833 774 870 cam
792 805 895 888 odeat,
914 832 970 891 per
986 832 1099 870 omnem
1119 817 1232 882 eitam,
1252 813 1299 880 ei,
1318 810 1365 882 qai

158 924 255 992 ipsam
272 923 369 986 tenet,
390 916 518 968 virtutis
536 911 647 968 insidet
664 918 907 971 conservatrix.»
928 907 960 991 2)

131 1055 133 1074 .
196 1012 276 1072 Talis
303 1011 391 1090 igitur
414 1007 533 1086 juvenis
550 1003 759 1083 timociaticus,
781 1008 801 1068 i.
820 1028 845 1068 e.
863 1006 1055 1068 timocraticae
1072 1000 1308 1067 civitati'similis
1323 1011 1367 1058 est.

159 1109 215 1169 Sed
243 1130 301 1187 quo
326 1106 450 1166 iuterius
470 1104 550 1166 Plato
570 1107 692 1186 optimae
712 1119 831 1166 naturae
851 1106 1060 1187 corruptionem
1081 1102 1217 1184 indaget,
1239 1099 1369 1175 illamque

158 1208 194 1266 ab
223 1207 292 1287 ipsis
321 1203 414 1265 initiis
438 1203 581 1278 deducat,
610 1204 700 1284 exigit
717 1224 778 1264 eam
803 1203 841 1264 ad
863 1204 985 1284 optimae
1004 1203 1133 1264 civitatis
1152 1198 1368 1279 corruptionem.

162 1326 175 1357 a
187 1305 234 1364 Fit
262 1302 327 1362 talis
352 1303 432 1376 sere,
452 1302 492 1361 ait
518 1299 663 1376 Socrates,
679 1301 797 1379 juvenis
816 1301 886 1377 ille,
907 1299 1141 1380 qtrandoquidcm
1161 1312 1273 1380 patrem
1290 1295 1369 1354 habet

135 1403 283 1478 ¹bonum,
312 1399 362 1460 sed
389 1400 439 1479 qui
468 1400 503 1458 in
530 1399 645 1460 civitate
672 1421 745 1460 nou·
760 1398 834 1459 bene
862 1397 1019 1479 gubernata
1047 1398 1201 1472 habitans,
1233 1395 1368 1465 honores,

157 1501 336 1581 principatus
364 1519 395 1558 ac
421 1496 534 1576 judicia
560 1497 654 1578 fugit,
687 1512 803 1558 matrem
832 1514 918 1572 vero,
948 1517 1020 1577 quae
1048 1497 1240 1577 indignatur,
1270 1493 1371 1574 quoties

158 1598 291 1657 maritum
319 1595 399 1660 videt
435 1593 536 1655 horum
567 1597 713 1672 omnium,
742 1597 865 1676 itemque
892 1598 1100 1678 pecuniarum,
1132 1595 1369 1675 negligentiorem.

160 1695 256 1754 Facile
275 1694 343 1754 haec
369 1693 430 1753 iilia
459 1691 549 1769 dicit,
577 1694 714 1774 ignavum
742 1694 798 1775 ipsi
826 1695 935 1775 patrem
956 1714 1016 1754 esse
1036 1693 1214 1772 nimiumque
1234 1693 1371 1780 remissum
1439 1709 1440 1718 ¹

160 1790 280 1866 atalia,
308 1813 379 1870 quac
406 1791 578 1853 dotalibus
605 1793 711 1873 garrire
731 1791 865 1852 mulieres
884 1804 1104 1853 consueverunt.
1146 1789 1234 1850 Talia
1253 1790 1320 1848 item
1339 1789 1373 1846 ta·
1439 1861 1440 1870 ρ

161 1888 233 1947 muli
261 1890 358 1970 pueris
386 1890 417 1950 in
444 1911 541 1950 aurem
569 1890 691 1966 dicunt,
723 1903 751 1949 et
778 1889 801 1950 si
821 1910 905 1970 quem
925 1889 1055 1952 viderint
1081 1889 1128 1951 vel
1147 1889 1290 1970 pecunias
1307 1886 1372 1968 patri

161 1986 329 2063 debentem,
349 2009 433 2067 quem
452 1989 512 2070 ipse
531 2011 590 2048 uon
609 1989 640 2048 iu
662 1991 710 2067 jus
728 2000 829 2062 vocat,
851 1987 899 2048 vel
918 1987 951 2047 in
971 1987 1037 2047 aliis
1053 1979 1245 2070 peccantem,
1265 1985 1372 2044 edicunt

162 2103 268 2165 puero,
288 2085 448 2163 siquando
476 2085 521 2146 vir
547 2085 668 2161 evadat,
690 2105 787 2146 omncs
806 2083 878 2144 tales
899 2085 1073 2161 ulciscatur,
1093 2085 1195 2164 virque
1222 2085 1310 2164 magis
1326 2083 1371 2154 sit,

159 2173 247 2261 ¹quam
262 2197 344 2264 pater
364 2184 514 2245 exstiterit.
557 2185 705 2244 Caeterum
729 2182 813 2243 domo
840 2184 908 2242 item
927 2203 1052 2264 egressus
1071 2204 1161 2264 puer,
1183 2181 1232 2241 his
1252 2204 1307 2241 non
1323 2179 1368 2239 dis

163 2281 268 2339 similia
294 2281 376 2341 audit
405 2281 558 2370 videtque:
589 2282 719 2343 homines
746 2295 866 2363 nempe,
895 2282 945 2362 qui
965 2282 1133 2343 incivitate
1155 2302 1275 2340 suarum
1290 2297 1372 2338 rerum

163 2391 312 2458 satagunt,
341 2378 460 2439 stolidos
480 2380 587 2440 ¹vocari
614 2394 641 2438 et
668 2381 752 2461 parvi
780 2379 891 2460 pendi,
920 2380 970 2459 qui
990 2401 1058 2443 vcro
1079 2400 1129 2439 sua
1146 2379 1318 2460 negligunt,
1332 2377 1374 2435 ho

165 2475 260 2534 uorari
291 2473 474 2552 laudarique.¹
528 2477 624 2551 Quum
651 2477 721 2548 haec
747 2478 835 2557 igitur
861 2477 1096 2538 adolescentulus
1116 2476 1199 2536 audit
1230 2474 1375 2554 videtque,

165 2594 317 2652 rursusque
335 2573 424 2656 patris
439 2576 564 2656 percipit
583 2596 742 2651 sermones,
759 2567 913 2653 ἑλκόμενος
928 2568 977 2636 ὑπ’
992 2568 1172 2658 ἀμφοτέρων
1183 2567 1319 2648 τούτων,
1333 2571 1377 2634 roi
1440 2582 1441 2594 ¹

164 2667 220 2750 μὲν
239 2667 352 2754 πατρός
368 2665 460 2734 αὐτοῦ
470 2667 519 2734 ,τό
536 2666 750 2755 λογιστικόν
771 2671 802 2738 ἕν
822 2678 863 2764 τῇ
884 2677 975 2764 ψυχῇ
995 2670 1141 2761 ἄρδοντός
1160 2699 1191 2738 τε
1214 2675 1264 2738 καὶ
1286 2667 1373 2748 αὔξον
1440 2711 1441 2760 q

84 2837 86 2844 ,
166 2796 229 2852 τος,
250 2774 310 2834 τῶν
329 2770 364 2835 δὲ
381 2768 480 2838 ἄλλων
497 2769 536 2837 τό
556 2797 587 2838 τε
609 2773 885 2861 ἐπιθυμητικόν
903 2779 952 2842 καὶ
976 2776 1019 2842 τό
1041 2776 1253 2859 θυμοειδὲς,
1280 2772 1376 2862 rivio
1440 2765 1441 2820 i

166 2871 248 2961 αὐτῷ
274 2871 374 2958 α’ρχήν
401 2872 553 2960 παρέδωκε
579 2879 624 2966 aqi
646 2874 730 2966 μέσῳ
753 2904 784 2942 τε
810 2879 859 2943 καὶ
882 2880 1037 2968 φιλονείκῳ
1062 2880 1110 2944 noi
1135 2880 1311 2961 θυμοειδεῖ·
1335 2879 1375 2941 sati
1440 2939 1441 2948 .

117 2983 120 2988 '
169 2973 280 3059 ἐγένετο
299 2972 487 3063 ὑψηλόφρων
512 3003 543 3042 τε
564 2981 613 3042 καὶ
634 2977 791 3063 φιλότιμος
810 2976 900 3066 sivoio·
933 2987 969 3044 ab
992 2988 1197 3064 triennioque
1218 2994 1379 3057 attractos,
1440 3033 1441 3040 ,

169 3103 260 3160 qaum
282 3093 374 3161 pater
398 3090 432 3140 in
464 3091 562 3159 ipsias
588 3092 687 3145 animo
713 3095 940 3163 rationem,
960 3093 1073 3146 coeteri
1092 3108 1159 3148 aero
1177 3089 1376 3166 cupidita·

170 3189 247 3236 tom
267 3190 356 3258 atque
380 3189 486 3238 iram
498 3184 609 3264 fovent
627 3179 811 3263 augentque,
842 3193 940 3243 animi
959 3192 1009 3244 sai
1027 3192 1191 3266 imperiosos
1212 3187 1321 3244 mediae
1334 3183 1376 3240 itii

164 3279 335 3352 facultati,
355 3285 553 3336 contentiosae
583 3283 672 3357 atque
699 3283 865 3342 iracundai
881 3285 997 3358 tradit,
1009 3279 1111 3362 fitprie
1128 3291 1179 3339 oio·
1196 3284 1276 3340 elota
1293 3287 1378 3340 anino

174 3393 208 3431 ac
226 3375 342 3456 gloriae
362 3377 523 3453 cupiditati
544 3375 576 3457 3)

118 3523 126 3533 .
211 3471 475 3532 Animadvertimus
502 3474 589 3533 facile
617 3476 649 3534 in
677 3475 807 3556 legendis
827 3478 904 3538 hisce
928 3499 1025 3537 curam
1044 3477 1283 3558 diligentiamque
1299 3477 1378 3536 Plato

158 3571 238 3644 nis,
268 3592 323 3649 qua
353 3571 496 3630 hominem
523 3563 816 3655 illum'cxploravit:
848 3576 980 3655 idemque
1002 3574 1085 3636 nohis
1104 3575 1263 3656 deinceps,
1286 3573 1333 3634 uhi
1351 3572 1380 3632 de

172 3670 235 3729 viro
264 3668 455 3749 aligarchico,
486 3669 675 3732 democratico
701 3688 729 3733 et
747 3675 900 3754 tyrannico
924 3675 1001 3755 agit,
1022 3674 1182 3755 apparebit.
1224 3673 1292 3733 Erat
1310 3671 1380 3731 scili-

174 3781 217 3826 cet
233 3768 265 3826 in
285 3768 363 3860 omni
382 3767 434 3826 hac
456 3766 650 3849 disputatione
671 3771 805 3852 prinecps
824 3774 885 3850 ejus
902 3772 1072 3847 consilium,
1093 3793 1153 3831 nou
1163 3817 1172 3845 ,
1196 3786 1228 3830 ut
1243 3773 1380 3831 civitatum

175 3863 388 3940 conditionem,
419 3864 469 3926 sed
499 3880 530 3926 ut
558 3867 683 3928 hominis
712 3883 842 3928 naturam
867 3869 1026 3950 indagaret.
1067 3869 1140 3929 Inde
1165 3869 1244 3928 euim
1270 3868 1381 3926 mammo

178 4064 430 4077 man-—

213 4170 237 4236 t)
255 4169 311 4223 Non
333 4174 488 4244 negligenda
509 4175 584 4230 lectio
608 4185 665 4243 est,
685 4197 759 4248 quam
778 4188 878 4234 secutus
896 4181 999 4234 Ficinus
1017 4163 1139 4244 videtur,
1154 4169 1257 4232 ἐνοικεῖ
1272 4167 1315 4256 τῷ
1335 4163 1383 4250 ἆρ-

180 4275 271 4334 χοντι.
306 4263 387 4315 Vertit
403 4268 485 4319 enim:
503 4287 550 4336 per
564 4287 655 4322 οοιιιοοι
669 4275 743 4332 wem
755 4275 869 4325 aientem
889 4277 915 4326 io
933 4293 976 4336 oo,
989 4277 1032 4341 qui
1044 4285 1157 4344 praem,
1174 4284 1262 4326 serem

212 4355 240 4417 2)
258 4357 295 4407 De
311 4357 371 4424 Iiep.
388 4357 451 4408 Vill.
471 4359 529 4410 548.
547 4361 577 4412 E.

215 4439 241 4502 3)
259 4443 318 4494 too.
338 4442 395 4494 548.
415 4443 443 4494 Ε.
462 4469 495 4479 -
513 4445 570 4498 550,
588 4439 617 4498 B.
