2872 5122
646 273 700 334 101

74 435 122 492 bus
147 435 311 515 exciperent
323 447 351 492 ct
365 447 613 515 prosequerentur.
632 433 661 516 l)
681 435 740 494 Nec
765 435 880 498 mium
922 437 993 495 Nam
1012 448 1041 494 et
1060 435 1229 496 excellentis
1248 449 1288 495 est

73 534 174 612 ingenii
189 533 318 614 Agatho,
338 546 367 591 et
386 534 504 613 ingenio
523 535 657 614 congruit
677 535 767 593 forma
787 531 890 592 decora
901 577 909 608 ,
930 547 958 592 et
976 535 1008 593 in
1031 534 1094 614 ipso
1116 548 1157 594 est
1180 536 1288 612 juveu-

73 633 133 690 tutis
151 631 236 707 flore,
255 645 283 690 et
307 651 375 692 vero
395 631 566 711 pulcerrime
591 630 688 707 dixit,
710 643 742 689 ut
763 635 845 712 poita
874 643 903 690 et
926 631 1100 690 aemulorum
1125 633 1156 690 in
1182 633 1289 712 tragico

71 731 216 790 certamine
236 731 347 804 victor,
367 749 451 808 quam
471 729 621 790 victoriam
644 731 698 790 hoc
717 730 780 810 ipse
799 729 937 790 convivio
954 749 1020 788 cum
1039 729 1183 789 amiciret
1202 729 1289 789 lami-

70 827 184 886 liaribus
200 827 335 888 celebrat.
376 827 417 888 Ut
441 841 536 912 autem
560 848 658 887 omnes
685 825 866 886 admirantur
886 825 919 884 in
940 828 1053 908 poetico
1076 828 1205 887 encomio
1223 845 1290 886 cum

69 925 136 999 alia,
154 939 215 984 tum
229 925 381 986 verborum
398 925 585 1006 elegantiam,
600 925 738 985 orationis
753 925 936 984 suavissimae
955 923 1077 998 flumen,
1093 938 1153 984 tum
1167 924 1290 983 maxime

69 1021 184 1102 effigiem
202 1025 306 1083 amoris
316 1068 324 1099 ,
346 1043 430 1103 quam
449 1021 634 1084 adumbravit
651 1019 842 1104 pulcer-rimus
860 1022 980 1099 juvenis
999 1023 1127 1080 omniurn
1145 1021 1290 1102 pulcerri-

68 1141 153 1196 mam,
175 1123 215 1181 ita
233 1141 300 1181 mox
313 1121 456 1196 Socrates,
477 1121 704 1202 Eryrimachom
723 1119 887 1202 adspiciens
911 1118 1073 1179 «videorne
1093 1118 1163 1194 tibi,
1178 1120 1289 1199 inquit,

67 1220 200 1279 heumeni
229 1219 293 1294 fili,
312 1234 417 1278 temere
431 1222 492 1298 jam
521 1217 633 1279 dudum
657 1219 809 1292 metuisse,
831 1235 884 1275 nec
904 1217 979 1277 vatis
1007 1217 1099 1276 instar
1118 1235 1185 1278 vere
1204 1236 1289 1297 prae-

67 1316 188 1391 dixisse,
209 1316 387 1397 Agathonem
406 1315 579 1376 mirabiliter
599 1316 745 1377 dicturum
775 1335 852 1389 esse,
873 1335 919 1374 me
938 1335 1024 1390 vero,
1046 1315 1125 1394 quod
1145 1314 1288 1391 dicerem,

68 1435 122 1472 non
144 1414 337 1474 habiturum?
362 1414 417 1474 Ille
445 1435 532 1488 vero,
555 1413 685 1473 Alterum
706 1413 845 1494 quidem,
872 1435 889 1472 o
911 1412 1057 1487 Socrates,
1083 1411 1197 1492 inquit,
1220 1433 1288 1473 vere

68 1513 235 1572 vaticinatus
253 1533 302 1588 es,
322 1512 397 1572 bene
417 1512 564 1572 dicturum
581 1513 778 1594 Agathonem,
799 1511 921 1571 alterum
940 1531 1009 1588 vero
1019 1555 1027 1585 ,
1047 1510 1101 1569 tibi
1125 1509 1288 1570 defuturam

67 1629 120 1668 esse
142 1611 317 1685 orationem,
341 1631 402 1670 non
425 1611 502 1670 item.
544 1611 657 1685 Quidni
681 1632 768 1684 vero,
794 1610 908 1691 reponit
932 1607 1079 1683 Socrates,
1099 1629 1150 1688 ego
1174 1629 1286 1688 quoque

67 1706 190 1768 haeream
199 1721 246 1786 ,et
273 1709 439 1788 quicunque
473 1709 629 1768 orationem
653 1707 779 1770 dicendo
803 1719 975 1788 excepturus
1003 1719 1044 1764 est
1072 1720 1130 1765 tam
1156 1707 1285 1788 pulcram

68 1818 92 1863 et
109 1807 236 1880 variam,
257 1819 315 1865 tarn
334 1805 498 1866 illustribus
518 1819 646 1866 ornatam
662 1806 772 1879 verbis,
786 1819 844 1865 tam
860 1803 1059 1886 splendidam!
1079 1803 1200 1885 Gorgiae
1215 1805 1286 1863 mihi

68 1901 95 1960 in
121 1917 246 1964 mentem
271 1904 407 1964 veniebat
426 1904 603 1982 verebarque
620 1903 726 1984 plane,
748 1925 784 1962 ne
804 1902 915 1982 Gurgite
937 1902 988 1961 ille
1006 1903 1078 1962 mihi
1103 1915 1190 1985 caput
1215 1903 1287 1981 obji-

68 2001 160 2076 ciens,
176 2016 288 2061 mutum
306 2023 351 2061 me
370 2000 496 2061 efficeret
514 2016 542 2060 et
555 2003 588 2061 in
605 2001 732 2082 lapidem
753 2014 940 2062 converteret.
983 2001 1057 2060 Tum
1077 2019 1145 2062 vero
1160 2003 1286 2080 agnovi,

68 2119 146 2176 quam
170 2100 288 2180 egissem
307 2098 451 2174 ridicule,
472 2100 525 2178 qui
542 2101 601 2179 ipse
626 2101 793 2180 recepissem
812 2097 909 2173 vobis,
930 2112 962 2157 ut
988 2099 1052 2159 vice
1075 2119 1137 2156 mea
1164 2117 1286 2158 amorem

68 2194 206 2257 laudarem
216 2241 226 2274 ,
247 2199 363 2278 ignarus
381 2196 486 2278 plane,
500 2219 556 2276 qua
573 2196 687 2276 aliquid
705 2197 815 2257 ratione
834 2196 1014 2257 laudandum
1023 2209 1103 2256 esset.
1125 2195 1196 2254 Nam
1206 2197 1283 2276 equi·

69 2293 126 2352 dem
144 2294 323 2368 arbitrabar,
343 2316 410 2376 prae
428 2295 586 2354 stoliditate
606 2295 718 2354 scilicet
735 2316 815 2370 mea,
834 2315 901 2355 vera
915 2295 1039 2376 proferri
1053 2307 1181 2374 oportere
1191 2339 1200 2370 ,
1211 2315 1283 2374 quae

69 2393 142 2469 quis,
164 2393 280 2454 delectu
300 2392 417 2468 habito,
444 2395 476 2453 in
502 2413 580 2467 rem,
607 2413 680 2472 quae
709 2391 893 2467 laudaretur,
915 2393 1067 2453 conseruet.
1110 2393 1193 2452 Nunc
1217 2413 1284 2454 veto

69 2493 199 2571 cognovi,
218 2488 343 2550 maxima
357 2492 453 2552 omnia
472 2493 513 2552 rei
533 2474 697 2550 laudandae
715 2504 743 2550 et
762 2491 936 2584 pulcerrima
954 2489 1109 2550 tribuenda
1130 2511 1188 2550 esse
1198 2535 1206 2566 ,
1224 2493 1285 2550 sive

70 2589 91 2646 ei
107 2591 222 2671 propria
239 2591 318 2663 sint,
338 2590 399 2650 sive
418 2611 478 2650 non
496 2590 573 2649 sint:
596 2609 663 2648 narn
690 2589 799 2668 requiri
824 2590 928 2663 unice,
950 2601 982 2647 ut
1000 2581 1162 2648 laudavisse
1187 2588 1282 2649 videa·

71 2705 127 2743 nur·
136 2731 145 2760 ,
160 2709 219 2747 non
230 2700 261 2746 ut
272 2686 452 2747 laudemus.»
477 2687 589 2761 Quibus
608 2687 735 2760 ironice,
755 2700 786 2746 ut
804 2687 932 2762 solebat,
951 2685 1052 2764 dictis,
1067 2685 1142 2745 hanc
1159 2684 1286 2746 Socrates

71 2803 83 2838 a
101 2783 225 2845 Phaedro
244 2786 358 2846 veniam
378 2785 468 2868 petit,
488 2799 519 2844 ut
536 2806 589 2844 sua
607 2784 664 2844 sibi
682 2783 891 2844 consuetudine
911 2784 948 2843 de
965 2804 1060 2842 amore
1078 2783 1163 2843 liceat
1178 2783 1286 2844 dicere.

71 2881 154 2954 Quam
179 2883 265 2943 facile
292 2883 431 2964 adeptus,
460 2881 599 2960 ejusmodi
618 2881 744 2942 instituit
764 2903 829 2940 cum
854 2881 1002 2962 Agathone
1030 2880 1311 2962 disceptationem,·

72 2993 100 3036 ut
116 2980 315 3060 interrogando
334 2979 458 3056 efficiat,
480 3002 532 3040 nec
551 2980 683 3060 pulcrum
702 3001 762 3039 esse
782 3001 924 3055 amorem,
947 3001 999 3040 nec
1018 2980 1128 3039 bonum
1138 3025 1146 3054 ,
1168 2979 1287 3040 destitu-

72 3089 125 3134 tun
143 3079 260 3139 omnino
279 3077 396 3138 dotibus
413 3078 475 3138 illis
493 3077 627 3138 omnibus
637 3123 646 3152 ,
666 3077 773 3158 quibus
791 3100 807 3137 a
827 3078 957 3139 Phaedro
977 3078 1112 3156 aliisque,
1136 3079 1168 3138 in
1187 3079 1286 3160 primis

71 3173 104 3232 ab
121 3176 178 3256 ipso
195 3175 361 3256 Agathone,
381 3176 476 3236 luerat
494 3175 662 3236 celebratus.
704 3177 776 3236 Nam
799 3176 883 3236 fateri
907 3176 955 3236 hic
976 3177 1104 3260 cogitur,
1125 3176 1203 3256 quod
1222 3178 1286 3256 quis

72 3274 189 3352 appetit,
209 3273 263 3332 hoc
279 3290 343 3332 eum
357 3295 417 3332 non
434 3273 559 3348 habere,
579 3293 702 3332 amorem
721 3288 817 3334 autem
835 3287 987 3355 appetere,
1008 3295 1080 3352 quae
1098 3273 1200 3356 pulcra
1218 3289 1286 3334 sunt

73 3382 97 3427 et
113 3369 201 3430 bona:
222 3371 407 3450 quamobrem
424 3393 477 3432 nec
494 3371 599 3430 habere
619 3371 690 3446 illa,
712 3393 765 3430 nec
784 3370 919 3454 pulcrum
942 3391 1001 3430 esse
1025 3372 1136 3452 ipsum,
1162 3393 1215 3432 nec
1237 3372 1286 3432 bo

74 3489 143 3527 num.
183 3470 246 3544 Qua
268 3468 464 3549 disputatione
483 3469 523 3530 ad
540 3470 684 3549 angustias
710 3469 855 3531 adductus
877 3469 986 3548 Agatho
1017 3489 1196 3550 «repugnare
1214 3469 1289 3544 tibi,

75 3564 176 3644 inquit,
195 3588 255 3628 non
273 3587 405 3647 pessum,
424 3567 493 3642 sed,
515 3581 547 3627 ut
565 3566 686 3642 dixisti,
708 3568 748 3628 ita
766 3587 795 3627 se
815 3587 859 3626 res
877 3565 990 3642 habeat.
1021 3567 1095 3626 Tum
1112 3566 1179 3642 ille,
1198 3567 1284 3646 Atqui
1303 3583 1311 3598 ·

77 3647 197 3740 veritati,
218 3687 235 3725 o
252 3664 436 3724 dilectissime
455 3665 579 3746 Agatho,
596 3664 681 3725 nullo
697 3679 782 3746 pacto
798 3679 877 3747 potes
893 3686 1071 3746 repugnare,
1089 3663 1198 3724 Socrati
1218 3685 1288 3725 vero

77 3761 211 3825 facillime.
252 3763 310 3826 Sed
327 3777 356 3823 te
374 3765 505 3844 equidem
520 3766 580 3843 jam
598 3765 717 3825 mittam.
756 3763 884 3824 Narrabo
901 3776 996 3823 autem
1016 3762 1099 3824 vobis
1116 3783 1286 3838 sermonem,

77 3880 149 3936 quem
166 3862 269 3922 hahuit
286 3883 396 3922 mecum
423 3862 579 3942 aliquando
602 3863 725 3926 Dictime
736 3907 745 3936 ‚
766 3862 850 3924 docta
868 3862 991 3936 mulier,
1017 3882 1089 3942 quae
1116 3863 1220 3922 amoris
1241 3883 1287 3922 me

78 3955 250 4040 disciplinam
270 3959 377 4022 docuit.
399 3961 489 4036 Nam,
511 3975 543 4020 ut
557 3959 642 4020 modo
660 3962 786 4042 Agatho,
806 3962 846 4021 sic
867 3981 916 4040 ego
935 3958 971 4021 de
991 3963 1093 4020 hmore
1114 3975 1285 4035 statueram,

79 4073 199 4134 magnum
215 4078 274 4118 esse
288 4059 380 4118 Deum
398 4073 426 4118 et
443 4059 614 4119 formosum:
634 4061 797 4139 pariterque
815 4058 867 4118 illa
886 4059 1031 4133 effecerat,
1052 4080 1104 4118 nec
1132 4059 1285 4118 fornicatam

81 4150 151 4212 illum
168 4176 225 4215 esse
242 4177 295 4216 nec
315 4155 435 4218 bonurn.
478 4156 534 4216 Hic
559 4177 628 4236 ego,
653 4159 720 4218 Ain’
750 4155 883 4232 tandem,
901 4177 918 4216 o
938 4157 1085 4216 Diotimel
1115 4171 1224 4215 teterne
1243 4168 1284 4214 est

82 4269 147 4309 anor
162 4268 188 4312 et
210 4253 326 4315 malus?
347 4253 402 4314 Illa
426 4277 513 4330 veru,
540 4255 620 4316 Bona
641 4256 729 4316 verba
739 4301 748 4330 ,
768 4275 885 4334 quaeso:
906 4269 976 4315 tune
1000 4275 1068 4316 vero
1087 4267 1187 4336 putas,
1207 4251 1283 4332 quod
1343 4313 1346 4320 ,

112 4475 132 4542 ι)
146 4481 223 4552 sm.
238 4479 296 4533 rsa.
315 4481 346 4534 s.
