2908 5114
648 279 707 343 379

227 441 284 502 Ad
302 445 492 502 hominem
514 445 710 516 resartae·
730 453 873 519 unice,
893 467 965 504 nan
988 444 1038 502 ud
1057 462 1134 512 ree,

410 542 922 618 philosophiaPlatenia.

104 718 163 776 Nou
180 738 281 797 parum
299 718 346 777 his
366 718 482 799 placitis
501 740 567 778 cum
586 719 773 802 philosophia
801 721 930 802 Platonis
950 714 1154 778 similitudinis
1173 713 1298 770 interce·

73 814 286 890 der·e‚,lee.tores
307 816 420 876 vident.
462 817 552 876 Nobis
562 862 571 892 ,
590 818 734 897 quohanc
755 820 917 880 accuratius
939 831 966 876 et
987 833 1168 875 secernamus
1187 809 1223 868 ab
1239 808 1301 867 illis

69 927 93 971 et
108 913 193 992 ipsam
222 913 414 988 definiamus,
444 915 498 974 hoc
520 915 699 990 notandum,
729 939 778 976 ree
803 917 836 976 in
856 918 958 998 primis
978 928 1006 973 et
1036 933 1142 994 aarum
1163 921 1296 968 naturam

69 1010 212 1090 respexisse
240 1010 429 1092 philosophos
457 1011 541 1086 illos,
570 1033 636 1072 eum
655 1015 784 1074 Platonis
814 1014 948 1075 doctrina
976 1012 1014 1072 ad
1035 1011 1129 1091 ipsum
1150 1009 1298 1065 bominem

67 1109 194 1166 referatur
212 1109 307 1172 unice.
341 1109 393 1169 Uti
412 1110 568 1191 speluncae
586 1112 665 1192 apud
683 1113 867 1194 eumimago,
888 1113 928 1172 ita
948 1112 1010 1190 ejus
1028 1103 1214 1189 philosophia
1231 1125 1300 1160 παι-

68 1197 180 1278 δεύσεως
199 1209 323 1268 maxime
350 1222 378 1268 et
392 1200 586 1282 ἀπαιδευσίας
605 1208 798 1270 declarandae
827 1209 925 1269 caussl
940 1207 1056 1290 prodita
1076 1217 1126 1264 est.
1170 1203 1244 1263 Sunt
1263 1205 1296 1262 in

68 1306 228 1386 pulcerrima
250 1306 303 1365 illa
330 1311 545 1389 comparatione
565 1309 677 1383 multa,
707 1307 814 1386 quibus
834 1307 982 1368 declarare
1003 1307 1191 1363 eatetenteae
1212 1299 1298 1376 illas,

66 1407 206 1479 necandae,
228 1413 375 1464 aasentias
395 1406 491 1468 liceat.
514 1407 639 1487 Fingere
659 1405 707 1464 illi
724 1427 838 1484 quoque
857 1407 1018 1489 potuissent
1030 1398 1220 1482 philosophi,
1243 1420 1297 1458 nos

66 1501 93 1560 in
111 1523 230 1561 caverna
248 1502 380 1562 habitare
390 1549 399 1578 ,
420 1505 452 1563 in
475 1526 532 1583 qua
554 1503 670 1564 umbras
691 1525 787 1564 rerum
797 1549 806 1578 ,
829 1525 889 1563 non
905 1525 950 1562 res
961 1548 969 1577 ,
990 1511 1167 1582 spectemus,
1188 1496 1298 1576 quippe

67 1599 185 1658 sensibus
204 1621 265 1658 non
285 1600 324 1660 ad
342 1603 418 1682 ipsas
438 1624 535 1661 rerum
556 1601 732 1663 substantias
743 1647 752 1676 ,
781 1601 819 1661 ad
840 1601 1008 1660 interiorem
1028 1616 1126 1656 earum
1145 1606 1296 1668 naturam,

66 1696 132 1772 quod
151 1698 202 1756 nni
218 1699 279 1756 Deo
299 1698 386 1774 licet,
401 1714 594 1779 penetrantes.
638 1700 838 1759 Veruntamen
858 1699 896 1758 ad
915 1697 1042 1758 hominis
1061 1689 1215 1752 παίδευσιν
1234 1713 1296 1750 non

68 1795 274 1870 continuo,non
285 1798 401 1878 proprie
420 1796 474 1856 hae
496 1798 646 1858 doctrinae
664 1797 822 1876 pertinent.
865 1796 959 1876 Magis
976 1795 1033 1854 huc
1045 1794 1147 1856 valent
1165 1813 1238 1873 quae
1258 1787 1295 1846 ab

69 1890 125 1950 aliis
144 1891 177 1951 de
188 1901 309 1952 aetiana
315 1903 458 1972 praetera
469 1941 478 1969 ,
489 1894 526 1953 de
538 1897 650 1954 morali
671 1915 783 1974 organa
796 1907 823 1952 et
836 1894 1067 1951 mundamareli
1085 1889 1201 1971 prodita
1212 1897 1293 1947 sunt:

67 1987 92 2046 hi
103 2011 149 2048 nos
168 2011 281 2072 especu
292 1992 325 2050 in
334 1992 426 2051 alium
436 1993 579 2051 mundum
589 2037 599 2065 ,
618 2005 702 2070 atque
714 1991 766 2049 ille
787 2004 829 2050 est
849 2012 934 2069 quem
953 1988 1087 2048 sensibus
1104 1985 1292 2068 percipimus,

65 2089 249 2163 transferunt,
269 2101 297 2147 et
316 2090 453 2170 propius,
485 2103 518 2148 ut
539 2089 687 2163 vidimus,
718 2087 756 2148 ad
775 2089 953 2148 Platonicam
974 2085 1189 2169 philosophiam
1209 2100 1294 2139 acee-

66 2183 137 2245 dunt.
176 2187 303 2260 Verum,
333 2186 577 2266 quemadmodum
600 2186 722 2246 homoa
751 2186 855 2244 mundi
887 2183 1056 2265 spectabilis
1085 2179 1196 2264 umbris
1215 2190 1291 2236 totus

65 2286 180 2344 converti
199 2282 238 2343 ad
256 2279 294 2344 eoi
313 2277 407 2364 νοητὰ
427 2285 549 2359 debeat,
568 2298 600 2343 nt
618 2306 720 2365 puram
742 2284 999 2359 intaminatamque
1024 2281 1175 2342 veritatem
1191 2288 1289 2334 mente

65 2380 166 2457 rideat,
184 2384 216 2443 id
244 2407 329 2445 nemo
357 2381 615 2465 philosophorum,
644 2403 716 2461 quos
739 2402 792 2439 nos
819 2381 1025 2460 cognovimus,
1052 2393 1110 2437 tam
1140 2373 1287 2445 studiose,

65 2490 111 2535 lam
129 2495 209 2559 apte,
227 2496 287 2540 tam
297 2482 404 2562 plene,
424 2497 510 2559 quam
531 2477 591 2568 hae
603 2480 727 2558 imagine
742 2478 837 2552 Plato,
860 2477 1079 2536 demonstravit.
1122 2471 1180 2530 Sed
1209 2469 1286 2528 illud
1338 2556 1340 2560 γ

65 2577 312 2639 animadvertamus
331 2578 510 2668 praesertim.

97 2674 166 2732 llaec
186 2677 267 2756 ipsa,
288 2697 361 2756 quae
382 2675 462 2734 Plato
482 2661 577 2752 νοητδ
597 2672 744 2755 appellat,
775 2686 856 2730 extra
882 2669 1024 2730 muudum
1043 2662 1287 2746 adspectabilem,

65 2783 133 2829 extra
149 2774 313 2849 materiem,
334 2795 418 2852 quam
440 2776 500 2834 fere
519 2792 623 2833 vocare
650 2768 817 2850 philosophi
840 2770 953 2843 solent,
974 2766 1091 2826 adsunt.
1135 2763 1239 2822 Censet
1256 2760 1290 2818 in

65 2866 131 2942 illis,
155 2885 190 2929 nt·
205 2870 352 2947 vidimus,
373 2865 410 2932 ed
440 2866 517 2946 lirae,
537 2860 576 2931 τδ
596 2863 741 2948 μέγεθος,
768 2876 902 2928 aetianae
922 2866 1042 2926 omnino
1053 2909 1062 2938 ,
1084 2883 1156 2941 quae
1175 2857 1212 2918 ad
1233 2878 1284 2917 co-

67 2965 201 3042 gitandum
221 2983 251 3028 et
268 2969 463 3047 judicandum
484 2973 662 3032 necessariae
700 2967 785 3028 nobis
807 2981 892 3041 sunt,
911 2979 973 3024 tum
993 2965 1078 3020 idaea
1109 2958 1224 3040 proprie
1249 2956 1288 3013 sie
1340 2974 1347 2992 ·

65 3059 160 3140 dietas,
181 3080 211 3126 ut
229 3060 267 3126 τδ
286 3062 395 3147 ealda,
417 3093 451 3130 ra
478 3059 614 3150 ἀγαθόν,
634 3061 672 3128 ed
694 3063 813 3128 aeterne.
835 3065 902 3124 Esse
930 3077 1025 3121 autem
1044 3060 1114 3118 haec
1136 3056 1172 3114 ab
1191 3077 1223 3113 eo
1240 3074 1289 3111 ex·

68 3172 104 3218 tra
121 3165 259 3226 mundum
278 3169 505 3250 adspectabilem
516 3172 636 3246 fieta,e
658 3169 789 3248 Phaedro
799 3213 808 3242 ,
830 3187 845 3224 e
866 3164 986 3224 Timaeo
1004 3159 1125 3236 aliisque
1145 3154 1206 3230 ejus
1224 3149 1291 3208 dia-

67 3254 127 3336 l0gis
153 3263 318 3326 didicimus.
361 3269 397 3330 Ιιι
422 3271 540 3332 Timaeo
560 3289 678 3348 prorsus
688 3266 786 3342 ideas,
808 3278 841 3323 ut
857 3258 1116 3322 animadvertimus
1135 3250 1234 3324 modo,
1257 3245 1287 3325 l)

64 3369 211 3420 emeterio
243 3363 406 3446 distinguit.
449 3369 522 3434 Nam
542 3369 620 3426 Deus
647 3364 712 3424 illic
733 3364 771 3423 ad
801 3362 897 3422 ideam
916 3358 988 3417 boni
1009 3353 1157 3414 materiem
1177 3350 1291 3408 format.

65 3453 223 3519 Referuntur
241 3463 330 3541 igitur
348 3465 427 3546 apud
445 3487 509 3527 eum
529 3456 569 3526 eoi
588 3457 683 3544 νυητὰ
701 3463 739 3523 ad
768 3474 896 3522 mentem
917 3455 1023 3528 unice,
1052 3465 1128 3511 certe
1160 3469 1240 3521 non,
1259 3440 1292 3502 ut

65 3548 152 3613 Kantii
170 3548 315 3637 noctipetae
334 3561 513 3644 aliorumque
541 3565 719 3626 substantiae
749 3575 777 3619 et
797 3555 954 3629 monades,
975 3551 1012 3612 ad
1032 3548 1179 3608 materiem
1203 3544 1289 3616 item,

64 3652 102 3709 cui
120 3653 186 3718 haec
205 3661 319 3720 subesse
338 3660 493 3722 dicuntur.
537 3663 585 3722 Sic
606 3676 702 3721 autem
720 3659 802 3718 Plato
820 3655 859 3714 ad
879 3665 1005 3712 mentem
1023 3647 1140 3728 proprie
1160 3635 1198 3701 τδ
1220 3662 1293 3719 νοη-

63 3743 94 3806 eei
113 3755 252 3836 referens,
273 3756 425 3820 παίδευσιν
446 3781 505 3821 esse
524 3761 602 3822 dixit
620 3763 754 3820 nemeen
772 3759 812 3816 eet
830 3745 868 3813 ed
889 3742 995 3832 aeneai,
1019 3735 1058 3805 eoi
1079 3739 1164 3818 ὄντα,
1187 3745 1227 3800 ad
1243 3764 1288 3800 ee·

65 3859 174 3914 aetatem
202 3870 440 3936 convertionem,
471 3860 565 3940 deque
592 3860 711 3919 homine
741 3851 907 3916 erudiendo
936 3852 1050 3910 effatum
1071 3843 1213 3927 protulit,
1233 3861 1291 3920 quo

65 3951 168 4014 nullum
185 3959 271 4017 facile
292 3961 330 4020 ad
350 3982 432 4020 usum
452 3961 530 4022 vitae
549 3956 790 4018 accommodatius
820 3951 1022 4028 efficaciusque
1043 3958 1103 4018 est,
1123 3939 1290 4020 hujusmodi

64 4044 145 4108 illud:
164 4055 289 4118 hominis
310 4059 504 4138 ignorantiam
514 4058 611 4117 minus
621 4054 794 4115 facultatum
804 4099 813 4127 ,
831 4051 938 4130 quibus
954 4031 1104 4128 praeditus
1124 4055 1174 4114 est,
1187 4038 1287 4098 tenui-

64 4147 126 4220 tati,
153 4168 201 4213 aut
227 4177 341 4232 rerum,
377 4178 447 4235 quas
472 4175 642 4236 cognoscere
669 4151 785 4227 studet,
814 4147 977 4209 conditioni
999 4164 1065 4234 esse
1085 4136 1289 4211 tribuendam,

65 4261 138 4316 luam
156 4270 304 4330 perversae
324 4255 452 4332 rationi,
473 4276 529 4333 qua
550 4255 643 4314 utitur
665 4248 853 4310 facultatibus
873 4245 948 4306 suis:
972 4243 1033 4303 sive
1044 4287 1052 4315 ,
1073 4254 1105 4298 ut
1124 4236 1229 4296 rectius
1250 4232 1291 4293 il-

143 4383 224 4390 η»...-

96 4447 119 4508 u
137 4453 209 4504 retae
224 4473 248 4520 ρ.
267 4454 325 4506 arr.
