2832 5120
651 269 707 328 135

72 428 112 488 bis
131 413 299 488 sublimibus
326 429 459 510 con'cepit
486 413 581 489 animis
609 451 624 488 a
653 444 752 490 tenera
778 429 849 490 iude
876 445 986 507 aetate,
1013 432 1082 517 liaeo
1112 435 1201 514 igitur
1226 455 1286 494 non

72 528 169 586 lateant
190 527 303 600 diutius
332 527 364 586 in
392 529 449 588 imo
477 541 611 608 pectore,
633 529 683 590 sed
707 527 851 608 prodeant
877 531 908 588 in
934 530 1028 590 lucem
1056 545 1084 590 et
1104 534 1184 611 quasi
1202 546 1287 613 partu

70 626 234 685 emittantur.
277 625 342 684 Non
369 627 560 706 perspiciebat
580 627 719 686 continuo
739 627 886 700 Socrates,
907 625 980 705 quid
1000 628 1056 687 sihi
1077 629 1168 690 vellet
1195 630 1286 688 Dioti·

69 745 124 798 me,
143 745 229 803 quum
249 725 352 784 amoris
367 725 498 804 aperiens
513 739 659 799 naturam,
681 724 801 786 obscure
821 725 888 785 satis
903 727 1123 806 pronunciaret:
1147 721 1207 788 ἔστι
1228 720 1290 808 γοὶρ1

69 822 145 882 τοῦτο
165 815 251 896 τόκος
273 819 304 882 ἒν
324 821 418 907 καλῷ,
440 821 488 884 καὶ
508 817 582 900 carpi
601 818 639 884 cd
658 823 748 901 σῶμα
768 821 817 884 καὶ
833 817 908 884 κατὰ
927 817 983 902 τήν
1002 819 1115 906 ψυχήν·
1130 827 1159 910 l)
1177 819 1287 906 portus

70 927 110 982 lic
129 935 172 998 cat
190 933 224 982 in
241 927 369 1002 pulcro,
397 947 466 982 eum
486 946 606 1002 corporo
626 937 693 984 tum
718 934 818 984 animo
831 948 845 995 ,·
868 947 955 992 ,nunc
980 946 1051 1002 nos,
1078 930 1110 987 ni
1134 927 1282 1002 fallimur,

69 1023 191 1082 obscurae
218 1024 378 1082 sententiae
403 1037 430 1082 et
459 1025 539 1103 quasi
569 1024 785 1085 vaticinationis
815 1024 875 1084 vim
903 1038 931 1082 et
956 1044 1070 1084 sensum
1099 1027 1282 1104 assequimur.

69 1123 130 1180 llam
148 1134 214 1180 sunt
233 1121 336 1179 natura
356 1120 486 1182 homines
503 1137 561 1180 tam
579 1123 693 1195 animo,
714 1141 800 1199 quam
819 1143 936 1202 corpore
952 1137 1161 1202 praegnantes,
1182 1144 1287 1184 conce-

69 1233 162 1300 perunt
181 1217 365 1296 naturalibus
388 1218 433 1278 his
462 1222 632 1300 optimarum
662 1239 775 1293 rerum,
796 1220 923 1278 sincerae
943 1221 1286 1302 scientiae-veritatisque

68 1317 251 1398 appetitibus,
267 1317 409 1376 virtutum
427 1319 556 1376 omnium
575 1333 602 1378 et
621 1319 778 1400 sapientiae
797 1317 923 1376 semina:
946 1317 1052 1396 quibus
1072 1318 1153 1398 pleni
1169 1320 1286 1380 referti·

67 1437 114 1493 que
130 1429 156 1474 et
172 1416 253 1495 quasi
273 1414 463 1474 exuberantes
481 1417 607 1495 gestiunt
621 1435 721 1496 parere
739 1415 898 1494 aliquando
918 1430 946 1474 et
964 1416 1122 1497 procreare.
1165 1418 1219 1476 His
1234 1439 1284 1475 au·

66 1526 115 1571 tem
129 1511 232 1591 quidni
247 1512 381 1593 pulcrum
397 1533 455 1572 csse
471 1512 599 1572 dicamus
609 1513 690 1592 quasi
701 1513 840 1572 Lucinam
850 1515 1016 1592 quandam?
1039 1514 1143 1593 quidni
1160 1535 1283 1576 amorem

66 1612 96 1669 iis
121 1631 177 1670 esse
207 1612 346 1669 fateamur
363 1610 457 1691 ipsum
474 1618 508 1668 in
526 1613 633 1688 pulcro
651 1610 802 1688 portum?
832 1610 890 1672 Sed
909 1634 988 1670 nunc
1006 1634 1058 1672 uos
1077 1634 1170 1692 neque
1187 1599 1284 1672 scusirs

62 1710 113 1784 jam
126 1709 193 1768 latet
212 1729 326 1782 eorum,
347 1729 419 1788 quae
435 1709 472 1767 de
490 1709 614 1778 foetibus
630 1709 799 1770 divinorum
816 1711 945 1768 virorum
963 1709 1062 1768 eadem
1077 1712 1284 1789 pronunciarit

64 1807 158 1866 mulier
184 1805 366 1888 philosopha.
408 1806 444 1864 In
470 1805 576 1885 quibus
604 1808 679 1886 leges
707 1807 875 1867 memoravit
895 1808 1038 1887 Lycurgi,
1068 1829 1141 1890 quae
1164 1807 1281 1887 Spartae

62 1905 172 1964 fuerunt
190 1918 218 1962 et
238 1905 388 1962 universae
408 1906 467 1963 fere
486 1904 623 1963 Graeciae
643 1906 829 1979 servatrices,
852 1905 926 1984 leges
944 1907 1011 1964 item
1029 1905 1144 1964 Solonis
1163 1919 1190 1964 et
1210 1905 1282 1964 cele·

61 2001 176 2060 berrima
190 2023 318 2081 quaeque
334 2002 554 2063 clarissimorum
572 2004 699 2062 virorum
713 2005 850 2076 inventa,
871 2016 988 2082 propter
1002 2025 1072 2082 quos
1087 2018 1183 2079 natos,
1203 2005 1282 2084 iuge·

61 2102 108 2158 nio
121 2115 231 2182 partos,
252 2099 372 2178 adiicit,
393 2099 500 2182 templa
520 2101 556 2159 iis
571 2114 599 2158 et
613 2119 690 2158 saera
710 2100 805 2160 dicata
822 2114 889 2176 sunt
916 2100 1058 2180 plurima3
1090 2115 1206 2182 propter
1224 2101 1282 2160 hu·
1338 2113 1341 2124 '

61 2219 150 2260 manos
167 2219 252 2274 vero,
284 2198 375 2258 nulla.
417 2199 451 2258 In
470 2198 516 2258 his
534 2199 611 2259 enim
631 2199 760 2256 omnium
779 2199 921 2273 maxime,
949 2182 1021 2278 quae
1039 2200 1075 2258 iis
1093 2201 1172 2258 intus
1188 2200 1282 2258 inerat
1365 2273 1368 2280 Δ

61 2285 155 2356 divina
168 2295 297 2369 indoles,
313 2296 423 2378 pulcris
438 2295 601 2377 spectandis
618 2295 848 2376 diligendisque,
866 2310 925 2356 tota
941 2310 982 2356 est
998 2299 1119 2356 excitata
1134 2296 1172 2355 ad
1187 2298 1281 2377 ipsum

62 2395 279 2474 persequendum
299 2394 431 2474 pulcrum
440 2425 459 2467 ,·
471 2395 527 2464 imo
550 2383 812 2453 vero‘inllammatti
832 2409 875 2454 est
893 2394 930 2455 ad
953 2397 1066 2476 ipsum,
1087 2395 1166 2474 quod
1183 2416 1234 2475 per
1252 2417 1280 2456 se

62 2506 85 2551 et
94 2491 198 2552 bonum
214 2507 255 2552 est
269 2506 296 2552 et
305 2495 415 2570 justum
428 2507 456 2550 et
469 2493 581 2554 civitati
593 2491 678 2566 utile,
687 2491 724 2550 ad
736 2493 887 2552 civitatum
897 2492 1017 2552 salutem
1027 2492 1237 2553 adhibendum.
1250 2491 1282 2572 2)

94 2591 128 2650 In
145 2591 252 2670 quibus
270 2590 384 2671 placitis
416 2591 439 2649 si
460 2591 524 2670 quis
542 2591 687 2672 poeticum
707 2605 876 2670 aspernatur
899 2587 1040 2664 coloreln,
1067 2592 1119 2670 'qui
1146 2613 1162 2650 a
1187 2591 1280 2670 pbilo-

61 2688 150 2769 sophia
177 2689 291 2748 alienus
318 2703 454 2770 putatur,
485 2689 590 2768 cogitet
618 2687 720 2760 velim,
751 2686 830 2747 haud
850 2688 1003 2748 abhorrere
1025 2689 1114 2748 ista-a
1135 2690 1280 2748 naturali-

61 2783 106 2844 bus
122 2789 225 2847 mentis
242 2787 384 2846 humanae
403 2785 589 2860 notionibus,
610 2805 681 2864 quae
705 2784 814 2864 linguis
842 2784 1017 2864 dicendique
1046 2807 1100 2846 usu
1128 2807 1277 2866 expressae

62 2896 84 2941 et
97 2885 173 2962 quasi
196 2885 379 2964 consignatae
402 2898 478 2943 sunt.
520 2885 592 2958 Quis
614 2883 690 2942 enim
715 2883 857 2964 populus,
877 2883 978 2964 paullo
1007 2884 1125 2964 quidem
1154 2884 1281 2958 cultior,

61 2981 102 3038 sul
129 3003 188 3042 non
217 2981 317 3061 lingua
345 2980 395 3040 has
424 2983 516 3062 ipsas,
537 2980 643 3060 quibus
671 3002 723 3062 nos
752 2983 796 3040 usi
824 2999 940 3056 sumus,
962 3002 1045 3041 voces
1081 2981 1278 3059 dictionesque
1310 3061 1313 3068 γ

62 3081 189 3160 usurpat?
211 3080 348 3162 Dicentes
365 3079 498 3150 audimus
516 3080 647 3138 homines
657 3125 666 3153 ,
686 3079 736 3157 qui
757 3077 869 3139 dudum
885 3065 1006 3139 consilia
1022 3079 1162 3159 quaedam
1182 3092 1279 3138 mente

61 3177 212 3255 agitaruut,
234 3176 325 3236 hisso
345 3178 475 3237 consiliis
490 3180 594 3256 plenos
609 3179 808 3257 gravidaeque
827 3178 928 3236 fuisse:
950 3175 981 3256 3)
1001 3177 1080 3257 quod
1098 3177 1204 3238 dicunt
1217 3197 1276 3234 non
1374 3253 1378 3261 ἱ

62 3272 144 3352 docti,
164 3298 225 3335 non
246 3274 411 3356 philosophi
429 3288 560 3352 tantum,
582 3275 725 3335 Socratem
743 3290 771 3335 et
790 3276 937 3336 Platonem
957 3278 1079 3350 imitati,
1111 3275 1161 3337 sed
1183 3277 1279 3334 minus
1346 3331 1353 3347 ,

62 3371 121 3432 culti
139 3375 227 3448 item,
247 3372 354 3451 quibus
376 3396 525 3453 nunquam
546 3395 613 3432 sane
633 3375 762 3433 innotuit
781 3373 884 3432 horum
902 3374 1142 3455 philosophorum
1161 3395 1266 3432 nomen

62 3469 189 3531 Cultiores
208 3473 242 3530 in
262 3471 399 3529 familiari
423 3473 498 3532 vitae
519 3470 727 3531 consuetudine
751 3470 787 3530 de
807 3473 933 3552 ingeniis
953 3472 1139 3550 judicantes,
1160 3471 1278 3551 ingenia

61 3583 203 3628 memorant
221 3570 396 3646 foecundo,
421 3569 489 3628 item
508 3571 637 3628 sterilia.
661 3567 692 3649 4)
722 3569 827 3628 Omnes
846 3583 904 3628 tam
925 3569 1020 3644 docti,
1041 3591 1126 3649 quam
1145 3568 1277 3642 indocti,

62 3661 137 3726 libros
154 3681 260 3727 vocant
276 3675 469 3748 ingeniorum
483 3671 607 3745 foetus,
629 3667 660 3749 5)
682 3677 865 3744 temptorum
884 3671 1016 3746 prolem,
1041 3669 1121 3747 quod
1142 3667 1274 3728 vetustis·

63 3761 114 3820 simi
131 3763 252 3841 Graeci,
271 3764 395 3824 necdum
423 3766 531 3825 exculti
561 3751 711 3842 doctrina,
733 3765 769 3824 de
787 3767 928 3848 sapientia
947 3766 1143 3854 usurpabant,
1164 3765 1273 3825 Miner·

65 3877 116 3918 vam
132 3861 271 3944 lingentes
297 3863 379 3924 Jovis
405 3863 497 3944 capite
518 3863 671 3934 cerebrove
700 3878 820 3946 partam.
861 3862 942 3939 Quid
971 3863 1066 3923 dicam
1095 3863 1132 3923 de
1161 3871 1275 3922 umoris

93 4113 114 4183 a
129 4123 206 4192 aaa
222 4122 274 4175 206
293 4123 322 4174 s.

93 4203 114 4267 2)
129 4209 186 4260 End.
204 4207 263 4260 209.
284 4207 322 4260 Gl.
341 4225 418 4276 supra
438 4225 463 4276 p.
481 4208 540 4262 283.

94 4286 115 4350 3)
130 4294 245 4362 Zuouwer
255 4311 323 4361 paors
336 4311 386 4346 con
401 4305 548 4364 memerpeo.
881 4335 885 4342 .

95 4371 115 4437 l)
135 4378 228 4434 ΙΙὸοναη
244 4382 421 4444 etfoecuudum
435 4381 562 4434 Periclem
579 4389 656 4432 vocat
667 4378 760 4432 Cicero
777 4383 846 4434 Orac
867 4397 888 4431 c.
909 4381 932 4432 4.
973 4397 977 4402 ·

97 4457 117 4520 5)
133 4464 347 4518 Hoesmvroctren.
