2886 5118
756 291 815 350 ast

176 452 298 512 studuit.
340 452 377 512 Et
400 441 475 512 ¹tero
504 452 540 512 de
561 453 701 534 sapientia
721 452 785 512 illic
806 467 833 512 et
852 453 1019 533 voluptate,
1048 453 1107 512 utri
1123 451 1159 510 ad
1178 453 1288 512 beatam
1308 454 1379 511 vitan

177 551 244 631 plus
262 547 451 610 tribuendum
471 550 525 624 sit,
545 569 604 608 non
621 550 657 609 de
671 553 786 628 justitia
805 553 872 630 egit.
887 550 916 632 l)
944 551 1001 608 ch
1020 561 1114 608 auten
1134 549 1277 610 Socratici
1292 553 1381 610 ratione

160 648 281 723 snobis,
311 647 389 726 quod
420 649 451 706 in
470 647 587 708 Potitia
609 649 736 726 sustituit
753 649 852 723 Plato,
879 649 997 708 devita
1019 648 1121 723 beata,
1151 666 1216 706 eum
1237 651 1344 706 omnino
1360 651 1381 705 in

103 781 105 786 ,
173 745 292 812 modum
321 745 464 824 agendum
496 758 556 819 est,
587 757 637 820 ut,
666 748 738 824 quid
764 748 801 805 sit
819 749 851 806 in
869 747 965 806 animo
985 747 1112 805 hominis
1128 747 1261 825 justitia,
1288 744 1381 823 exipsa

175 844 264 902 animi
296 857 399 901 natura
428 843 616 923 explicemus.
659 843 820 925 Explorar‘e
848 845 937 924 igitur
964 845 1057 902 multo
1075 843 1249 923 diligentius
1269 843 1382 900 interius-

171 961 249 1019 que,
279 958 364 1018 quam
392 939 488 998 adhuc
509 941 647 1016 fecimus,
677 945 806 1002 animum
827 942 952 1003 decebit.
995 944 1192 1003 Discrerimus
1211 945 1269 1019 jam
1288 941 1315 998 in
1332 961 1380 998 eoa

173 1036 385 1119 cupiditatibus
402 1039 556 1114 rationem,
575 1042 744 1122 culpabere
761 1043 831 1101 istae
850 1039 977 1100 debent:
999 1043 1108 1100 sociam
1125 1042 1193 1099 item
1205 1034 1382 1118 cupiditatum,

174 1137 226 1196 sed
256 1135 306 1215 qui
335 1133 413 1194 idem
440 1137 561 1196 rationis
586 1140 718 1198 minister
744 1139 916 1218 adjutorque
944 1151 1004 1213 est,
1034 1137 1296 1218 deprehendimus:
1323 1132 1381 1193 unde

174 1247 269 1315 partes
301 1233 408 1306 animi,
436 1255 507 1312 quas
536 1250 620 1296 vocat
646 1237 744 1314 Plato,
774 1230 812 1296 ed
844 1231 1063 1318 ἒπιθυμηιικόν
1092 1261 1124 1299 ac
1156 1228 1282 1314 λογικόν,
1305 1231 1382 1308 quales

176 1332 253 1405 sint,
279 1342 448 1409 cognoscere
471 1335 532 1410 jam
559 1337 714 1414 ecepimus.
758 1339 867 1398 Verum
894 1341 1009 1415 tertiam
1026 1340 1051 1396 is
1071 1351 1181 1419 partem
1202 1336 1306 1414 adjecit
1323 1329 1381 1398 illis,

173 1449 209 1488 το
203 1377 409 1506 deportetis·
431 1431 500 1490 haec
522 1449 592 1491 vero
612 1433 760 1511 nondum,
782 1459 855 1516 quae
876 1438 912 1496 sit
931 1450 959 1496 et
978 1437 1086 1516 qualis,
1107 1445 1188 1516 patet
1208 1433 1308 1494 nobis.
1326 1441 1382 1486 certe
1423 1499 1424 1504 ἵ

175 1553 230 1590 nec
250 1531 378 1590 Socrates
399 1549 460 1588 eam
480 1529 513 1586 in
533 1529 642 1609 hymno
663 1536 766 1594 amoris
776 1582 785 1611 ,
815 1555 867 1594 nec
887 1534 919 1594 i'n
938 1532 1025 1593 senili
1044 1552 1173 1593 sermone
1194 1533 1296 1612 hospes
1312 1525 1381 1587 atte-

175 1629 286 1688 niensis
304 1629 421 1687 numine
441 1629 621 1689 memoravit.
651 1632 693 1691 Ut
712 1653 781 1694 vero
801 1653 866 1692 cum
884 1645 1009 1692 caeteras
1030 1633 1167 1708 virtutes,
1187 1645 1251 1689 tum
1265 1627 1381 1730 justitiapa

177 1740 376 1842 assequamur,
397 1720 560 1804 θυμοειδὲς
579 1726 684 1787 illud
676 1741 708 1788 ιιι
728 1732 825 1791 animo
843 1743 940 1790 nostro
959 1751 1019 1788 non
1039 1731 1154 1803 miuus,
1171 1749 1263 1808 quam
1280 1709 1380 1786 tovlc'-

172 1843 225 1904 γον
244 1845 277 1883 ac
297 1821 332 1884 τό
352 1821 570 1908 ἐπιθυμητικόν
589 1841 617 1887 et
636 1835 804 1908 cognoscere
824 1831 919 1909 ipsum
938 1837 966 1888 et
979 1827 1016 1888 ab
1031 1827 1077 1887 his
1094 1827 1262 1888 discernere
1276 1823 1380 1885 debueri

169 1933 245 1985 mus.
275 1926 362 1995 Mitto
381 1941 506 2004 caetera,
527 1927 577 2007 sed
583 1926 689 2006 ,qued
707 1926 853 2002 diximuS,
871 1929 1057 2006 conjunctam
1077 1926 1156 2006 apud
1173 1927 1320 1985 Platonem
1334 1940 1380 1980 cun

172 2025 274 2083 morali
294 2023 426 2084 doctrina
447 2026 596 2106 politicam
614 2046 689 2099 esse,
708 2026 741 2086 id
761 2027 798 2084 eit
817 2027 896 2084 omni
915 2025 968 2083 hac
987 2039 1083 2084 nostra
1102 2025 1252 2105 superiore
1269 2023 1381 2102 discepta-

168 2123 248 2180 tione
278 2120 357 2179 haud
387 2123 473 2182 facile
500 2123 629 2182 duxeris.
672 2121 747 2182 Sunt
773 2123 885 2182 scilicet
912 2125 1025 2203 poetica
1056 2123 1133 2197 fere,
1157 2143 1235 2199 quae
1263 2120 1377 2178 hactenus

170 2219 340 2292 attulimus,
357 2221 390 2277 in
407 2219 514 2298 quibus
533 2230 648 2279 exstant
667 2221 785 2280 fortasse
805 2239 921 2294 eorum,
945 2241 1017 2299 quae
1039 2220 1269 2298 investigamus,
1297 2212 1379 2296 princi·

173 2316 242 2396 pia,
271 2314 321 2374 sed
348 2315 457 2391 latent,
478 2331 572 2390 certe,
603 2331 635 2376 ut
663 2330 821 2398 appareant
848 2317 998 2391 dilucide,
1027 2315 1149 2375 aliunde
1170 2315 1289 2374 videtur
1307 2313 1380 2370 lunen

176 2411 378 2471 adhibendum
395 2433 463 2473 esse.
506 2414 715 2490 Quamobrem,
737 2437 806 2496 age,
827 2416 914 2474 aliam
933 2416 1131 2486 instituamus,
1154 2415 1296 2491 uniceque
1311 2407 1380 2490 philo·

174 2509 311 2588 sopham,
337 2510 395 2568 imo
425 2509 598 2570 Socraticam
622 2508 806 2590 disquirendi
826 2514 985 2587 rationem,
1015 2514 1040 2570 si
1061 2513 1136 2570 forte
1157 2512 1198 2570 sic
1221 2510 1330 2570 licuerit
1346 2525 1379 2562 ιο·

172 2607 218 2666 bis
239 2620 267 2666 et
283 2619 379 2686 partes
397 2609 488 2666 animi
507 2609 636 2687 singulas
656 2609 824 2689 singulatim
841 2611 1027 2690 conspicere,
1048 2623 1092 2682 et,
1111 2607 1182 2687 quid
1204 2611 1243 2667 sit
1261 2604 1291 2665 in
1309 2604 1381 2662 auimo

169 2705 304 2781 justitia,
323 2725 464 2784 quamque
485 2706 545 2766 vim
566 2706 604 2764 ad
622 2706 735 2766 beatam
755 2707 844 2766 vitam
862 2705 985 2782 habeat,
1005 2707 1115 2785 assequi
1136 2719 1165 2764 et
1183 2704 1344 2786 perspicere.

329 2899 633 2986 Thrasymachi
663 2904 707 2960 da
731 2909 920 2978 justitia
950 2921 995 2971 ac
1018 2903 1259 3014 felicitate

701 3003 882 3086 placita.
1023 3012 1028 3019 '
1308 2999 1313 3010 ”

211 3192 269 3252 Sed
289 3207 319 3252 ut
338 3192 588 3288 disquisitionem
580 3195 732 3256 instituere
743 3197 775 3254 in
781 3196 925 3274 justitiam
937 3195 1070 3273 vitaeque
1080 3193 1252 3254 felicitatem
1261 3205 1380 3272 peramat,

174 3294 253 3349 ecce!
276 3287 389 3348 denuo
395 3289 479 3348 nobis
496 3269 653 3350 uceuirunt
670 3292 812 3376 sophrstae
819 3292 861 3373 2)
869 3293 1039 3373 ‚quodque
1028 3312 1088 3368 lam
1106 3289 1220 3349 dudum
1231 3289 1380 3352 clamarunt,

174 3385 222 3444 hic
242 3399 394 3465 repetunt,
414 3387 531 3470 inanem
550 3409 609 3446 rem
627 3409 701 3463 esse,
721 3410 806 3467 quam
826 3391 1004 3470 quaerimus:
1025 3389 1163 3468 opinione
1181 3387 1326 3466 homiuum
1341 3382 1381 3438 ler-

126 3471 130 3478 ⁴
172 3484 196 3541 ri
223 3483 384 3560 justitium,
414 3503 473 3542 csse
499 3497 594 3560 autem
615 3486 691 3545 nihil
705 3507 827 3566 reapse,
856 3487 923 3560 rel,
950 3488 974 3544 si
994 3485 1066 3564 quid
1085 3487 1139 3558 sit,
1167 3477 1319 3562 ἀλλότριον
1337 3496 1380 3536 esst

170 3571 306 3658 dyaedv,
329 3573 444 3640 dmstav‘
458 3566 635 3668 βλάβην.’3).
677 3582 778 3642 Simile
799 3581 975 3663 quidnobis
995 3596 1056 3651 trun
1080 3584 1252 3662 obiecerunt
1270 3580 1380 3658 Gorgias,

172 3681 321 3758 Callicles,
341 3681 443 3754 Polus,
461 3703 550 3760 quum
573 3683 606 3740 in
627 3681 688 3742 veri
709 3681 893 3739 versabamur
907 3679 1125 3758 disquisitione.
1159 3681 1231 3741 Veri
1248 3701 1305 3740 esse
1323 3671 1379 3736 nihil

170 3779 361 3854 dictitabant,
376 3781 439 3838 nisi
456 3778 537 3858 'quod
554 3777 722 3851 videretur,
740 3777 828 3856 idque
839 3777 877 3837 ad
883 3779 1027 3856 justitiam
1041 3779 1204 3864 tollendam
1215 3774 1379 3837 adhibebant·

169 3876 227 3934 Sed
255 3875 358 3934 horum
382 3878 525 3951 omnium,
556 3877 588 3934 in
617 3876 719 3954 primis
739 3877 907 3954 Protagorae
928 3874 1136 3935 cavillationes
1147 3879 1288 3935 idearum
1305 3881 1378 3929 aucto·

171 3974 255 4031 ritate
286 3994 317 4031 ac
338 3975 458 4033 veritate
478 3973 644 4034 confutavit
664 3971 743 4052 apud
763 3974 912 4033 Platonem
929 3971 1068 4033 Socrates.
1111 3969 1315 4054 Thrasymachi
1331 3982 1381 4024 reto

171 4069 252 4128 istud
279 4071 476 4147 injustitiam
504 4071 633 4145 dictum,
676 4077 806 4146 irp'uutia
820 4063 889 4129 ¹reatina
907 4072 1064 4146 modone,
1079 4079 1180 4148 justia
1197 4093 1265 4131 vero
1284 4083 1380 4128 nocue.

204 4269 229 4332 i)
247 4268 365 4337 luitaia'p.
385 4267 443 4322 121.

201 4353 228 4417 21
248 4357 308 4406 Eud.
330 4372 355 4422 p.
376 4353 441 4419 121,
460 4355 529 4419 389,
548 4356 606 4408 111.

202 4439 228 4503 31
247 4441 284 4491 De
299 4442 359 4508 liep.
378 4437 396 4491 l.
415 4438 473 4492 343.
493 4440 522 4491 C.
540 4441 583 4491 lll.
602 4439 661 4492 392.
680 4441 710 4491 Β.
