2908 5114
677 247 736 310 ³73

54 435 56 440 .
90 439 92 444 ,
127 408 201 468 Nam
221 405 527 468 hominesnobislioet
545 408 583 468 ad
600 407 731 468 idearum
752 410 876 491 speciem
893 409 1035 491 periectos
1054 411 1329 497 lingeruperl'eoa

83 505 125 565 tio
144 506 260 566 scilicet
278 506 351 581 illa,
371 527 443 585 quae
462 505 574 585 ingenii
603 507 752 586 animique
782 506 865 566 cultu
884 509 1033 585 cernitur,
1053 511 1189 571 omnihus
1209 511 1280 573 locis
1299 528 1329 576 et

83 603 264 690 temporibus
280 604 522 668 convenit-sed
538 625 602 678 res,
619 604 670 664 sed
689 605 784 685 leges,
795 604 846 664 sed
857 606 1010 668 civitatum
1029 609 1154 684 formae,
1176 609 1227 670 sed
1245 611 1324 692 ipsae

81 695 220 760 civitates
241 721 300 762 non
319 701 454 762 omnibus
474 702 546 788 locis
564 695 800 782 temporibusque
830 702 965 779 eaedem,
984 705 1036 765 sed
1052 706 1118 767 aliis
1137 706 1212 768 aliae
1231 710 1328 768 maxi·

82 818 187 876 meque
208 799 339 858 diversae
360 801 551 861 conveniunt.
597 801 678 874 Quae
695 799 925 860 Atheniensibus
941 815 1023 862 erant
1043 819 1143 886 aptae,
1164 825 1225 864 non
1244 805 1328 866 adhi-

80 895 197 955 bendae
208 896 369 956 Corinthiis
379 943 388 972 ,
399 897 643 972 Lacedaemoniis,
655 897 803 982 Thebanis
814 921 822 974 5
841 919 914 976 quae
935 897 1111 961 Graecorum
1126 904 1326 984 congruebant
1369 952 1373 960 ,

81 993 180 1053 indoli
190 1039 199 1067 ,
211 1016 270 1054 non
282 996 437 1069 Romanis,
456 1017 515 1054 non
527 995 709 1054 Germanicis
726 996 863 1074 gentibus
883 995 1069 1056 adhibendae
1088 1000 1327 1081 adaptandaeque

80 1103 175 1150 erant.
194 1092 397 1167 Quamobrem,
415 1107 447 1152 ut
458 1093 593 1167 hominis,
604 1094 643 1153 ita
655 1093 834 1173 reipublicae
843 1087 1032 1172 παράδειγμα
1046 1098 1206 1178 perfectum
1218 1099 1264 1160 rel
1275 1100 1327 1158 iu-

81 1189 166 1265 genio
184 1190 337 1270 concipere
354 1191 402 1250 vel
417 1191 572 1250 scribendo
590 1192 772 1270 exprimere,
790 1195 882 1270 majus
901 1197 1047 1274 negotium
1067 1208 1131 1269 est,
1142 1216 1228 1274 quam
1245 1195 1326 1274 qued

80 1283 166 1344 homo
195 1287 336 1366 perficiat.
378 1289 506 1348 Eatenus
524 1289 643 1348 fortasse
669 1289 702 1347 in
719 1309 752 1347 eo
781 1292 922 1352 tentando
951 1306 1028 1351 reete
1045 1293 1151 1370 aliquis
1171 1291 1326 1373 procedat,

81 1396 130 1456 ut,
149 1403 227 1462 quac
246 1384 382 1444 omnibus
399 1387 520 1446 omnino
530 1385 699 1446 civitatibus
715 1407 775 1445 esse
792 1389 909 1469 propria
929 1388 1056 1466 debent,
1087 1411 1117 1450 v.
1138 1411 1164 1450 c.
1185 1389 1257 1450 boni
1275 1392 1322 1468 ju·

77 1479 171 1558 stique
182 1479 279 1542 studia
290 1483 383 1560 iisque
391 1482 529 1566 adaptata
539 1503 694 1564 puerorum
706 1485 852 1544 institutio
869 1507 902 1546 ac
914 1487 975 1546 vita
984 1487 1114 1562 civium,
1135 1485 1206 1546 haec
1228 1488 1319 1566 igitur·

80 1575 209 1636 indicet:
233 1593 261 1640 et
281 1601 349 1640 sane
377 1581 512 1660 pervenit
543 1593 661 1640 eatenus
682 1581 773 1642 Plato.
796 1581 873 1656 Sed,
903 1583 982 1660 quod
1012 1583 1090 1644 idem
1118 1585 1261 1658 tentarit,
1283 1597 1316 1646 ut

79 1674 228 1734 civitatem
249 1677 367 1755 ingenio
389 1677 475 1736 ntem
497 1677 637 1757 lingeret,
658 1677 774 1756 qualem
794 1699 893 1738 omnes
924 1681 1031 1742 imitari
1053 1681 1187 1742 civitates
1207 1679 1322 1740 deceret

81 1773 164 1830 unice
175 1819 185 1847 ,
206 1772 240 1833 id
261 1794 314 1833 nec
335 1775 459 1854 perfecit
480 1795 534 1833 nec
555 1773 668 1835 homini
690 1775 901 1855 perficiendum
924 1778 1000 1838 Deus
1022 1779 1173 1838 concessit.
1204 1777 1323 1840 Accidit

80 1882 174 1928 autem
196 1870 254 1945 ita,
277 1861 309 1930 ut
339 1873 460 1952 poeticis
490 1870 600 1933 fabulis
621 1871 706 1930 multi
737 1872 947 1952 rempublicam
968 1875 1050 1934 illam
1071 1875 1200 1936 Platonis
1220 1893 1323 1934 accen·

80 1967 331 2047 serent,indeque
339 1967 509 2046 conjectum
529 1966 634 2042 ducti,
656 1980 744 2028 totam
764 1968 894 2028 Platonis
915 1971 952 2028 de‘
974 1971 1049 2030 ideis
1069 1969 1232 2030 doctrinam
1253 1966 1323 2028 con·

80 2077 242 2123 temnerent
262 2085 387 2145 prorsus.
419 2064 510 2124 Nobis
531 2085 619 2138 vero,
651 2066 778 2138 sirecte
808 2066 994 2146 interpretari
1025 2067 1189 2126 doctrinam
1218 2066 1320 2141 illam,

80 2161 148 2220 inde
169 2175 267 2222 autem
289 2163 327 2224 ad
349 2184 433 2223 usum
453 2163 510 2242 ipsi
542 2175 672 2222 nostrum
693 2161 833 2242 proficere
865 2163 1007 2238 velimus,
1028 2184 1045 2221 a
1065 2161 1183 2242 placitis
1202 2163 1321 2242 quibus·

79 2258 143 2318 dam
164 2281 198 2318 ac
221 2260 374 2319 conatibus
395 2258 564 2341 philosophi
586 2259 649 2338 ipsa
670 2261 732 2338 ejus
752 2258 938 2340 philosophia
960 2258 1117 2340 diligenter
1137 2259 1319 2339 distinguen-

80 2355 114 2414 da
133 2371 191 2416 est:
215 2355 308 2436 quod,
329 2379 399 2438 age,
421 2359 454 2416 in
475 2356 534 2415 line
565 2357 653 2434 hujus
678 2355 716 2415 dc
746 2355 821 2415 ideis
851 2354 1067 2433 disquisitionis
1094 2355 1203 2417 illustri
1225 2377 1320 2418 exem·

78 2453 125 2532 plo
144 2453 337 2516 declaremus.

104 2644 204 2708 Deus
226 2651 365 2708 homini
385 2657 459 2723 ert,
479 2649 678 2708 secundnm
699 2647 926 2704 Platonicae
943 2646 1060 2722 liujus
1081 2650 1282 2708 doctrinae

264 2753 462 2820 rationem,
483 2753 606 2822 ipsius
627 2739 815 2804 veritatis
843 2734 1126 2823 παράδειγμα.

87 2997 89 3002 .
117 2943 271 3022 Aggressus
291 2917 445 3000 scribendo
475 2941 556 3000 Plato
577 2952 637 3014 est,
668 2959 741 3017 quae
771 2937 902 2998 hominis
932 2939 1100 3002 facultatem
1120 2942 1316 3022 superabant:

81 3059 133 3116 qua
150 3041 183 3098 in
196 3059 231 3096 re
249 3037 346 3112 idem,
375 3038 455 3118 quod
474 3051 539 3120 post
569 3057 635 3096 eum
664 3035 851 3110 Aristoteles,
880 3037 946 3114 egit.
969 3037 1078 3096 Verum
1096 3038 1263 3098 Aristoteles
1283 3059 1317 3099 eo

81 3135 277 3217 philosophiae
298 3136 360 3216 ipse
380 3157 447 3196 suae
478 3137 590 3196 ratione
621 3133 801 3208 ducebatur-3
835 3132 965 3193 Platonis
994 3149 1089 3194 autem
1109 3135 1320 3218 philosophia,

81 3234 182 3316 quippe
205 3253 278 3312 quae
307 3255 368 3294 non
389 3235 551 3314 sapientia,
581 3245 612 3292 ut
633 3230 734 3308 illius,
759 3234 813 3294 sed
842 3228 1003 3314 φιλοσοφία
1023 3233 1043 3294 i.
1065 3255 1091 3293 e.
1112 3236 1249 3293 studium
1268 3255 1313 3293 aa·

78 3339 210 3405 pientiae
221 3345 279 3406 est,
301 3327 434 3410 quamuis
455 3317 609 3405 sublimis,
632 3333 844 3412 accommodata
866 3347 963 3394 tamen
984 3333 1083 3414 captui
1105 3345 1202 3391 nostro
1223 3344 1314 3390 estet

82 3428 265 3490 facultatibus
286 3428 432 3490 humanis·
453 3429 518 3510 Ipsa
539 3428 610 3488 haec
632 3428 764 3490 idearum
785 3428 937 3505 doctrina,
965 3432 989 3490 si
1010 3445 1087 3490 reete
1108 3450 1125 3488 a
1145 3429 1314 3488 commentis

82 3526 241 3606 philosophi
272 3525 467 3602 discernitur,
496 3539 610 3586 tantum
637 3527 737 3602 abest,
768 3541 800 3586 ut
828 3549 904 3588 vana
935 3541 963 3586 et
992 3529 1093 3587 inania
1113 3527 1259 3606 proferat,
1282 3539 1315 3585 ut

82 3638 175 3702 contra
195 3645 247 3684 nos
263 3624 296 3684 in
316 3626 464 3685 nullarum
484 3646 545 3685 non
563 3645 674 3699 rerum,
695 3625 729 3683 in
759 3623 930 3686 divinarum
948 3625 1039 3697 adeo,
1068 3625 1102 3682 in
1121 3622 1212 3702 ipsius
1232 3620 1310 3680 divi·

83 3743 131 3780 nae
149 3736 269 3788 naturae
288 3722 542 3802 disquisitionibus
561 3721 598 3782 ad
621 3722 771 3782 veritatem
800 3722 936 3782 adducat.
979 3722 1052 3780 Nam
1071 3718 1163 3798 ipsius
1182 3718 1313 3779 veritatis

84 3818 111 3878 in
121 3841 152 3880 ea
168 3812 269 3898 τύποι,
294 3834 326 3878 ut
345 3821 498 3900 aliquoties
518 3821 701 3895 monuimus,
721 3819 805 3879 ideae
830 3835 908 3880 sunt.
949 3817 1061 3878 Jubens
1081 3837 1133 3876 nos
1152 3815 1241 3895 igitur
1260 3815 1315 3874 illa

84 3916 156 3980 ideas
177 3922 261 3982 unice
290 3922 323 3980 in
353 3917 475 4002 agendo,
495 3916 680 3996 vivendoque
712 3919 841 3993 intueri,
869 3917 976 3975 referre
1004 3935 1057 3974 nos
1078 3913 1197 3987 eadem,
1217 3913 1316 3972 factis·

83 4035 132 4092 que
150 4031 177 4078 et
194 4019 324 4079 moribus
342 4016 483 4099 prodere,
502 4017 663 4076 ueritatem
679 4014 774 4096 jubet.
796 4017 874 4076 Deus
894 4014 927 4074 in
947 4033 980 4070 ea
1006 4011 1128 4092 fingitur
1147 4008 1186 4070 ad
1203 4003 1314 4084 τύπους

85 4111 145 4173 illos
164 4117 293 4176 veritatis
312 4136 406 4175 rerum
426 4114 645 4174 universitatem
665 4112 793 4192 fingens:
816 4111 894 4191 quod
915 4123 1054 4190 reputans
1073 4111 1138 4188 quis
1158 4124 1217 4185 est,
1238 4113 1310 4190 quin

85 4219 218 4272 cantatis
237 4212 365 4274 studium
393 4213 425 4270 in
446 4212 506 4271 Deo
525 4231 592 4269 cum
612 4223 745 4289 agnoscat
774 4209 918 4286 maxime,
939 4221 1001 4266 tum
1019 4207 1057 4268 ad
1077 4210 1168 4290 ipsam
1187 4209 1241 4268 Dei
1259 4229 1311 4270 na·

86 4318 172 4368 turam
192 4312 321 4371 referat?
344 4309 403 4386 Sed
419 4309 473 4368 hoc
494 4307 760 4369 animadvertamus
785 4307 975 4388 potissimum.
1018 4307 1060 4369 De
1088 4307 1148 4365 Deo
1167 4305 1309 4383 rebusque

88 4401 191 4468 divinis
211 4431 270 4470 non
301 4409 369 4468 licet
392 4405 505 4468 mortali
526 4404 638 4464 homini
658 4406 716 4464 nisi
743 4425 795 4485 per·
825 4404 1007 4485 metaphoras
1026 4416 1054 4462 et
1073 4403 1211 4480 imagines
1229 4401 1309 4479 loqui
