2838 5120
625 283 685 348 att

59 449 98 508 hic
116 447 163 508 illa
189 443 416 526 argumentando
446 466 507 506 non
535 448 683 527 potitisset.
736 448 826 526 Cujus
854 447 896 506 rei
920 446 1128 510 documentum
1157 449 1272 529 insigne

57 559 108 620 est,
123 544 270 624 quodiam
290 543 444 622 aliquoties
468 546 707 622 memoravimus,
728 543 864 608 Euclidis
892 565 964 627 opus
975 589 984 620 ‚
1013 545 1181 625 syntheseos
1210 566 1274 610 me-

57 643 210 706 themtticee
228 655 448 704 monumentum
463 642 638 706 immortale.
663 642 693 724 l)
731 644 812 719 Quae
838 644 870 707 in
895 663 929 704 eo
948 643 987 707 ad
1014 642 1275 706 demonstrandum

56 741 216 820 problemata
234 753 457 822 proponuntur,
477 739 564 803 baud·
577 743 739 822 potuissent
763 743 908 824 proponi,
929 742 987 804 nisi
1007 742 1128 802 inventa
1146 763 1279 822 praeces·

54 839 146 900 sissent
170 861 236 900 cum
261 839 403 913 aliorum,
425 851 486 896 tum
512 839 546 900 in
577 841 679 921 primis
708 841 970 922 Pythagoreorum
1003 839 1041 900 ab
1068 839 1273 901 inventoribus

54 935 115 996 adeo
140 937 282 998 nonnulla
308 955 405 998 eorum
435 957 542 996 nomen
570 937 699 1014 babent,
730 937 878 1020 problema
908 959 937 998 v.
959 958 984 997 c.
1007 936 1045 998 de
1071 937 1218 1016 quadratis
1246 951 1276 999 et

54 1034 240 1114 hypotenusa,
252 1033 339 1143 qpod
358 1017 569 1114 Pythagoreum
587 1036 762 1117 appellatur.
792 1034 850 1094 Sed
868 1033 1037 1094 Aristoteles
1056 1033 1275 1099 Platoni'aliis-

52 1153 100 1210 que
114 1129 234 1192 inventa
254 1127 323 1194 ='uon
347 1131 444 1196 solum
469 1131 595 1210 debuit,
614 1153 708 1214 quae,
728 1132 970 1213 quemadmodum
987 1145 1085 1194 essent
1105 1129 1255 1214 probanda
1265 1176 1274 1206 ,

53 1230 248 1290 demonstraret
257 1243 275 1305 ‚¹
287 1251 388 1292 verum
409 1231 578 1312 amagisno
604 1252 656 1292 suo
678 1231 860 1312 dialecticam
877 1231 948 1293 item
966 1229 1079 1312 accepit
1099 1227 1274 1291 inveniendi

53 1328 199 1404 rationem,
211 1315 291 1388 unde
309 1329 369 1410 ipse
387 1327 534 1410 probandi
552 1313 832 1409 demonstrandique
848 1327 1017 1391 methodum
1036 1321 1171 1391 efficeret.
1202 1328 1274 1388 Rem
1294 1381 1296 1386 ,

53 1426 173 1508 exemplo
191 1447 228 1485 ex
248 1429 310 1506 ejus
328 1427 444 1508 scriptis
455 1441 548 1491 sumto
564 1426 754 1490 illustremus.
776 1428 924 1488 Eximinm
945 1425 1030 1488 nobis
1044 1424 1209 1486 Aristotelis
1229 1447 1276 1484 su·

54 1539 137 1603 petest
147 1527 181 1584 dr
191 1535 261 1584 arte
269 1527 425 1588 rhetorica
435 1545 524 1607 opus,
536 1526 569 1586 in
578 1547 636 1606 quo
645 1527 904 1608 argumentationis
914 1538 1063 1586 accuratae
1078 1536 1163 1602 atque
1173 1521 1277 1584 ordine

54 1621 210 1684 definiendo
228 1619 491 1704 distribuendoque
516 1624 703 1705 procedentis
723 1647 824 1689 norma
845 1638 946 1686 exstat.
994 1623 1121 1684 Primum
1138 1639 1217 1695 rem,
1237 1618 1275 1682 dc

54 1742 100 1798 qua
118 1736 233 1784 acturus
254 1736 315 1798 est,
336 1722 451 1784 definit.
472 1720 517 1782 Sit
534 1721 622 1783 nobis
638 1723 782 1786 rhetorice
792 1725 939 1800 facultas
957 1729 990 1780 in
1021 1741 1138 1802 quoque
1156 1738 1190 1777 re
1204 1739 1274 1798 pet·-

54 1802 188 1895 adimendi
203 1814 240 1881 tri
261 1815 457 1902 ἐνδεχόμενον
477 1811 620 1893 πιθανόν,
649 1823 700 1900 td,
722 1824 799 1902 quod
817 1823 857 1882 ud
871 1821 1118 1906 permodeadprn
1136 1819 1276 1878 idoneum

54 1927 98 1978 ert.
136 1918 303 1984 Secundum
319 1945 407 2003 quam
425 1921 627 1986 definitionem
649 1914 806 2001 distinguit
824 1919 1008 1980 dialecticam
1027 1916 1151 1999 abialiis
1171 1914 1278 1976 doctri·

55 2016 100 2076 nis.
139 2018 240 2080 Veluti
265 2042 311 2082 ers
337 2023 451 2084 medica
475 2018 544 2104 περὶ
567 2012 691 2101 hyesme
716 2018 767 2083 καὶ
795 2011 915 2099 receptis
949 2031 1006 2078 est:
1030 2016 1186 2096 geometria
1208 2011 1277 2096 tropi

55 2109 84 2174 td
97 2111 302 2200 συμβεβηκότα
317 2114 406 2204 πάθη
423 2126 485 2198 τοῖς
499 2117 654 2204 μεγέθεσι·
677 2122 858 2185 arithmetica
884 2116 953 2202 napi
969 2107 1119 2200 α’ριθμόι·
1142 2115 1182 2177 ita
1210 2115 1275 2176 rhe-

55 2217 132 2278 urica
151 2217 218 2301 περὶ
237 2222 293 2284 rori
314 2218 473 2301 δόθὲιτος,
495 2219 536 2300 nic
556 2225 658 2304 εἰπεῖν,
680 2222 763 2285 δοκεῖ
782 2214 933 2289 δύνασθαι
952 2219 1081 2302 θεωρεῖν
1102 2209 1142 2276 τό
1164 2217 1275 2277 πιθα-

55 2307 115 2377 vir.
155 2322 209 2382 His
234 2325 355 2404 positis,
381 2325 523 2397 discernit
548 2330 690 2392 continuo
712 2319 766 2399 erig
787 2321 910 2400 πίστεις·
931 2338 999 2398 sunt
1018 2317 1067 2383 rel
1086 2309 1205 2395 ἄτεχνοι
1227 2316 1275 2380 vel

54 2411 180 2500 ἔντεχνον
205 2421 295 2498 illae,
316 2443 389 2503 quae
410 2446 470 2488 non
488 2428 574 2488 nobis
590 2428 758 2490 auctoribus
782 2429 946 2501 exsistunt,
967 2421 1018 2485 sed
1044 2433 1113 2483 ente
1131 2419 1273 2490 fuerunt,

57 2535 82 2580 ut
104 2535 203 2597 testes,
234 2523 431 2600 quaestiones,
459 2526 658 2608 syngraphae:
682 2521 812 2608 ἔιεεχιοι
835 2535 989 2588 remeunt
1009 2514 1122 2592 πίστεις,
1140 2515 1201 2578 τῶν
1223 2507 1274 2575 om

56 2615 205 2703 τοῦλόγου
222 2615 435 2703 ποριζομένων.
457 2624 569 2686 Hirtam
587 2628 642 2690 tria
661 2645 730 2689 sunt
749 2651 872 2710 genera:
894 2625 945 2690 tel
963 2626 996 2685 in
1016 2619 1146 2683 mor-ibus
1165 2618 1274 2697 positae

60 2737 114 2782 tunt
136 2724 282 2797 moeniis,
313 2723 362 2784 vel
391 2723 511 2796 valent,
543 2737 575 2783 ut
600 2726 752 2788 audientes
781 2727 879 2806 aliquo
902 2722 988 2786 modo
1007 2717 1193 2788 afficiatur,
1225 2714 1274 2774 rel

61 2821 169 2884 sunt-'tv
202 2819 286 2906 αὐτῷ
322 2819 368 2906 τῷ
403 2814 504 2906 λόγῳ,
540 2817 593 2884 dmi
620 2825 677 2887 tori
707 2820 849 2888 δεικνύναι
876 2817 899 2906 ἢ
930 2816 1091 2903 φαιῆιεσθειι
1123 2807 1275 2878 δεικνύναι.

60 2916 124 2992 Quae
139 2939 234 2991 nutem
255 2921 288 2983 ἐν
314 2918 397 3010 αὐτῷ
421 2924 468 3010 τῷ
487 2918 568 3010 λόγῳ
588 2941 674 3004 sunt,
695 2927 844 3010 duplicem
862 2925 971 2986 habent
989 2920 1133 3003 speciem:
1155 2913 1275 2996 danym-
1372 2953 1377 2968 t

58 3011 103 3097 trit
125 3026 183 3086 sive
212 3027 397 3109 exemplum,
430 3030 450 3088 i⁴
476 3049 507 3088 o.
537 3027 739 3088 inductionem
768 3027 940 3100 oratoriam,
975 3017 1024 3084 iel
1046 3011 1275 3100 induerimu-

58 3117 87 3178 Et
103 3124 140 3182 sic
158 3123 275 3204 quidem
293 3146 325 3185 eo
345 3125 477 3208 procedit
498 3139 600 3207 sponte
622 3139 739 3203 rumor,
762 3141 794 3188 ut
812 3147 878 3186 cum
892 3145 907 3183 a
921 3121 1075 3182 dialectica
1100 3120 1274 3183 rhetoricam

57 3211 219 3303 distinguat}
248 3238 280 3283 ut
302 3224 382 3284 euim
412 3223 466 3283 illo
492 3225 696 3304 syllogismos,
728 3226 769 3285 ita
795 3226 865 3284 haec
886 3223 1109 3300 enthymemata
1127 3218 1167 3279 ad
1186 3217 1274 3278 fidem

56 3315 205 3382 faciendum
233 3317 373 3381 adhibet:
403 3336 464 3381 turn
492 3321 532 3382 ad
559 3325 899 3403 entbyrnrmotn,·qnae
920 3320 1009 3399 σῶμα
1028 3317 1083 3399 τῆς
1098 3314 1228 3390 πίστεως
1243 3315 1276 3398 2)

56 3417 187 3497 appellat,
209 3420 369 3500 perveniat

75 3516 264 3578 'Rhetorinam
285 3517 392 3599 igitur,
414 3532 447 3578 ut
474 3520 542 3579 satis
565 3539 587 3578 a
612 3535 734 3600 cognata
755 3520 913 3602 disciplina
941 3519 1098 3593 dismuit,
1127 3517 1167 3577 ita
1194 3535 1273 3575 nuno

56 3627 128 3687 porro
155 3615 187 3674 in
216 3615 272 3674 tria
299 3637 404 3696 genera
433 3617 565 3693 dividit,
593 3619 629 3677 in
648 3617 756 3698 quibus
772 3619 933 3680 tractandis
951 3617 1062 3701 pariter
1079 3609 1115 3676 td
1140 3606 1274 3700 ardonis

56 3724 202 3786 spectatur:
229 3729 298 3774 sunt
325 3715 378 3776 illa
405 3715 567 3778 seeundum
584 3717 664 3778 varia
683 3717 867 3780 audientium
882 3737 987 3799 genera
998 3759 1006 3791 ,
1028 3709 1272 3797 συμβουλευταῆ,

57 3804 172 3893 δικανική
184 3857 192 3889 ,
219 3807 413 3896 ἐπιδεικτική·
433 3835 521 3891 nam,
543 3829 575 3874 nt
596 3836 631 3874 ex
651 3816 747 3876 tribus
767 3833 877 3878 constat
892 3820 1004 3890 matio,
1027 3813 1060 3880 ἔκ
1087 3839 1118 3880 τε
1143 3816 1199 3880 τοῦ
1223 3811 1273 3879 λέ-

37 3927 161 3988 ,γοντυς,
183 3913 232 3976 καὶ
248 3915 317 3999 περὶ
336 3907 373 3978 οὗ
395 3912 483 3999 λέγει,
508 3912 557 3974 stoi
574 3908 652 3997 πρός
672 3909 721 3989 ὃν,
742 3915 782 3976 ita
802 3920 947 3978 miscunt
965 3919 1050 3980 etiam
1068 3921 1273 3995 audientium,

58 4009 89 4068 td
115 4035 183 4091 quos
212 4017 339 4096 dicitur,
369 4037 491 4101 genera:
521 4011 660 4100 depuerit
686 4031 718 4076 et-
744 4010 912 4099 ἆθεωρός·
931 4016 1028 4099 κριταὶ
1056 4039 1126 4083 vero
1146 4019 1274 4100 duplicis

58 4123 116 4168 sunt
141 4117 259 4194 speciei:
290 4118 338 4180 vel
365 4117 402 4177 de
432 4119 555 4196 futuris,
585 4120 633 4182 rel
661 4119 698 4178 de
727 4120 889 4200 praeteritis
913 4117 1069 4198 judicant:
1099 4118 1147 4178 illi
1172 4110 1274 4195 bethp-

58 4243 292 4268 x*uu—uuun-

88 4299 109 4363 ¹)
127 4305 280 4380 Quamquam
297 4312 380 4375 idem,
404 4316 426 4364 si
449 4322 522 4366 recte
545 4313 578 4364 ud
601 4311 746 4364 docendum
765 4311 918 4376 adhibetur,
932 4311 1082 4364 inveniendi
1099 4313 1159 4362 item
1175 4311 1273 4361 iustru-

60 4397 158 4442 uentura
181 4399 303 4448 eontinet.
327 4396 373 4450 ΟΕ.
396 4399 472 4452 lnt'tt'o
494 4399 509 4450 l.
532 4399 547 4449 Ι.

89 4470 111 4534 ²>
128 4476 222 4531 etum.
245 4483 265 4530 1.
286 4481 307 4533 t.

1033 4567 1085 4625 18*
1172 4545 1176 4556 '
