2886 5118
655 265 714 324 tes

73 420 128 488 κόν
148 423 224 488 ἐστι·
248 427 299 486 red
315 427 389 504 quid
407 435 539 502 utroque
558 422 692 508 qffier‘ene
707 435 741 486 ευ
764 432 1318 508 utroque,ipruperreee‚etoeloteet
1352 446 1366 470 ²

73 532 146 588 deos
165 530 372 604 hominesque,
394 532 456 584 sive
476 547 533 583 non
556 525 670 601 lateat,
691 527 793 586 altero
811 529 1044 602 bouum,oltero
1064 529 1180 588 malum
1201 529 1316 612 siaul)

118 627 278 704 Utriusque
307 622 500 682 adolescentis
529 622 566 682 de
591 626 706 704 justitia
734 645 911 699 sermonem,
939 626 1040 706 paucis
1058 627 1205 708 exceptis,
1226 641 1317 688 totum

73 726 209 806 apposui.
252 723 325 781 Nam
346 721 387 778 ita
405 719 565 796 dixerunt,
587 743 631 781 me
649 722 787 800 hercule,
809 737 841 783 ut
861 723 1011 800 dubitem,
1035 746 1103 784 num
1124 747 1251 806 unquam
1267 747 1318 786 ex·
1358 795 1361 801 ,

73 824 185 883 stiterit
212 835 327 894 orator,
357 818 408 897 qui
436 818 491 878 hoc
522 817 559 878 de
589 835 756 901 argumento
785 822 940 897 disertius,
971 824 1151 899 accuratius,
1173 825 1317 906 copiosius

72 921 198 980 dixerit.
241 920 305 992 Quo
333 915 486 989 accidisse,
500 917 638 996 videtur,
670 933 703 979 ut
731 919 812 980 locus
840 921 890 980 bic
920 919 957 979 de
983 921 1099 1000 justitia
1124 934 1153 980 et
1172 922 1317 1000 injustitia

72 1039 229 1078 commune
248 1016 387 1094 deinceps
405 1011 486 1072 fieret
508 1017 672 1080 oratoribus
691 1039 724 1076 ac
743 1018 928 1101 pbilosophis
950 1033 1150 1099 argumentum
1161 1065 1169 1094 ,
1198 1021 1231 1080 in
1260 1041 1318 1100 quo

1 1137 2 1141 ’
70 1116 230 1176 tractando
250 1111 466 1172 aemularentur
484 1131 580 1172 serum
600 1115 736 1176 invicem.
779 1114 866 1190 Quod
886 1137 952 1175 cum
983 1116 1125 1193 aliorum,
1156 1131 1218 1176 tum
1245 1121 1318 1178 Gar-

71 1215 180 1275 ueadis
209 1233 242 1272 ac
272 1209 421 1272 Ciceronis
448 1211 581 1291 exemplo
609 1213 759 1294 probatur.
801 1213 859 1274 Sed
890 1227 959 1273 sunt
977 1215 1010 1273 in
1033 1228 1154 1294 utraque
1170 1217 1317 1292 oratione,

69 1333 148 1392 quae
170 1310 254 1372 nobis
271 1307 444 1388 diligentius
471 1309 650 1370 attendenda
671 1310 906 1392 explicandaque
925 1311 1092 1372 videantur.
1135 1315 1207 1372 Nam
1225 1315 1317 1374 intel-

71 1411 196 1491 ligimus
217 1407 306 1481 inde,
328 1417 506 1485 quantopere
525 1406 579 1466 hee
598 1407 636 1468 de
652 1411 769 1488 justitia
793 1411 948 1491 opiniones
975 1395 1054 1492 apud
1083 1411 1208 1472 Graecos
1234 1413 1317 1473 inva-

69 1509 186 1570 luerint
201 1507 328 1588 passim:
349 1496 470 1583 daupei,
491 1504 533 1564 ait
550 1505 662 1566 Glauco
673 1554 682 1583 ,
713 1502 1006 1590 dturedqultqpsboe
1033 1502 1071 1569 roi
1093 1499 1171 1583 ὦτα,
1201 1503 1317 1571 ἀκούων

71 1598 286 1688 Θρασυμάχου
307 1601 356 1664 καὶ
383 1599 502 1685 μυρίων
524 1595 638 1664 uiltoru-
650 1605 682 1687 2)
703 1611 778 1670 Tum
797 1611 850 1671 hoc
871 1610 941 1671 inde
962 1609 1094 1670 ducimus
1112 1610 1199 1682 simul
1209 1633 1315 1692 ,quam

69 1730 177 1790 parum
197 1706 292 1766 adhue
307 1706 438 1794 justitiae
469 1725 567 1765 caussa
584 1705 719 1766 ¹Socratis
746 1721 838 1768 aetate
868 1707 1019 1768 vindicata
1049 1710 1148 1772 fucrit.
1190 1708 1332 1790 Subjicit,

68 1809 117 1866 bis
138 1804 271 1866 Glauco:
291 1795 343 1863 τ6υ
363 1799 399 1864 δὲ
425 1795 501 1884 ὑπὲρ
527 1802 586 1884 τῆς
613 1800 801 1888 δικαιοσύνης
830 1799 931 1886 λόγον,
964 1799 1008 1880 ὦς
1036 1799 1155 1886 ἄμεινον
1185 1801 1316 1882 ἀδικίας,

68 1897 197 1977 υιῖδινός
219 1925 267 1964 πω
288 1898 401 1985 ἀκήκοα
423 1892 639 1984 melicitanae.
661 1907 836 1968 Adimantus
855 1921 950 1966 autern
970 1909 1009 1968 sic
1031 1909 1150 1983 statuit,
1166 1911 1316 1985 omnium,

69 2007 122 2086 qui
143 2006 241 2066 adhuc
261 2007 460 2088 scripserunt,
482 2007 627 2066 neminem
648 2027 775 2085 unquam
805 1995 890 2064 aliter
916 2027 981 2078 cum
1012 2005 1144 2066 laudasse
1170 2009 1314 2085 justitiam

69 2121 132 2164 turn
156 2105 328 2182 injustitiam
346 2106 544 2186 vituperasse,
560 2103 809 2188 quamgloriam,
831 2105 953 2163 honores
972 2117 1057 2182 atque
1077 2125 1218 2180 munera,
1232 2126 1312 2185 quae

69 2203 109 2262 ab
131 2202 195 2262 illis
215 2201 458 2282 proficiscuntur,
480 2205 699 2284 respicientem:
726 2201 823 2282 ipsum
843 2223 912 2262 vero
933 2215 1086 2282 utrumque
1105 2215 1205 2283 suapte
1225 2218 1314 2264 natu-

71 2323 104 2360 ra
125 2299 201 2379 quid
220 2312 284 2380 agat
304 2301 336 2360 in
357 2300 494 2360 habentis
514 2302 611 2362 animo
630 2299 724 2360 latens
743 2299 812 2359 deos
832 2313 860 2359 et
880 2299 1012 2360 homines
1023 2346 1031 2375 ,
1054 2300 1170 2359 nullum
1182 2322 1312 2381 unquam

69 2399 118 2458 vel
149 2399 289 2478 poimatis
302 2399 367 2459 arel
395 2398 454 2460 alio
476 2419 605 2458 sermone
623 2399 692 2458 satis
713 2399 910 2474 enar-ravisse,
932 2414 965 2459 ut
984 2407 1115 2480 pateret,
1136 2400 1312 2477 injustitiam

69 2497 231 2556 maximum
253 2517 312 2557 esse
331 2497 471 2557 malorum
488 2497 640 2580 omnium,
652 2509 837 2576 quotcunque
858 2497 890 2555 in
910 2517 939 2556 se
959 2497 1080 2557 baberet
1096 2499 1227 2572 animus,
1245 2500 1312 2576 jus-

68 2596 166 2654 titiam
187 2614 255 2654 vero
268 2597 435 2654 maximum
459 2595 578 2654 bonum.
601 2593 633 2675 3)
669 2593 727 2654 Sed
747 2594 825 2655 illud
843 2595 874 2652 in
895 2595 997 2676 primis
1015 2594 1100 2654 nobis
1118 2595 1150 2653 in
1170 2595 1310 2656 Adiman-

67 2695 91 2751 ti
122 2713 254 2751 sermone
280 2693 574 2753 animadvertendum
604 2707 664 2768 est,
693 2691 773 2776 quod
802 2690 839 2750 de
861 2691 1037 2750 vindicibus·
1058 2691 1136 2750 dixit
1157 2693 1309 2770 justitiae,

68 2790 120 2850 lros
142 2791 219 2870 ipsos
240 2790 266 2848 ei
286 2812 370 2869 quam
392 2791 519 2850 maxime
537 2790 596 2850 fere
617 2811 740 2863 nocere,
761 2810 851 2867 quum
870 2788 1020 2848 felicitatis
1043 2790 1194 2868 cujusdam
1213 2804 1309 2872 spect
1352 2831 1366 2856 .

68 2888 210 2968 opinione
229 2888 425 2948 traducendos
444 2887 481 2946 ad
501 2907 563 2946 eam
584 2887 717 2948 homines
741 2907 800 2945 esse
821 2887 934 2946 dicunt.
976 2886 1098 2947 Illorum
1128 2911 1188 2948 non
1219 2909 1309 2956 unum

68 2998 217 3059 recenset,
240 2999 271 3044 ut
292 2985 440 3061 vidimus,
461 3007 561 3066 genus.
593 2985 711 3059 «Sunt,
733 2985 795 3062 ait,
813 2986 864 3063 qui
886 2985 996 3059 famae,
1017 2985 1178 3061 honorum,
1200 2987 1308 3046 diviti-

69 3103 153 3140 arum
173 3083 271 3142 caused
288 3085 434 3161 justitiam
453 3083 620 3142 celebrent:
643 3082 713 3141 haec
733 3083 811 3140 enim
833 3101 892 3141 esse
912 3082 1040 3162 integrae
1055 3084 1208 3163 justaeque
1229 3084 1306 3143 vitae

68 3181 207 3260 praemia.
250 3181 309 3240 Alii
329 3194 386 3241 tam
408 3179 532 3241 difficile
550 3182 698 3261 negotium
725 3201 784 3241 esse
811 3181 915 3240 dicunt
938 3182 1113 3259 justitiam,
1133 3195 1192 3242 tam
1220 3181 1308 3241 facile

68 3279 215 3356 tantisque
234 3277 381 3338 illecebris
406 3280 637 3352 commendatum
658 3280 850 3357 injustitiam,
873 3293 904 3338 ut
923 3278 961 3338 ad
989 3278 1065 3339 hanc
1093 3279 1226 3340 alliciant
1252 3279 1308 3338 ho·

68 3377 179 3451 mines,
202 3375 239 3434 ab
259 3377 311 3435 illa
332 3377 520 3438 absterreant.
562 3377 683 3437 Accedit
702 3376 767 3438 leve
786 3379 966 3457 maximeque
991 3379 1112 3437 noxium
1143 3377 1308 3437 mortalium

68 3495 159 3552 genus
180 3495 278 3532 eorum
289 3521 297 3550 ,
318 3477 369 3555 qui
389 3475 578 3556 peccantibus
594 3475 790 3556 persuadent,
812 3489 994 3556 peccatorum
1011 3497 1070 3534 esse
1089 3476 1215 3536 remedia
1226 3521 1235 3550 ,
1266 3476 1308 3534 si-

67 3571 187 3649 quidem
206 3586 234 3631 et
253 3574 323 3654 ipsis
343 3575 497 3655 pecunias,
519 3588 547 3633 et
567 3574 644 3649 diis,
666 3594 787 3652 quorum
811 3574 937 3633 ministri
957 3587 1044 3649 sunt,
1073 3594 1191 3642 munera
1213 3587 1241 3631 et
1260 3594 1308 3647 sa-

66 3670 178 3729 crilieia
199 3669 297 3751 largiri
319 3672 424 3732 velint.
465 3673 572 3734 Omnes
589 3672 621 3731 hi
632 3717 642 3747 ,
663 3669 761 3746 dixit,-
781 3672 913 3751 quamvis
934 3693 951 3730 a
972 3693 1001 3730 se
1024 3671 1152 3730 invicem
1171 3670 1300 3744 diuersi,

68 3768 100 3825 iu
124 3789 157 3827 eo
187 3768 388 3844 conveniunt,
405 3784 452 3836 ort
482 3791 535 3829 nec
560 3771 705 3849 justitiam
735 3783 854 3850 propter
873 3790 902 3828 se
922 3770 1013 3850 ipsam
1031 3787 1089 3826 esse
1109 3767 1301 3848 expetendam

67 3863 188 3941 dicant,
210 3880 238 3925 et
257 3867 425 3928 felicitatem
447 3867 531 3948 louge
551 3868 696 3946 ajustitia
718 3887 777 3927 esse
797 3881 955 3948 separatam
965 3912 974 3941 ,
996 3867 1053 3926 imo
1075 3885 1143 3926 vero
1162 3867 1303 3947 volupta..

68 3963 147 4022 tibus
177 3985 313 4023 sensuum
344 3980 429 4046 atque
461 3967 577 4029 aeterna
606 3966 745 4024 ebrietate
772 3966 917 4026 contineri
944 3966 1068 4024 ferant.»
1089 3965 1179 4024 ·Hacc
1200 3979 1305 4040 autem,

93 4267 132 4338 ’1)
151 4276 190 4326 Dc
207 4276 268 4344 llep.
287 4275 318 4327 ll.
337 4275 396 4329 362.
412 4277 441 4329 E.
454 4304 489 4314 -
501 4275 559 4329 367.
581 4277 621 4330 E„

99 4358 132 4423 2)
151 4361 212 4412 Eud.
231 4359 290 4414 358.
308 4361 337 4413 G.

101 4442 131 4506 3)
152 4445 214 4498 Eud.
233 4444 292 4498 366.
312 4447 342 4499 Ε.
