<?xml version="1.0" encoding="UTF-8"?>
<!DOCTYPE html PUBLIC "-//W3C//DTD XHTML 1.0 Transitional//EN"
    "http://www.w3.org/TR/xhtml1/DTD/xhtml1-transitional.dtd">
<html xmlns="http://www.w3.org/1999/xhtml" xml:lang="en" lang="en">
 <head>
  <title>
</title>
<meta http-equiv="Content-Type" content="text/html;charset=utf-8" />
  <meta name='ocr-system' content='tesseract 3.04.00' />
  <meta name='ocr-capabilities' content='ocr_page ocr_carea ocr_par ocr_line ocrx_word'/>
</head>
<body>
  <div class='ocr_page' id='page_1' title='image "./initiaphilosoph02heusgoog_0526.png"; bbox 0 0 2898 5120; ppageno 0'>
   <div class='ocr_carea' id='block_1_1' title="bbox 657 275 714 334">
    <p class='ocr_par' dir='ltr' id='par_1_1' title="bbox 657 275 714 334">
     <span class='ocr_line' id='line_1_1' title="bbox 657 275 714 334; baseline 0 0"><span class='ocrx_word' id='word_1_1' title='bbox 657 275 714 334; x_wconf 72' lang='lat' dir='ltr'><strong>bod</strong></span> 
     </span>
    </p>
   </div>
   <div class='ocr_carea' id='block_1_2' title="bbox 69 437 1312 2774">
    <p class='ocr_par' dir='ltr' id='par_1_2' title="bbox 69 437 1307 1693">
     <span class='ocr_line' id='line_1_2' title="bbox 71 437 1307 521; baseline 0.002 -20"><span class='ocrx_word' id='word_1_2' title='bbox 71 444 152 521; x_wconf 79' lang='lat' dir='ltr'><strong>magis</strong></span> <span class='ocrx_word' id='word_1_3' title='bbox 170 443 255 502; x_wconf 85' lang='lat' dir='ltr'><strong>etiam</strong></span> <span class='ocrx_word' id='word_1_4' title='bbox 274 439 312 502; x_wconf 85' lang='lat' dir='ltr'><strong>ad</strong></span> <span class='ocrx_word' id='word_1_5' title='bbox 331 441 454 500; x_wconf 84' lang='lat' dir='ltr'><strong>interius</strong></span> <span class='ocrx_word' id='word_1_6' title='bbox 472 439 715 520; x_wconf 87' lang='lat' dir='ltr'><strong>perscrutandum</strong></span> <span class='ocrx_word' id='word_1_7' title='bbox 734 437 1023 518; x_wconf 84' lang='lat' dir='ltr'><strong>cognoscendumque</strong></span> <span class='ocrx_word' id='word_1_8' title='bbox 1041 439 1198 517; x_wconf 75' lang='lat' dir='ltr'><strong>hominem¹</strong></span> <span class='ocrx_word' id='word_1_9' title='bbox 1210 443 1307 504; x_wconf 73' lang='lat' dir='ltr'><strong>valet.</strong></span> 
     </span>
     <span class='ocr_line' id='line_1_3' title="bbox 72 536 1299 620; baseline 0.002 -22"><span class='ocrx_word' id='word_1_10' title='bbox 72 539 145 615; x_wconf 86' lang='lat' dir='ltr'><strong>Quid</strong></span> <span class='ocrx_word' id='word_1_11' title='bbox 170 539 264 598; x_wconf 85' lang='lat' dir='ltr'><strong>dicam</strong></span> <span class='ocrx_word' id='word_1_12' title='bbox 288 538 325 598; x_wconf 90' lang='lat' dir='ltr'><strong>de</strong></span> <span class='ocrx_word' id='word_1_13' title='bbox 354 559 468 598; x_wconf 77' lang='lat' dir='ltr'><strong>summo</strong></span> <span class='ocrx_word' id='word_1_14' title='bbox 494 541 583 611; x_wconf 64' lang='lat' dir='ltr'><strong>bno,</strong></span> <span class='ocrx_word' id='word_1_15' title='bbox 612 536 650 596; x_wconf 90' lang='lat' dir='ltr'><strong>de</strong></span> <span class='ocrx_word' id='word_1_16' title='bbox 670 537 793 614; x_wconf 77' lang='lat' dir='ltr'><strong>fluibus</strong></span> <span class='ocrx_word' id='word_1_17' title='bbox 819 537 968 608; x_wconf 79' lang='lat' dir='ltr'><strong>bonorum</strong></span> <span class='ocrx_word' id='word_1_18' title='bbox 990 548 1021 596; x_wconf 82' lang='lat' dir='ltr'><strong>et</strong></span> <span class='ocrx_word' id='word_1_19' title='bbox 1038 543 1205 616; x_wconf 74' lang='lat' dir='ltr'><strong>maloram,</strong></span> <span class='ocrx_word' id='word_1_20' title='bbox 1226 563 1299 620; x_wconf 90' lang='lat' dir='ltr'><strong>quae</strong></span> 
     </span>
     <span class='ocr_line' id='line_1_4' title="bbox 70 635 1300 718; baseline 0.002 -22"><span class='ocrx_word' id='word_1_21' title='bbox 70 639 190 718; x_wconf 80' lang='lat' dir='ltr'><strong>quaestio</strong></span> <span class='ocrx_word' id='word_1_22' title='bbox 213 637 349 718; x_wconf 88' lang='lat' dir='ltr'><strong>princeps</strong></span> <span class='ocrx_word' id='word_1_23' title='bbox 373 637 431 695; x_wconf 85' lang='lat' dir='ltr'><strong>suit</strong></span> <span class='ocrx_word' id='word_1_24' title='bbox 454 637 487 696; x_wconf 92' lang='lat' dir='ltr'><strong>in</strong></span> <span class='ocrx_word' id='word_1_25' title='bbox 510 635 589 694; x_wconf 86' lang='lat' dir='ltr'><strong>omni</strong></span> <span class='ocrx_word' id='word_1_26' title='bbox 612 649 742 696; x_wconf 84' lang='lat' dir='ltr'><strong>veterum</strong></span> <span class='ocrx_word' id='word_1_27' title='bbox 766 647 906 694; x_wconf 80' lang='lat' dir='ltr'><strong>saetarum</strong></span> <span class='ocrx_word' id='word_1_28' title='bbox 932 635 1052 697; x_wconf 81' lang='lat' dir='ltr'><strong>ethica?</strong></span> <span class='ocrx_word' id='word_1_29' title='bbox 1094 640 1225 712; x_wconf 86' lang='lat' dir='ltr'><strong>Quantas</strong></span> <span class='ocrx_word' id='word_1_30' title='bbox 1247 639 1300 698; x_wconf 92' lang='lat' dir='ltr'><strong>illa</strong></span> 
     </span>
     <span class='ocr_line' id='line_1_5' title="bbox 70 732 1299 815; baseline 0.002 -21"><span class='ocrx_word' id='word_1_31' title='bbox 70 755 202 815; x_wconf 87' lang='lat' dir='ltr'><strong>quamque</strong></span> <span class='ocrx_word' id='word_1_32' title='bbox 231 755 331 814; x_wconf 80' lang='lat' dir='ltr'><strong>graves</strong></span> <span class='ocrx_word' id='word_1_33' title='bbox 374 733 440 792; x_wconf 90' lang='lat' dir='ltr'><strong>lites</strong></span> <span class='ocrx_word' id='word_1_34' title='bbox 467 747 496 792; x_wconf 85' lang='lat' dir='ltr'><strong>et</strong></span> <span class='ocrx_word' id='word_1_35' title='bbox 528 733 738 792; x_wconf 82' lang='lat' dir='ltr'><strong>controversias</strong></span> <span class='ocrx_word' id='word_1_36' title='bbox 776 733 854 791; x_wconf 90' lang='lat' dir='ltr'><strong>inter</strong></span> <span class='ocrx_word' id='word_1_37' title='bbox 889 732 1080 814; x_wconf 90' lang='lat' dir='ltr'><strong>philosophos</strong></span> <span class='ocrx_word' id='word_1_38' title='bbox 1109 737 1299 812; x_wconf 81' lang='lat' dir='ltr'>excitaverit,</span> 
     </span>
     <span class='ocr_line' id='line_1_6' title="bbox 71 829 1301 910; baseline 0.002 -18"><span class='ocrx_word' id='word_1_39' title='bbox 71 847 162 893; x_wconf 91' lang='lat' dir='ltr'><strong>notum</strong></span> <span class='ocrx_word' id='word_1_40' title='bbox 183 844 243 907; x_wconf 89' lang='lat' dir='ltr'><strong>est;</strong></span> <span class='ocrx_word' id='word_1_41' title='bbox 266 830 335 905; x_wconf 93' lang='lat' dir='ltr'><strong>sed,</strong></span> <span class='ocrx_word' id='word_1_42' title='bbox 353 833 378 890; x_wconf 91' lang='lat' dir='ltr'><strong>si</strong></span> <span class='ocrx_word' id='word_1_43' title='bbox 406 829 478 910; x_wconf 90' lang='lat' dir='ltr'><strong>quid</strong></span> <span class='ocrx_word' id='word_1_44' title='bbox 503 829 607 904; x_wconf 91' lang='lat' dir='ltr'><strong>aliud,</strong></span> <span class='ocrx_word' id='word_1_45' title='bbox 629 829 698 888; x_wconf 92' lang='lat' dir='ltr'><strong>baec</strong></span> <span class='ocrx_word' id='word_1_46' title='bbox 726 830 854 890; x_wconf 83' lang='lat' dir='ltr'><strong>civitatis</strong></span> <span class='ocrx_word' id='word_1_47' title='bbox 883 851 949 888; x_wconf 90' lang='lat' dir='ltr'><strong>cum</strong></span> <span class='ocrx_word' id='word_1_48' title='bbox 974 830 1092 890; x_wconf 88' lang='lat' dir='ltr'><strong>homine</strong></span> <span class='ocrx_word' id='word_1_49' title='bbox 1115 845 1144 891; x_wconf 93' lang='lat' dir='ltr'><strong>et</strong></span> <span class='ocrx_word' id='word_1_50' title='bbox 1172 833 1301 894; x_wconf 89' lang='lat' dir='ltr'><strong>hominis</strong></span> 
     </span>
     <span class='ocr_line' id='line_1_7' title="bbox 70 925 1299 1010; baseline 0.002 -22"><span class='ocrx_word' id='word_1_51' title='bbox 70 951 128 990; x_wconf 90' lang='lat' dir='ltr'><strong>cum</strong></span> <span class='ocrx_word' id='word_1_52' title='bbox 145 933 263 992; x_wconf 83' lang='lat' dir='ltr'><strong>civitate</strong></span> <span class='ocrx_word' id='word_1_53' title='bbox 282 931 458 1009; x_wconf 88' lang='lat' dir='ltr'><strong>comparatio</strong></span> <span class='ocrx_word' id='word_1_54' title='bbox 475 927 564 992; x_wconf 81' lang='lat' dir='ltr'><strong>linem</strong></span> <span class='ocrx_word' id='word_1_55' title='bbox 582 927 732 1008; x_wconf 82' lang='lat' dir='ltr'>imponere</span> <span class='ocrx_word' id='word_1_56' title='bbox 759 925 805 986; x_wconf 92' lang='lat' dir='ltr'><strong>bis</strong></span> <span class='ocrx_word' id='word_1_57' title='bbox 823 927 1062 987; x_wconf 78' lang='lat' dir='ltr'><strong>altercationibus</strong></span> <span class='ocrx_word' id='word_1_58' title='bbox 1081 931 1185 1010; x_wconf 89' lang='lat' dir='ltr'><strong>potuit.</strong></span> <span class='ocrx_word' id='word_1_59' title='bbox 1227 932 1299 990; x_wconf 89' lang='lat' dir='ltr'><strong>Nam</strong></span> 
     </span>
     <span class='ocr_line' id='line_1_8' title="bbox 70 1024 1301 1107; baseline 0.005 -23"><span class='ocrx_word' id='word_1_60' title='bbox 70 1028 104 1086; x_wconf 91' lang='lat' dir='ltr'><strong>ita</strong></span> <span class='ocrx_word' id='word_1_61' title='bbox 121 1049 173 1086; x_wconf 87' lang='lat' dir='ltr'><strong>nos</strong></span> <span class='ocrx_word' id='word_1_62' title='bbox 192 1026 289 1102; x_wconf 90' lang='lat' dir='ltr'><strong>illud,</strong></span> <span class='ocrx_word' id='word_1_63' title='bbox 310 1025 389 1106; x_wconf 91' lang='lat' dir='ltr'><strong>quod</strong></span> <span class='ocrx_word' id='word_1_64' title='bbox 409 1025 516 1106; x_wconf 83' lang='lat' dir='ltr'><strong>vulgo,</strong></span> <span class='ocrx_word' id='word_1_65' title='bbox 538 1040 570 1086; x_wconf 91' lang='lat' dir='ltr'><strong>ut</strong></span> <span class='ocrx_word' id='word_1_66' title='bbox 590 1027 652 1106; x_wconf 89' lang='lat' dir='ltr'><strong>ipsa</strong></span> <span class='ocrx_word' id='word_1_67' title='bbox 678 1024 807 1084; x_wconf 77' lang='lat' dir='ltr'><strong>Platonis</strong></span> <span class='ocrx_word' id='word_1_68' title='bbox 836 1039 900 1084; x_wconf 89' lang='lat' dir='ltr'><strong>utar</strong></span> <span class='ocrx_word' id='word_1_69' title='bbox 924 1027 1157 1107; x_wconf 88' lang='lat' dir='ltr'><strong>comparatione,</strong></span> <span class='ocrx_word' id='word_1_70' title='bbox 1178 1029 1301 1090; x_wconf 88' lang='lat' dir='ltr'><strong>minutis</strong></span> 
     </span>
     <span class='ocr_line' id='line_1_9' title="bbox 69 1121 1300 1205; baseline 0.002 -23"><span class='ocrx_word' id='word_1_71' title='bbox 69 1125 199 1204; x_wconf 69' lang='lat' dir='ltr'><strong>seriphum</strong></span> <span class='ocrx_word' id='word_1_72' title='bbox 228 1125 320 1184; x_wconf 86' lang='lat' dir='ltr'><strong>literis</strong></span> <span class='ocrx_word' id='word_1_73' title='bbox 343 1124 466 1205; x_wconf 79' lang='lat' dir='ltr'><strong>legitur,</strong></span> <span class='ocrx_word' id='word_1_74' title='bbox 487 1126 519 1183; x_wconf 90' lang='lat' dir='ltr'><strong>in</strong></span> <span class='ocrx_word' id='word_1_75' title='bbox 540 1123 636 1203; x_wconf 88' lang='lat' dir='ltr'><strong>amplo</strong></span> <span class='ocrx_word' id='word_1_76' title='bbox 661 1121 714 1182; x_wconf 90' lang='lat' dir='ltr'><strong>illo</strong></span> <span class='ocrx_word' id='word_1_77' title='bbox 737 1121 849 1183; x_wconf 89' lang='lat' dir='ltr'><strong>theatro</strong></span> <span class='ocrx_word' id='word_1_78' title='bbox 870 1142 967 1182; x_wconf 89' lang='lat' dir='ltr'><strong>rerum</strong></span> <span class='ocrx_word' id='word_1_79' title='bbox 984 1123 1196 1200; x_wconf 90' lang='lat' dir='ltr'><strong>humanarum,</strong></span> <span class='ocrx_word' id='word_1_80' title='bbox 1218 1127 1300 1205; x_wconf 87' lang='lat' dir='ltr'><strong>quasi</strong></span> 
     </span>
     <span class='ocr_line' id='line_1_10' title="bbox 69 1219 1301 1304; baseline 0.003 -24"><span class='ocrx_word' id='word_1_81' title='bbox 69 1223 170 1301; x_wconf 80' lang='lat' dir='ltr'><strong>magnis</strong></span> <span class='ocrx_word' id='word_1_82' title='bbox 189 1222 282 1282; x_wconf 81' lang='lat' dir='ltr'><strong>literis</strong></span> <span class='ocrx_word' id='word_1_83' title='bbox 301 1223 441 1304; x_wconf 89' lang='lat' dir='ltr'><strong>scriptum</strong></span> <span class='ocrx_word' id='word_1_84' title='bbox 465 1235 644 1302; x_wconf 73' lang='lat' dir='ltr'><strong>spectamus,</strong></span> <span class='ocrx_word' id='word_1_85' title='bbox 666 1240 720 1279; x_wconf 89' lang='lat' dir='ltr'><strong>nec</strong></span> <span class='ocrx_word' id='word_1_86' title='bbox 747 1219 836 1280; x_wconf 89' lang='lat' dir='ltr'><strong>latere</strong></span> <span class='ocrx_word' id='word_1_87' title='bbox 864 1241 934 1296; x_wconf 91' lang='lat' dir='ltr'><strong>nos,</strong></span> <span class='ocrx_word' id='word_1_88' title='bbox 955 1221 1029 1300; x_wconf 90' lang='lat' dir='ltr'><strong>quid</strong></span> <span class='ocrx_word' id='word_1_89' title='bbox 1049 1223 1087 1281; x_wconf 90' lang='lat' dir='ltr'><strong>sit</strong></span> <span class='ocrx_word' id='word_1_90' title='bbox 1105 1223 1215 1282; x_wconf 89' lang='lat' dir='ltr'><strong>bouum</strong></span> <span class='ocrx_word' id='word_1_91' title='bbox 1238 1225 1301 1285; x_wconf 84' lang='lat' dir='ltr'><strong>sire</strong></span> 
     </span>
     <span class='ocr_line' id='line_1_11' title="bbox 69 1311 1302 1401; baseline 0.003 -24"><span class='ocrx_word' id='word_1_92' title='bbox 69 1311 200 1378; x_wconf 82' lang='lat' dir='ltr'><strong>summum</strong></span> <span class='ocrx_word' id='word_1_93' title='bbox 226 1319 354 1395; x_wconf 85' lang='lat' dir='ltr'><strong>bonurn,</strong></span> <span class='ocrx_word' id='word_1_94' title='bbox 384 1333 487 1401; x_wconf 89' lang='lat' dir='ltr'><strong>potest.</strong></span> <span class='ocrx_word' id='word_1_95' title='bbox 529 1320 589 1380; x_wconf 87' lang='lat' dir='ltr'><strong>Nec</strong></span> <span class='ocrx_word' id='word_1_96' title='bbox 618 1339 687 1379; x_wconf 84' lang='lat' dir='ltr'><strong>vero</strong></span> <span class='ocrx_word' id='word_1_97' title='bbox 715 1316 802 1378; x_wconf 88' lang='lat' dir='ltr'><strong>hodie</strong></span> <span class='ocrx_word' id='word_1_98' title='bbox 831 1319 948 1378; x_wconf 91' lang='lat' dir='ltr'><strong>inutilis</strong></span> <span class='ocrx_word' id='word_1_99' title='bbox 986 1339 1046 1378; x_wconf 88' lang='lat' dir='ltr'><strong>esse</strong></span> <span class='ocrx_word' id='word_1_100' title='bbox 1075 1319 1145 1379; x_wconf 89' lang='lat' dir='ltr'><strong>haec</strong></span> <span class='ocrx_word' id='word_1_101' title='bbox 1174 1321 1302 1381; x_wconf 90' lang='lat' dir='ltr'><strong>hominis</strong></span> 
     </span>
     <span class='ocr_line' id='line_1_12' title="bbox 69 1415 1301 1497; baseline 0.004 -23"><span class='ocrx_word' id='word_1_102' title='bbox 69 1416 233 1497; x_wconf 82' lang='lat' dir='ltr'><strong>explorandi</strong></span> <span class='ocrx_word' id='word_1_103' title='bbox 267 1419 341 1482; x_wconf 89' lang='lat' dir='ltr'><strong>ratio</strong></span> <span class='ocrx_word' id='word_1_104' title='bbox 369 1415 497 1479; x_wconf 81' lang='lat' dir='ltr'><strong>videtur.</strong></span> <span class='ocrx_word' id='word_1_105' title='bbox 549 1418 622 1477; x_wconf 88' lang='lat' dir='ltr'><strong>Nam</strong></span> <span class='ocrx_word' id='word_1_106' title='bbox 649 1435 716 1475; x_wconf 93' lang='lat' dir='ltr'><strong>cum</strong></span> <span class='ocrx_word' id='word_1_107' title='bbox 746 1416 804 1475; x_wconf 91' lang='lat' dir='ltr'><strong>alia</strong></span> <span class='ocrx_word' id='word_1_108' title='bbox 831 1416 907 1476; x_wconf 93' lang='lat' dir='ltr'><strong>bene</strong></span> <span class='ocrx_word' id='word_1_109' title='bbox 939 1417 1051 1493; x_wconf 89' lang='lat' dir='ltr'><strong>multa,</strong></span> <span class='ocrx_word' id='word_1_110' title='bbox 1083 1432 1144 1478; x_wconf 90' lang='lat' dir='ltr'><strong>tum</strong></span> <span class='ocrx_word' id='word_1_111' title='bbox 1174 1421 1301 1480; x_wconf 83' lang='lat' dir='ltr'><strong>maxime</strong></span> 
     </span>
     <span class='ocr_line' id='line_1_13' title="bbox 69 1508 1300 1594; baseline 0.002 -21"><span class='ocrx_word' id='word_1_112' title='bbox 69 1535 133 1594; x_wconf 86' lang='lat' dir='ltr'><strong>quae</strong></span> <span class='ocrx_word' id='word_1_113' title='bbox 160 1514 198 1575; x_wconf 88' lang='lat' dir='ltr'><strong>ad</strong></span> <span class='ocrx_word' id='word_1_114' title='bbox 225 1515 331 1591; x_wconf 90' lang='lat' dir='ltr'><strong>illum,</strong></span> <span class='ocrx_word' id='word_1_115' title='bbox 361 1517 412 1594; x_wconf 92' lang='lat' dir='ltr'><strong>qui</strong></span> <span class='ocrx_word' id='word_1_116' title='bbox 441 1515 527 1576; x_wconf 89' lang='lat' dir='ltr'><strong>nobis</strong></span> <span class='ocrx_word' id='word_1_117' title='bbox 554 1517 650 1593; x_wconf 86' lang='lat' dir='ltr'><strong>inest,</strong></span> <span class='ocrx_word' id='word_1_118' title='bbox 678 1508 784 1592; x_wconf 68' lang='grc' dir='ltr'>θυμόν</span> <span class='ocrx_word' id='word_1_119' title='bbox 811 1515 955 1592; x_wconf 82' lang='lat' dir='ltr'><strong>attinent,</strong></span> <span class='ocrx_word' id='word_1_120' title='bbox 977 1517 1018 1576; x_wconf 93' lang='lat' dir='ltr'><strong>sic</strong></span> <span class='ocrx_word' id='word_1_121' title='bbox 1038 1515 1154 1579; x_wconf 89' lang='lat' dir='ltr'><strong>demum</strong></span> <span class='ocrx_word' id='word_1_122' title='bbox 1174 1518 1206 1576; x_wconf 88' lang='lat' dir='ltr'><strong>in</strong></span> <span class='ocrx_word' id='word_1_123' title='bbox 1235 1518 1300 1576; x_wconf 93' lang='lat' dir='ltr'><strong>luce</strong></span> 
     </span>
     <span class='ocr_line' id='line_1_14' title="bbox 70 1613 219 1693; baseline 0.02 -21"><span class='ocrx_word' id='word_1_124' title='bbox 70 1613 219 1693; x_wconf 61' lang='lat' dir='ltr'><strong>ponunturss</strong></span> 
     </span>
    </p>

    <p class='ocr_par' dir='ltr' id='par_1_3' title="bbox 70 1711 1312 2774">
     <span class='ocr_line' id='line_1_15' title="bbox 104 1711 1299 1796; baseline 0.001 -26"><span class='ocrx_word' id='word_1_125' title='bbox 104 1711 296 1794; x_wconf 83' lang='lat' dir='ltr'><strong>intelligimus</strong></span> <span class='ocrx_word' id='word_1_126' title='bbox 320 1712 443 1788; x_wconf 79' lang='lat' dir='ltr'><strong>exinde,</strong></span> <span class='ocrx_word' id='word_1_127' title='bbox 463 1715 565 1792; x_wconf 89' lang='lat' dir='ltr'><strong>quanti</strong></span> <span class='ocrx_word' id='word_1_128' title='bbox 596 1713 680 1774; x_wconf 87' lang='lat' dir='ltr'><strong>nobis</strong></span> <span class='ocrx_word' id='word_1_129' title='bbox 698 1715 786 1796; x_wconf 88' lang='lat' dir='ltr'><strong>pretii</strong></span> <span class='ocrx_word' id='word_1_130' title='bbox 808 1714 861 1774; x_wconf 88' lang='lat' dir='ltr'><strong>hoc</strong></span> <span class='ocrx_word' id='word_1_131' title='bbox 879 1712 1062 1792; x_wconf 88' lang='lat' dir='ltr'><strong>antiquitatis</strong></span> <span class='ocrx_word' id='word_1_132' title='bbox 1079 1725 1299 1772; x_wconf 87' lang='lat' dir='ltr'><strong>monumentum</strong></span> 
     </span>
     <span class='ocr_line' id='line_1_16' title="bbox 71 1809 1299 1894; baseline 0.002 -27"><span class='ocrx_word' id='word_1_133' title='bbox 71 1809 227 1868; x_wconf 78' lang='lat' dir='ltr'><strong>laciendum</strong></span> <span class='ocrx_word' id='word_1_134' title='bbox 256 1811 302 1872; x_wconf 91' lang='lat' dir='ltr'><strong>sit.</strong></span> <span class='ocrx_word' id='word_1_135' title='bbox 344 1811 383 1869; x_wconf 90' lang='lat' dir='ltr'><strong>Et</strong></span> <span class='ocrx_word' id='word_1_136' title='bbox 407 1831 476 1872; x_wconf 85' lang='lat' dir='ltr'><strong>sane</strong></span> <span class='ocrx_word' id='word_1_137' title='bbox 503 1813 663 1892; x_wconf 75' lang='lat' dir='ltr'><strong>singulare</strong></span> <span class='ocrx_word' id='word_1_138' title='bbox 684 1811 891 1894; x_wconf 85' lang='lat' dir='ltr'><strong>propemodum</strong></span> <span class='ocrx_word' id='word_1_139' title='bbox 910 1832 982 1892; x_wconf 87' lang='lat' dir='ltr'><strong>opus</strong></span> <span class='ocrx_word' id='word_1_140' title='bbox 1001 1810 1062 1870; x_wconf 88' lang='lat' dir='ltr'><strong>dici</strong></span> <span class='ocrx_word' id='word_1_141' title='bbox 1082 1825 1184 1892; x_wconf 91' lang='lat' dir='ltr'><strong>potest.</strong></span> <span class='ocrx_word' id='word_1_142' title='bbox 1226 1812 1299 1870; x_wconf 91' lang='lat' dir='ltr'><strong>Nam</strong></span> 
     </span>
     <span class='ocr_line' id='line_1_17' title="bbox 70 1906 1300 1988; baseline 0.002 -23"><span class='ocrx_word' id='word_1_143' title='bbox 70 1906 105 1966; x_wconf 88' lang='lat' dir='ltr'><strong>sic</strong></span> <span class='ocrx_word' id='word_1_144' title='bbox 128 1908 212 1968; x_wconf 89' lang='lat' dir='ltr'><strong>nobis</strong></span> <span class='ocrx_word' id='word_1_145' title='bbox 237 1909 269 1967; x_wconf 91' lang='lat' dir='ltr'><strong>in</strong></span> <span class='ocrx_word' id='word_1_146' title='bbox 293 1909 347 1968; x_wconf 92' lang='lat' dir='ltr'><strong>illo</strong></span> <span class='ocrx_word' id='word_1_147' title='bbox 375 1908 470 1969; x_wconf 91' lang='lat' dir='ltr'><strong>ethica</strong></span> <span class='ocrx_word' id='word_1_148' title='bbox 499 1907 640 1986; x_wconf 78' lang='lat' dir='ltr'><strong>traditur,</strong></span> <span class='ocrx_word' id='word_1_149' title='bbox 668 1924 714 1984; x_wconf 89' lang='lat' dir='ltr'><strong>ut,</strong></span> <span class='ocrx_word' id='word_1_150' title='bbox 745 1911 877 1988; x_wconf 89' lang='lat' dir='ltr'><strong>quamvis</strong></span> <span class='ocrx_word' id='word_1_151' title='bbox 896 1908 1089 1970; x_wconf 85' lang='lat' dir='ltr'><strong>recentiorum</strong></span> <span class='ocrx_word' id='word_1_152' title='bbox 1107 1909 1236 1970; x_wconf 90' lang='lat' dir='ltr'><strong>omnium</strong></span> <span class='ocrx_word' id='word_1_153' title='bbox 1262 1908 1300 1968; x_wconf 91' lang='lat' dir='ltr'><strong>de</strong></span> 
     </span>
     <span class='ocr_line' id='line_1_18' title="bbox 70 2003 1300 2090; baseline 0.003 -28"><span class='ocrx_word' id='word_1_154' title='bbox 70 2003 116 2064; x_wconf 92' lang='lat' dir='ltr'><strong>hoc</strong></span> <span class='ocrx_word' id='word_1_155' title='bbox 142 2021 310 2088; x_wconf 84' lang='lat' dir='ltr'><strong>argumento</strong></span> <span class='ocrx_word' id='word_1_156' title='bbox 338 2006 443 2068; x_wconf 49' lang='lat' dir='ltr'><strong>libros&#39;</strong></span> <span class='ocrx_word' id='word_1_157' title='bbox 458 2006 627 2087; x_wconf 82' lang='lat' dir='ltr'><strong>legerimus,</strong></span> <span class='ocrx_word' id='word_1_158' title='bbox 656 2030 731 2068; x_wconf 82' lang='lat' dir='ltr'><strong>novo</strong></span> <span class='ocrx_word' id='word_1_159' title='bbox 758 2029 876 2090; x_wconf 89' lang='lat' dir='ltr'><strong>prorsus</strong></span> <span class='ocrx_word' id='word_1_160' title='bbox 896 2006 1029 2068; x_wconf 86' lang='lat' dir='ltr'><strong>doctrina</strong></span> <span class='ocrx_word' id='word_1_161' title='bbox 1048 2007 1193 2068; x_wconf 87' lang='lat' dir='ltr'><strong>videatur.</strong></span> <span class='ocrx_word' id='word_1_162' title='bbox 1235 2008 1300 2082; x_wconf 89' lang='lat' dir='ltr'><strong>Quo</strong></span> 
     </span>
     <span class='ocr_line' id='line_1_19' title="bbox 70 2105 1300 2189; baseline 0.003 -30"><span class='ocrx_word' id='word_1_163' title='bbox 70 2115 155 2162; x_wconf 89' lang='lat' dir='ltr'><strong>autem</strong></span> <span class='ocrx_word' id='word_1_164' title='bbox 190 2105 297 2164; x_wconf 86' lang='lat' dir='ltr'><strong>rectius</strong></span> <span class='ocrx_word' id='word_1_165' title='bbox 317 2107 567 2187; x_wconf 28' lang='lat' dir='ltr'><strong>‚praestantissimi</strong></span> <span class='ocrx_word' id='word_1_166' title='bbox 596 2107 684 2184; x_wconf 88' lang='lat' dir='ltr'><strong>hujus</strong></span> <span class='ocrx_word' id='word_1_167' title='bbox 716 2109 811 2189; x_wconf 90' lang='lat' dir='ltr'><strong>operis</strong></span> <span class='ocrx_word' id='word_1_168' title='bbox 841 2107 1035 2188; x_wconf 87' lang='lat' dir='ltr'><strong>perspiciatur</strong></span> <span class='ocrx_word' id='word_1_169' title='bbox 1062 2108 1155 2181; x_wconf 90' lang='lat' dir='ltr'><strong>ratio,</strong></span> <span class='ocrx_word' id='word_1_170' title='bbox 1185 2125 1300 2186; x_wconf 86' lang='lat' dir='ltr'><strong>quoque</strong></span> 
     </span>
     <span class='ocr_line' id='line_1_20' title="bbox 70 2202 1312 2285; baseline 0.002 -26"><span class='ocrx_word' id='word_1_171' title='bbox 70 2203 149 2280; x_wconf 80' lang='lat' dir='ltr'><strong>magis</strong></span> <span class='ocrx_word' id='word_1_172' title='bbox 175 2203 244 2284; x_wconf 72' lang='lat' dir='ltr'><strong>ipsu⁴</strong></span> <span class='ocrx_word' id='word_1_173' title='bbox 267 2202 396 2262; x_wconf 86' lang='lat' dir='ltr'><strong>Platonis</strong></span> <span class='ocrx_word' id='word_1_174' title='bbox 420 2202 539 2284; x_wconf 86' lang='lat' dir='ltr'><strong>politica</strong></span> <span class='ocrx_word' id='word_1_175' title='bbox 568 2203 752 2280; x_wconf 84' lang='lat' dir='ltr'><strong>illustretur,</strong></span> <span class='ocrx_word' id='word_1_176' title='bbox 784 2225 887 2285; x_wconf 85' lang='lat' dir='ltr'><strong>operae</strong></span> <span class='ocrx_word' id='word_1_177' title='bbox 916 2203 1042 2284; x_wconf 87' lang='lat' dir='ltr'><strong>pretium</strong></span> <span class='ocrx_word' id='word_1_178' title='bbox 1069 2204 1206 2279; x_wconf 86' lang='lat' dir='ltr'><strong>ridetur,</strong></span> <span class='ocrx_word' id='word_1_179' title='bbox 1235 2203 1312 2284; x_wconf 42' lang='lat' dir='ltr'><strong>pris</strong></span> 
     </span>
     <span class='ocr_line' id='line_1_21' title="bbox 70 2299 1298 2382; baseline 0.002 -26"><span class='ocrx_word' id='word_1_180' title='bbox 70 2299 181 2358; x_wconf 89' lang='lat' dir='ltr'><strong>marium</strong></span> <span class='ocrx_word' id='word_1_181' title='bbox 209 2321 276 2360; x_wconf 91' lang='lat' dir='ltr'><strong>eum</strong></span> <span class='ocrx_word' id='word_1_182' title='bbox 301 2321 333 2361; x_wconf 89' lang='lat' dir='ltr'><strong>eo</strong></span> <span class='ocrx_word' id='word_1_183' title='bbox 360 2301 509 2363; x_wconf 85' lang='lat' dir='ltr'><strong>Ciceronis</strong></span> <span class='ocrx_word' id='word_1_184' title='bbox 530 2321 621 2382; x_wconf 90' lang='lat' dir='ltr'><strong>opus,</strong></span> <span class='ocrx_word' id='word_1_185' title='bbox 653 2301 744 2362; x_wconf 86' lang='lat' dir='ltr'><strong>simili</strong></span> <span class='ocrx_word' id='word_1_186' title='bbox 763 2301 850 2362; x_wconf 90' lang='lat' dir='ltr'><strong>titulo</strong></span> <span class='ocrx_word' id='word_1_187' title='bbox 870 2301 1089 2380; x_wconf 71' lang='lat' dir='ltr'><strong>da&#39;Republa&#39;ca</strong></span> <span class='ocrx_word' id='word_1_188' title='bbox 1107 2303 1298 2382; x_wconf 74' lang='lat' dir='ltr'><strong>inscriptpm,</strong></span> 
     </span>
     <span class='ocr_line' id='line_1_22' title="bbox 70 2397 1299 2481; baseline 0.004 -29"><span class='ocrx_word' id='word_1_189' title='bbox 70 2397 199 2460; x_wconf 78' lang='lat' dir='ltr'><strong>couleur.</strong></span> <span class='ocrx_word' id='word_1_190' title='bbox 242 2400 314 2459; x_wconf 86' lang='lat' dir='ltr'><strong>Nam</strong></span> <span class='ocrx_word' id='word_1_191' title='bbox 338 2399 426 2478; x_wconf 81' lang='lat' dir='ltr'><strong>hrrjus</strong></span> <span class='ocrx_word' id='word_1_192' title='bbox 449 2400 518 2458; x_wconf 92' lang='lat' dir='ltr'><strong>item</strong></span> <span class='ocrx_word' id='word_1_193' title='bbox 543 2401 637 2476; x_wconf 89' lang='lat' dir='ltr'><strong>ratio,</strong></span> <span class='ocrx_word' id='word_1_194' title='bbox 663 2400 715 2460; x_wconf 90' lang='lat' dir='ltr'><strong>ubi</strong></span> <span class='ocrx_word' id='word_1_195' title='bbox 738 2400 775 2461; x_wconf 92' lang='lat' dir='ltr'><strong>de</strong></span> <span class='ocrx_word' id='word_1_196' title='bbox 802 2401 923 2479; x_wconf 89' lang='lat' dir='ltr'><strong>antiqua</strong></span> <span class='ocrx_word' id='word_1_197' title='bbox 944 2400 1065 2481; x_wconf 87' lang='lat' dir='ltr'><strong>politica</strong></span> <span class='ocrx_word' id='word_1_198' title='bbox 1083 2401 1210 2479; x_wconf 79' lang='lat' dir='ltr'><strong>agimus,</strong></span> <span class='ocrx_word' id='word_1_199' title='bbox 1231 2421 1299 2480; x_wconf 47' lang='lat' dir='ltr'><strong>perh</strong></span> 
     </span>
     <span class='ocr_line' id='line_1_23' title="bbox 71 2495 1300 2580; baseline 0.005 -28"><span class='ocrx_word' id='word_1_200' title='bbox 71 2495 210 2573; x_wconf 81' lang='lat' dir='ltr'><strong>spicienda</strong></span> <span class='ocrx_word' id='word_1_201' title='bbox 239 2510 316 2556; x_wconf 80' lang='lat' dir='ltr'><strong>recte</strong></span> <span class='ocrx_word' id='word_1_202' title='bbox 344 2505 414 2573; x_wconf 82' lang='lat' dir='ltr'><strong>est,</strong></span> <span class='ocrx_word' id='word_1_203' title='bbox 431 2497 478 2557; x_wconf 89' lang='lat' dir='ltr'><strong>his</strong></span> <span class='ocrx_word' id='word_1_204' title='bbox 502 2499 535 2556; x_wconf 92' lang='lat' dir='ltr'><strong>in</strong></span> <span class='ocrx_word' id='word_1_205' title='bbox 559 2499 661 2580; x_wconf 90' lang='lat' dir='ltr'><strong>primis</strong></span> <span class='ocrx_word' id='word_1_206' title='bbox 689 2499 887 2580; x_wconf 86' lang='lat' dir='ltr'><strong>temporibus,</strong></span> <span class='ocrx_word' id='word_1_207' title='bbox 908 2499 1016 2578; x_wconf 89' lang='lat' dir='ltr'><strong>quibus</strong></span> <span class='ocrx_word' id='word_1_208' title='bbox 1034 2499 1075 2558; x_wconf 90' lang='lat' dir='ltr'><strong>sic</strong></span> <span class='ocrx_word' id='word_1_209' title='bbox 1094 2512 1137 2558; x_wconf 91' lang='lat' dir='ltr'><strong>est</strong></span> <span class='ocrx_word' id='word_1_210' title='bbox 1155 2499 1300 2578; x_wconf 83' lang='lat' dir='ltr'><strong>integrum</strong></span> 
     </span>
     <span class='ocr_line' id='line_1_24' title="bbox 70 2593 1299 2676; baseline 0.002 -27"><span class='ocrx_word' id='word_1_211' title='bbox 70 2593 243 2670; x_wconf 85' lang='lat' dir='ltr'><strong>restitutum,</strong></span> <span class='ocrx_word' id='word_1_212' title='bbox 265 2609 317 2670; x_wconf 90' lang='lat' dir='ltr'><strong>ut,</strong></span> <span class='ocrx_word' id='word_1_213' title='bbox 338 2596 363 2654; x_wconf 90' lang='lat' dir='ltr'><strong>si</strong></span> <span class='ocrx_word' id='word_1_214' title='bbox 390 2595 487 2654; x_wconf 92' lang='lat' dir='ltr'><strong>miuus</strong></span> <span class='ocrx_word' id='word_1_215' title='bbox 514 2594 552 2656; x_wconf 92' lang='lat' dir='ltr'><strong>de</strong></span> <span class='ocrx_word' id='word_1_216' title='bbox 582 2617 616 2655; x_wconf 92' lang='lat' dir='ltr'><strong>eo</strong></span> <span class='ocrx_word' id='word_1_217' title='bbox 642 2609 721 2670; x_wconf 92' lang='lat' dir='ltr'><strong>toto,</strong></span> <span class='ocrx_word' id='word_1_218' title='bbox 743 2611 820 2656; x_wconf 77' lang='lat' dir='ltr'><strong>certe</strong></span> <span class='ocrx_word' id='word_1_219' title='bbox 845 2596 881 2657; x_wconf 90' lang='lat' dir='ltr'><strong>de</strong></span> <span class='ocrx_word' id='word_1_220' title='bbox 902 2599 964 2674; x_wconf 84' lang='lat' dir='ltr'><strong>ejus</strong></span> <span class='ocrx_word' id='word_1_221' title='bbox 983 2594 1116 2676; x_wconf 90' lang='lat' dir='ltr'><strong>partibus</strong></span> <span class='ocrx_word' id='word_1_222' title='bbox 1135 2595 1299 2676; x_wconf 83' lang='lat' dir='ltr'><strong>praecipuis</strong></span> 
     </span>
     <span class='ocr_line' id='line_1_25' title="bbox 71 2691 1044 2774; baseline 0.004 -28"><span class='ocrx_word' id='word_1_223' title='bbox 71 2701 145 2768; x_wconf 84' lang='lat' dir='ltr'><strong>atque</strong></span> <span class='ocrx_word' id='word_1_224' title='bbox 163 2694 302 2754; x_wconf 81' lang='lat' dir='ltr'><strong>universa</strong></span> <span class='ocrx_word' id='word_1_225' title='bbox 320 2693 544 2768; x_wconf 82' lang='lat' dir='ltr'><strong>distributione,</strong></span> <span class='ocrx_word' id='word_1_226' title='bbox 566 2691 758 2774; x_wconf 86' lang='lat' dir='ltr'><strong>probabiliter</strong></span> <span class='ocrx_word' id='word_1_227' title='bbox 774 2692 908 2771; x_wconf 89' lang='lat' dir='ltr'><strong>judicare</strong></span> <span class='ocrx_word' id='word_1_228' title='bbox 929 2693 1023 2754; x_wconf 87' lang='lat' dir='ltr'><strong>liceat.</strong></span> <span class='ocrx_word' id='word_1_229' title='bbox 1041 2703 1044 2710; x_wconf 79' lang='grc'><strong>“</strong></span> 
     </span>
    </p>
   </div>
   <div class='ocr_carea' id='block_1_3' title="bbox 175 2888 1181 3068">
    <p class='ocr_par' dir='ltr' id='par_1_4' title="bbox 175 2888 1181 3068">
     <span class='ocr_line' id='line_1_26' title="bbox 175 2888 1181 2950; baseline -0.001 -3"><span class='ocrx_word' id='word_1_230' title='bbox 175 2890 378 2950; x_wconf 78' lang='lat' dir='ltr'><strong>Politice</strong></span> <span class='ocrx_word' id='word_1_231' title='bbox 412 2889 675 2948; x_wconf 79' lang='lat' dir='ltr'><strong>Platonicus</strong></span> <span class='ocrx_word' id='word_1_232' title='bbox 710 2911 761 2948; x_wconf 81' lang='lat' dir='ltr'><strong>nc</strong></span> <span class='ocrx_word' id='word_1_233' title='bbox 809 2889 1093 2950; x_wconf 70' lang='lat' dir='ltr'><strong>Ciceroniana</strong></span> <span class='ocrx_word' id='word_1_234' title='bbox 1139 2888 1181 2946; x_wconf 86' lang='lat' dir='ltr'><strong>da</strong></span> 
     </span>
     <span class='ocr_line' id='line_1_27' title="bbox 334 2987 1032 3068; baseline 0 -22"><span class='ocrx_word' id='word_1_235' title='bbox 334 2987 1032 3068; x_wconf 56' lang='lat' dir='ltr'><strong>republicaoperiecomparut‘e&#39;o.</strong></span> 
     </span>
    </p>
   </div>
   <div class='ocr_carea' id='block_1_4' title="bbox 15 3161 1300 4542">
    <p class='ocr_par' dir='ltr' id='par_1_5' title="bbox 15 3161 1300 4542">
     <span class='ocr_line' id='line_1_28' title="bbox 105 3161 1297 3268; baseline 0.002 -28"><span class='ocrx_word' id='word_1_236' title='bbox 105 3161 211 3244; x_wconf 79' lang='lat' dir='ltr'><strong>Pariter</strong></span> <span class='ocrx_word' id='word_1_237' title='bbox 230 3185 326 3264; x_wconf 66' lang='lat' dir='ltr'><strong>⁴igitur</strong></span> <span class='ocrx_word' id='word_1_238' title='bbox 354 3198 382 3245; x_wconf 92' lang='lat' dir='ltr'><strong>et</strong></span> <span class='ocrx_word' id='word_1_239' title='bbox 406 3184 488 3245; x_wconf 91' lang='lat' dir='ltr'><strong>Plato</strong></span> <span class='ocrx_word' id='word_1_240' title='bbox 514 3199 542 3244; x_wconf 93' lang='lat' dir='ltr'><strong>et</strong></span> <span class='ocrx_word' id='word_1_241' title='bbox 562 3185 666 3246; x_wconf 85' lang='lat' dir='ltr'><strong>Cicero</strong></span> <span class='ocrx_word' id='word_1_242' title='bbox 676 3181 749 3268; x_wconf 14' lang='lat' dir='ltr'><strong>,kin</strong></span> <span class='ocrx_word' id='word_1_243' title='bbox 768 3183 923 3245; x_wconf 90' lang='lat' dir='ltr'><strong>scribendo</strong></span> <span class='ocrx_word' id='word_1_244' title='bbox 944 3196 1063 3266; x_wconf 82' lang='lat' dir='ltr'><strong>uterque</strong></span> <span class='ocrx_word' id='word_1_245' title='bbox 1088 3181 1227 3263; x_wconf 88' lang='lat' dir='ltr'><strong>palmario</strong></span> <span class='ocrx_word' id='word_1_246' title='bbox 1245 3201 1297 3242; x_wconf 91' lang='lat' dir='ltr'><strong>suo</strong></span> 
     </span>
     <span class='ocr_line' id='line_1_29' title="bbox 72 3279 1299 3365; baseline 0 -25"><span class='ocrx_word' id='word_1_247' title='bbox 72 3297 164 3357; x_wconf 84' lang='lat' dir='ltr'><strong>opere,</strong></span> <span class='ocrx_word' id='word_1_248' title='bbox 193 3304 259 3342; x_wconf 89' lang='lat' dir='ltr'><strong>cum</strong></span> <span class='ocrx_word' id='word_1_249' title='bbox 280 3283 423 3358; x_wconf 87' lang='lat' dir='ltr'><strong>ethicam,</strong></span> <span class='ocrx_word' id='word_1_250' title='bbox 451 3297 513 3342; x_wconf 92' lang='lat' dir='ltr'><strong>tum</strong></span> <span class='ocrx_word' id='word_1_251' title='bbox 530 3279 680 3365; x_wconf 88' lang='lat' dir='ltr'><strong>politicam</strong></span> <span class='ocrx_word' id='word_1_252' title='bbox 698 3282 845 3363; x_wconf 82' lang='lat' dir='ltr'><strong>complexi</strong></span> <span class='ocrx_word' id='word_1_253' title='bbox 865 3295 948 3360; x_wconf 72' lang='lat' dir='ltr'><strong>suut,</strong></span> <span class='ocrx_word' id='word_1_254' title='bbox 970 3281 1022 3342; x_wconf 89' lang='lat' dir='ltr'><strong>sed</strong></span> <span class='ocrx_word' id='word_1_255' title='bbox 1037 3283 1140 3357; x_wconf 78' lang='lat' dir='ltr'><strong>Cicero</strong></span> <span class='ocrx_word' id='word_1_256' title='bbox 1157 3280 1299 3340; x_wconf 86' lang='lat' dir='ltr'><strong>continuo</strong></span> 
     </span>
     <span class='ocr_line' id='line_1_30' title="bbox 70 3378 1300 3463; baseline 0 -27"><span class='ocrx_word' id='word_1_257' title='bbox 70 3395 205 3456; x_wconf 79' lang='lat' dir='ltr'><strong>aggressus</strong></span> <span class='ocrx_word' id='word_1_258' title='bbox 222 3381 372 3463; x_wconf 89' lang='lat' dir='ltr'><strong>politicam</strong></span> <span class='ocrx_word' id='word_1_259' title='bbox 397 3394 459 3456; x_wconf 90' lang='lat' dir='ltr'><strong>est,</strong></span> <span class='ocrx_word' id='word_1_260' title='bbox 476 3382 558 3441; x_wconf 86' lang='lat' dir='ltr'><strong>Plato</strong></span> <span class='ocrx_word' id='word_1_261' title='bbox 581 3401 669 3456; x_wconf 81' lang='lat' dir='ltr'><strong>vero,</strong></span> <span class='ocrx_word' id='word_1_262' title='bbox 696 3381 733 3440; x_wconf 86' lang='lat' dir='ltr'><strong>ab</strong></span> <span class='ocrx_word' id='word_1_263' title='bbox 760 3381 856 3440; x_wconf 91' lang='lat' dir='ltr'><strong>ethica</strong></span> <span class='ocrx_word' id='word_1_264' title='bbox 875 3401 1013 3456; x_wconf 89' lang='lat' dir='ltr'><strong>exorsus,</strong></span> <span class='ocrx_word' id='word_1_265' title='bbox 1034 3380 1072 3440; x_wconf 90' lang='lat' dir='ltr'><strong>ad</strong></span> <span class='ocrx_word' id='word_1_266' title='bbox 1090 3378 1238 3460; x_wconf 89' lang='lat' dir='ltr'><strong>politicam</strong></span> <span class='ocrx_word' id='word_1_267' title='bbox 1255 3391 1300 3437; x_wconf 86' lang='lat' dir='ltr'><strong>est</strong></span> 
     </span>
     <span class='ocr_line' id='line_1_31' title="bbox 71 3475 1296 3559; baseline -0.003 -23"><span class='ocrx_word' id='word_1_268' title='bbox 71 3491 223 3555; x_wconf 83' lang='lat' dir='ltr'><strong>progressus</strong></span> <span class='ocrx_word' id='word_1_269' title='bbox 250 3492 278 3537; x_wconf 91' lang='lat' dir='ltr'><strong>et</strong></span> <span class='ocrx_word' id='word_1_270' title='bbox 301 3479 378 3541; x_wconf 90' lang='lat' dir='ltr'><strong>hanc</strong></span> <span class='ocrx_word' id='word_1_271' title='bbox 404 3478 541 3540; x_wconf 82' lang='lat' dir='ltr'><strong>adhibuit</strong></span> <span class='ocrx_word' id='word_1_272' title='bbox 564 3478 602 3538; x_wconf 93' lang='lat' dir='ltr'><strong>ad</strong></span> <span class='ocrx_word' id='word_1_273' title='bbox 626 3478 707 3538; x_wconf 91' lang='lat' dir='ltr'><strong>illam</strong></span> <span class='ocrx_word' id='word_1_274' title='bbox 727 3477 942 3559; x_wconf 83' lang='lat' dir='ltr'><strong>explicandam.</strong></span> <span class='ocrx_word' id='word_1_275' title='bbox 986 3477 1170 3538; x_wconf 76' lang='lat' dir='ltr'><strong>ciceroniani</strong></span> <span class='ocrx_word' id='word_1_276' title='bbox 1187 3475 1296 3554; x_wconf 81' lang='lat' dir='ltr'><strong>dialogi</strong></span> 
     </span>
     <span class='ocr_line' id='line_1_32' title="bbox 71 3574 1297 3656; baseline 0.001 -27"><span class='ocrx_word' id='word_1_277' title='bbox 71 3575 212 3636; x_wconf 83' lang='lat' dir='ltr'><strong>exordium</strong></span> <span class='ocrx_word' id='word_1_278' title='bbox 239 3575 417 3637; x_wconf 88' lang='lat' dir='ltr'><strong>demonstrat</strong></span> <span class='ocrx_word' id='word_1_279' title='bbox 446 3576 532 3638; x_wconf 90' lang='lat' dir='ltr'><strong>nobis</strong></span> <span class='ocrx_word' id='word_1_280' title='bbox 558 3577 717 3653; x_wconf 91' lang='lat' dir='ltr'><strong>continuo,</strong></span> <span class='ocrx_word' id='word_1_281' title='bbox 747 3575 821 3656; x_wconf 85' lang='lat' dir='ltr'><strong>quid</strong></span> <span class='ocrx_word' id='word_1_282' title='bbox 849 3577 974 3636; x_wconf 84' lang='lat' dir='ltr'><strong>maxime</strong></span> <span class='ocrx_word' id='word_1_283' title='bbox 1000 3574 1155 3636; x_wconf 90' lang='lat' dir='ltr'><strong>scribendo</strong></span> <span class='ocrx_word' id='word_1_284' title='bbox 1182 3585 1297 3653; x_wconf 90' lang='lat' dir='ltr'><strong>specta·</strong></span> 
     </span>
     <span class='ocr_line' id='line_1_33' title="bbox 71 3669 1296 3756; baseline 0.002 -32"><span class='ocrx_word' id='word_1_285' title='bbox 71 3669 146 3730; x_wconf 83' lang='lat' dir='ltr'><strong>verit.</strong></span> <span class='ocrx_word' id='word_1_286' title='bbox 186 3673 237 3733; x_wconf 90' lang='lat' dir='ltr'><strong>Est</strong></span> <span class='ocrx_word' id='word_1_287' title='bbox 266 3673 344 3734; x_wconf 91' lang='lat' dir='ltr'><strong>illud</strong></span> <span class='ocrx_word' id='word_1_288' title='bbox 374 3695 465 3734; x_wconf 90' lang='lat' dir='ltr'><strong>unum</strong></span> <span class='ocrx_word' id='word_1_289' title='bbox 494 3675 525 3734; x_wconf 90' lang='lat' dir='ltr'><strong>in</strong></span> <span class='ocrx_word' id='word_1_290' title='bbox 551 3675 653 3756; x_wconf 87' lang='lat' dir='ltr'><strong>paucis</strong></span> <span class='ocrx_word' id='word_1_291' title='bbox 679 3676 803 3734; x_wconf 80' lang='lat' dir='ltr'><strong>maxime</strong></span> <span class='ocrx_word' id='word_1_292' title='bbox 827 3676 967 3736; x_wconf 86' lang='lat' dir='ltr'><strong>Cicerone</strong></span> <span class='ocrx_word' id='word_1_293' title='bbox 995 3673 1135 3752; x_wconf 82' lang='lat' dir='ltr'><strong>dignum,</strong></span> <span class='ocrx_word' id='word_1_294' title='bbox 1165 3671 1215 3750; x_wconf 89' lang='lat' dir='ltr'><strong>qui</strong></span> <span class='ocrx_word' id='word_1_295' title='bbox 1234 3671 1296 3750; x_wconf 91' lang='lat' dir='ltr'><strong>ipse</strong></span> 
     </span>
     <span class='ocr_line' id='line_1_34' title="bbox 71 3765 1297 3855; baseline 0.006 -34"><span class='ocrx_word' id='word_1_296' title='bbox 71 3765 106 3823; x_wconf 88' lang='lat' dir='ltr'><strong>sic</strong></span> <span class='ocrx_word' id='word_1_297' title='bbox 132 3771 262 3832; x_wconf 89' lang='lat' dir='ltr'><strong>eruditus</strong></span> <span class='ocrx_word' id='word_1_298' title='bbox 289 3772 323 3832; x_wconf 90' lang='lat' dir='ltr'><strong>in</strong></span> <span class='ocrx_word' id='word_1_299' title='bbox 350 3772 458 3834; x_wconf 90' lang='lat' dir='ltr'><strong>scholis</strong></span> <span class='ocrx_word' id='word_1_300' title='bbox 493 3773 733 3855; x_wconf 89' lang='lat' dir='ltr'><strong>philosophorum</strong></span> <span class='ocrx_word' id='word_1_301' title='bbox 762 3773 833 3848; x_wconf 84' lang='lat' dir='ltr'><strong>tuit,</strong></span> <span class='ocrx_word' id='word_1_302' title='bbox 862 3788 894 3832; x_wconf 90' lang='lat' dir='ltr'><strong>ut</strong></span> <span class='ocrx_word' id='word_1_303' title='bbox 921 3794 980 3832; x_wconf 91' lang='lat' dir='ltr'><strong>non</strong></span> <span class='ocrx_word' id='word_1_304' title='bbox 1008 3771 1147 3852; x_wconf 89' lang='lat' dir='ltr'><strong>deinceps</strong></span> <span class='ocrx_word' id='word_1_305' title='bbox 1174 3769 1208 3827; x_wconf 90' lang='lat' dir='ltr'><strong>in</strong></span> <span class='ocrx_word' id='word_1_306' title='bbox 1238 3768 1297 3828; x_wconf 92' lang='lat' dir='ltr'><strong>otio</strong></span> 
     </span>
     <span class='ocr_line' id='line_1_35' title="bbox 71 3861 1297 3952; baseline 0.003 -32"><span class='ocrx_word' id='word_1_307' title='bbox 71 3861 332 3949; x_wconf 88' lang='lat' dir='ltr'><strong>philosopharetur,</strong></span> <span class='ocrx_word' id='word_1_308' title='bbox 349 3869 401 3931; x_wconf 87' lang='lat' dir='ltr'><strong>sed</strong></span> <span class='ocrx_word' id='word_1_309' title='bbox 420 3871 635 3952; x_wconf 88' lang='lat' dir='ltr'><strong>philosophiam</strong></span> <span class='ocrx_word' id='word_1_310' title='bbox 653 3872 691 3932; x_wconf 87' lang='lat' dir='ltr'><strong>ad</strong></span> <span class='ocrx_word' id='word_1_311' title='bbox 711 3872 840 3932; x_wconf 86' lang='lat' dir='ltr'><strong>civitatis</strong></span> <span class='ocrx_word' id='word_1_312' title='bbox 857 3892 958 3946; x_wconf 91' lang='lat' dir='ltr'><strong>usum,</strong></span> <span class='ocrx_word' id='word_1_313' title='bbox 978 3869 1053 3948; x_wconf 88' lang='lat' dir='ltr'><strong>quin</strong></span> <span class='ocrx_word' id='word_1_314' title='bbox 1071 3869 1158 3930; x_wconf 89' lang='lat' dir='ltr'><strong>etiam</strong></span> <span class='ocrx_word' id='word_1_315' title='bbox 1176 3865 1216 3926; x_wconf 93' lang='lat' dir='ltr'><strong>ad</strong></span> <span class='ocrx_word' id='word_1_316' title='bbox 1234 3887 1297 3925; x_wconf 89' lang='lat' dir='ltr'><strong>eam</strong></span> 
     </span>
     <span class='ocr_line' id='line_1_36' title="bbox 71 3965 1296 4050; baseline 0.004 -33"><span class='ocrx_word' id='word_1_317' title='bbox 71 3975 138 4022; x_wconf 90' lang='lat' dir='ltr'><strong>recte</strong></span> <span class='ocrx_word' id='word_1_318' title='bbox 166 3967 384 4047; x_wconf 83' lang='lat' dir='ltr'><strong>gubernandam</strong></span> <span class='ocrx_word' id='word_1_319' title='bbox 411 3968 573 4029; x_wconf 89' lang='lat' dir='ltr'><strong>adhiberet.</strong></span> <span class='ocrx_word' id='word_1_320' title='bbox 615 3969 701 4028; x_wconf 88' lang='lat' dir='ltr'><strong>Viros</strong></span> <span class='ocrx_word' id='word_1_321' title='bbox 730 3969 819 4050; x_wconf 80' lang='lat' dir='ltr'><strong>igitur</strong></span> <span class='ocrx_word' id='word_1_322' title='bbox 847 3968 1008 4042; x_wconf 90' lang='lat' dir='ltr'><strong>continuo,</strong></span> <span class='ocrx_word' id='word_1_323' title='bbox 1030 3967 1100 4046; x_wconf 92' lang='lat' dir='ltr'><strong>qui,</strong></span> <span class='ocrx_word' id='word_1_324' title='bbox 1126 3965 1230 4045; x_wconf 87' lang='lat' dir='ltr'><strong>spretis</strong></span> <span class='ocrx_word' id='word_1_325' title='bbox 1248 3985 1296 4024; x_wconf 85' lang='lat' dir='ltr'><strong>vo·</strong></span> 
     </span>
     <span class='ocr_line' id='line_1_37' title="bbox 15 4053 1298 4148; baseline 0.002 -28"><span class='ocrx_word' id='word_1_326' title='bbox 15 4109 16 4118; x_wconf 66' lang='grc'>,</span> <span class='ocrx_word' id='word_1_327' title='bbox 39 4135 46 4148; x_wconf 26' lang='grc' dir='ltr'>ι</span> <span class='ocrx_word' id='word_1_328' title='bbox 72 4053 241 4142; x_wconf 82' lang='lat' dir='ltr'><strong>luptatibua,</strong></span> <span class='ocrx_word' id='word_1_329' title='bbox 273 4088 364 4128; x_wconf 91' lang='lat' dir='ltr'><strong>unam</strong></span> <span class='ocrx_word' id='word_1_330' title='bbox 380 4068 505 4127; x_wconf 83' lang='lat' dir='ltr'><strong>maxime</strong></span> <span class='ocrx_word' id='word_1_331' title='bbox 525 4067 653 4128; x_wconf 82' lang='lat' dir='ltr'><strong>civitatis</strong></span> <span class='ocrx_word' id='word_1_332' title='bbox 677 4088 744 4128; x_wconf 89' lang='lat' dir='ltr'><strong>suae</strong></span> <span class='ocrx_word' id='word_1_333' title='bbox 767 4068 888 4128; x_wconf 90' lang='lat' dir='ltr'><strong>salutem</strong></span> <span class='ocrx_word' id='word_1_334' title='bbox 916 4065 1075 4147; x_wconf 81' lang='lat' dir='ltr'><strong>provehere</strong></span> <span class='ocrx_word' id='word_1_335' title='bbox 1100 4064 1298 4136; x_wconf 88' lang='lat' dir='ltr'><strong>studuissent,</strong></span> 
     </span>
     <span class='ocr_line' id='line_1_38' title="bbox 68 4152 1295 4244; baseline 0.009 -33"><span class='ocrx_word' id='word_1_336' title='bbox 68 4152 145 4228; x_wconf 86' lang='lat' dir='ltr'><strong>justis</strong></span> <span class='ocrx_word' id='word_1_337' title='bbox 178 4162 314 4224; x_wconf 88' lang='lat' dir='ltr'><strong>laudibus</strong></span> <span class='ocrx_word' id='word_1_338' title='bbox 350 4165 495 4226; x_wconf 90' lang='lat' dir='ltr'><strong>celebrat:</strong></span> <span class='ocrx_word' id='word_1_339' title='bbox 537 4165 616 4244; x_wconf 90' lang='lat' dir='ltr'><strong>quod</strong></span> <span class='ocrx_word' id='word_1_340' title='bbox 653 4165 782 4226; x_wconf 87' lang='lat' dir='ltr'><strong>studium</strong></span> <span class='ocrx_word' id='word_1_341' title='bbox 811 4172 941 4224; x_wconf 74' lang='lat' dir='ltr'><strong>virtutis</strong></span> <span class='ocrx_word' id='word_1_342' title='bbox 969 4171 1176 4224; x_wconf 68' lang='lat' dir='ltr'><strong>necessitatem</strong></span> <span class='ocrx_word' id='word_1_343' title='bbox 1202 4174 1295 4223; x_wconf 82' lang='lat' dir='ltr'><strong>vocat.</strong></span> 
     </span>
     <span class='ocr_line' id='line_1_39' title="bbox 76 4249 1298 4342; baseline 0.01 -36"><span class='ocrx_word' id='word_1_344' title='bbox 76 4249 164 4314; x_wconf 76' lang='lat' dir='ltr'><strong>Urium</strong></span> <span class='ocrx_word' id='word_1_345' title='bbox 188 4263 237 4320; x_wconf 80' lang='lat' dir='ltr'><strong>boc</strong></span> <span class='ocrx_word' id='word_1_346' title='bbox 264 4266 387 4342; x_wconf 82' lang='lat' dir='ltr'><strong>definio,</strong></span> <span class='ocrx_word' id='word_1_347' title='bbox 414 4274 534 4323; x_wconf 80' lang='lat' dir='ltr'><strong>tantam</strong></span> <span class='ocrx_word' id='word_1_348' title='bbox 559 4286 621 4324; x_wconf 79' lang='lat' dir='ltr'><strong>aare</strong></span> <span class='ocrx_word' id='word_1_349' title='bbox 649 4273 956 4324; x_wconf 75' lang='lat' dir='ltr'><strong>necessitatem</strong></span> <span class='ocrx_word' id='word_1_350' title='bbox 975 4267 1298 4341; x_wconf 77' lang='lat' dir='ltr'><strong>virtutiegcnm&#39;</strong></span> 
     </span>
     <span class='ocr_line' id='line_1_40' title="bbox 73 4349 1296 4438; baseline 0.006 -29"><span class='ocrx_word' id='word_1_351' title='bbox 73 4349 213 4418; x_wconf 74' lang='lat' dir='ltr'><strong>bantinum</strong></span> <span class='ocrx_word' id='word_1_352' title='bbox 238 4363 267 4418; x_wconf 75' lang='lat' dir='ltr'><strong>a</strong></span> <span class='ocrx_word' id='word_1_353' title='bbox 287 4373 418 4438; x_wconf 64' lang='lat' dir='ltr'><strong>nomm,</strong></span> <span class='ocrx_word' id='word_1_354' title='bbox 439 4373 618 4438; x_wconf 80' lang='lat' dir='ltr'><strong>tantumque</strong></span> <span class='ocrx_word' id='word_1_355' title='bbox 645 4384 821 4424; x_wconf 81' lang='lat' dir='ltr'><strong>amorem</strong></span> <span class='ocrx_word' id='word_1_356' title='bbox 841 4365 882 4422; x_wconf 74' lang='lat' dir='ltr'><strong>act</strong></span> <span class='ocrx_word' id='word_1_357' title='bbox 899 4375 1084 4423; x_wconf 81' lang='lat' dir='ltr'><strong>communem</strong></span> <span class='ocrx_word' id='word_1_358' title='bbox 1101 4361 1232 4421; x_wconf 61' lang='lat' dir='ltr'><strong>solmam</strong></span> <span class='ocrx_word' id='word_1_359' title='bbox 1248 4360 1296 4417; x_wconf 85' lang='lat' dir='ltr'><strong>de·</strong></span> 
     </span>
     <span class='ocr_line' id='line_1_41' title="bbox 66 4447 1296 4542; baseline -0.002 -24"><span class='ocrx_word' id='word_1_360' title='bbox 66 4447 240 4518; x_wconf 66' lang='lat' dir='ltr'><strong>fuldradum</strong></span> <span class='ocrx_word' id='word_1_361' title='bbox 267 4463 391 4537; x_wconf 79' lang='lat' dir='ltr'><strong>dotum,</strong></span> <span class='ocrx_word' id='word_1_362' title='bbox 430 4471 466 4520; x_wconf 82' lang='lat' dir='ltr'><strong>ut</strong></span> <span class='ocrx_word' id='word_1_363' title='bbox 492 4481 528 4519; x_wconf 81' lang='lat' dir='ltr'><strong>eu</strong></span> <span class='ocrx_word' id='word_1_364' title='bbox 556 4470 602 4520; x_wconf 79' lang='lat' dir='ltr'><strong>oia</strong></span> <span class='ocrx_word' id='word_1_365' title='bbox 629 4471 732 4522; x_wconf 81' lang='lat' dir='ltr'><strong>omnio</strong></span> <span class='ocrx_word' id='word_1_366' title='bbox 759 4463 1157 4542; x_wconf 79' lang='lat' dir='ltr'><strong>blondimmto&#39;ooluptotia</strong></span> <span class='ocrx_word' id='word_1_367' title='bbox 1183 4465 1296 4536; x_wconf 76' lang='lat' dir='ltr'><strong>otiique</strong></span> 
     </span>
    </p>
   </div>
   <div class='ocr_carea' id='block_1_5' title="bbox 0 0 1454 5120">
    <p class='ocr_par' dir='ltr' id='par_1_6' title="bbox 0 0 1454 5120">
     <span class='ocr_line' id='line_1_42' title="bbox 0 0 1454 5120; baseline 0 0"><span class='ocrx_word' id='word_1_368' title='bbox 0 0 1454 5120; x_wconf 95' lang='lat' dir='ltr'><strong> </strong></span> 
     </span>
    </p>
   </div>
  </div>
 </body>
</html>
