2838 5120
732 275 791 336 tes

141 439 277 512 ridetur,
304 438 419 500 invenit
443 439 539 514 Plato,
568 441 600 498 in
627 440 729 519 primis
757 439 932 520 placuerunt
963 439 1032 500 iere.
1074 441 1279 523 Philosophum
1301 457 1355 501 tan-

141 559 227 617 quam
255 532 443 616 μονευτικόν,
471 541 540 597 item
567 551 705 616 tanquam
731 533 911 600 διαλεκτικόν
923 587 933 616 ,
965 561 1106 621 nusquam
1127 543 1158 600 in
1179 543 1289 620 scriptis
1307 541 1354 620 plc-

142 639 209 696 nius
238 639 474 718 accuratiusque,
501 657 587 716 quam
615 638 647 696 in
678 641 843 719 Sophiste,
871 641 1043 722 descripsit:
1069 637 1099 719 l)
1130 659 1269 717 nusquam
1297 637 1356 696 idem

141 736 307 818 philosophi
333 737 475 812 studium,
496 759 554 816 quo
573 739 599 798 is
621 759 637 796 a
661 739 787 819 sophista
813 739 994 820 dignoscitur
1021 739 1166 812 maxime,
1195 737 1357 810 dilucidius,
1417 809 1418 822 ,

122 854 226 912 .quam
244 836 276 893 in
295 836 396 895 eodem
413 836 467 895 hoc
486 835 601 915 dialogo
619 839 768 918 proposuit
787 851 872 916 atque
891 839 1040 920 expressit.
1076 835 1298 917 ullepcm'undi,
1313 835 1358 908 ait,

140 931 307 1014 philosophi
328 956 389 994 non
407 935 521 1008 minor,
548 955 633 1013 quam
656 936 817 1017 sophistae,
846 935 1006 996 difficultas
1022 948 1082 1008 cst,
1101 955 1274 1014 quamquam
1291 932 1358 991 dissi·

141 1030 219 1089 milis
238 1030 364 1093 videtur.
406 1031 586 1113 Sophistam,
616 1035 724 1115 quippe
743 1039 794 1113 qui
816 1032 863 1113 εἰςΙ
883 1028 938 1116 τήν
964 1032 1019 1094 τοῦ
1045 1026 1090 1114 pq*
1119 1026 1206 1105 ὄντος
1234 1023 1360 1092 σκοτεινό-

141 1151 230 1209 τητο,
252 1135 286 1188 in
306 1139 394 1208 quo,
413 1133 488 1210 quod
506 1153 564 1190 non
593 1143 655 1206 aot,
676 1135 889 1194 obcoenitatem
909 1137 1023 1216 aufugit
1043 1147 1070 1194 et
1096 1133 1306 1195 consuetudine
1321 1132 1359 1190 hus

142 1245 217 1290 amat
253 1231 404 1305 tenebras,
450 1244 566 1311 propter
594 1230 651 1290 loci
679 1232 882 1295 obscuritatem
911 1233 1034 1294 difficile
1064 1248 1105 1293 est
1129 1231 1356 1304 animadvertere,

143 1323 162 1390 0‘
184 1322 221 1389 δέ
239 1351 271 1409 γε
294 1321 471 1410 φιλόσοφος,
493 1327 534 1414 τῇ
554 1329 617 1390 τοῦ
638 1324 740 1406 ὄντος
762 1323 809 1394 ciel
832 1328 882 1396 tri
903 1331 1056 1414 topionoir
1076 1328 1284 1413 προσκείμενος
1297 1323 1352 1410 idib,

145 1426 194 1492 daci
219 1425 254 1493 w*
281 1425 417 1514 λαμπρόν
444 1423 484 1491 αὖ
507 1427 563 1512 τῆς
589 1426 707 1515 χώρας,
734 1429 876 1516 οὐδαμῶς
904 1430 1025 1517 εὖπετής
1053 1429 1204 1516 ὀφθῆναι·
1240 1426 1283 1494 aa*
1308 1425 1351 1512 yria
1417 1445 1418 1492 ff

144 1534 209 1617 τῆς
238 1533 310 1596 τῶν
340 1534 480 1595 πολλῶν
510 1536 639 1616 ψυχῆς
671 1531 825 1618 ὄμματα
858 1542 1065 1621 καρτερεῖν,
1092 1530 1183 1616 πρὸς
1210 1529 1252 1597 td
1279 1538 1356 1598 θεῖον

145 1633 367 1721 ἀφορῶντα,
387 1631 585 1699 Ιἀδύνατα·
618 1654 725 1700 contra
752 1667 820 1702 varo
848 1645 1053 1722 philosophus,
1081 1651 1135 1720 qut
1165 1641 1274 1714 illius,
1302 1637 1358 1717 quoi

145 1753 225 1816 eet,
255 1742 354 1799 ideam
385 1749 582 1820 persequitur
606 1751 766 1818 perpetuo,
788 1753 916 1820 proptor
944 1743 1000 1801 loci
1026 1741 1211 1818 splendorem
1239 1763 1295 1799 non
1313 1739 1359 1814 su·
1417 1763 1418 1767 ¹

145 1841 202 1898 cilo
240 1847 451 1918 conspicitur:
499 1861 588 1898 num
627 1841 738 1916 opnd
775 1841 929 1921 vulgus
972 1841 1181 1900 leontinum
1224 1843 1357 1897 montis

146 1939 281 2013 oculi,
311 1939 377 1995 uhi
409 1939 452 1996 id
484 1940 587 2017 quod
621 1941 809 1997 divinum
844 1949 908 1999 ort
940 1944 1211 2015 suspiciunt,
1245 1939 1355 1994 lumen

70 2060 76 2072 ·
141 2040 346 2116 perferre
375 2059 450 2096 non
466 2048 657 2114 possunt.
687 2035 718 2116 2)
743 2039 821 2096 Haec
844 2037 889 2097 vis
916 2051 977 2111 est,
1006 2036 1053 2094 hic
1074 2036 1191 2094 effectus
1210 2034 1354 2094 dialecticae
1417 2031 1418 2036 ’

147 2136 330 2195 Platonicae:
359 2135 444 2216 plura
470 2137 633 2215 majoraque
661 2136 794 2211 invenit,
824 2155 909 2214 quam
926 2135 1054 2213 quaerit:
1087 2131 1221 2212 idemque
1249 2128 1355 2193 marinis
1417 2131 1418 2162 ³

146 2235 206 2294 fere
232 2235 359 2315 ingeniis
386 2235 502 2309 evenit,
530 2255 603 2312 quae
633 2235 759 2294 naturali
788 2255 817 2294 se
847 2235 959 2293 ratione
988 2232 1156 2313 explicant,
1189 2246 1220 2291 ut
1247 2239 1353 2294 tentent,

147 2351 219 2411 quae
247 2354 308 2391 non
338 2332 462 2412 possint*
476 2331 636 2411 perficere,
665 2333 818 2414 perficiant
845 2345 940 2398 autem
967 2331 1140 2412 praeclare,
1172 2331 1205 2388 in
1234 2329 1279 2386 his
1305 2323 1354 2406 ipsis

147 2429 419 2508 disquisitionibus,
440 2449 512 2508 quae
531 2451 592 2490 non
608 2433 795 2492 tentaverint.
817 2433 854 2492 Et
873 2431 912 2489 sic
934 2428 1052 2509 quidem
1073 2428 1153 2488 Plato
1174 2430 1206 2488 in
1225 2427 1279 2486 hoc
1297 2437 1355 2483 utro
1417 2416 1418 2473 Ϊ

147 2550 203 2608 que
222 2528 355 2608 dialogo,
374 2529 505 2606 quamuis
522 2529 595 2588 miro
614 2529 674 2587 fere
694 2532 825 2589 acumine
846 2528 1002 2610 sophistam
1021 2548 1054 2586 ac
1073 2527 1227 2608 politicum
1245 2523 1357 2606 explora-

148 2628 225 2690 verit
248 2623 539 2708 perspiciendumque
559 2626 643 2686 nobis
664 2626 795 2703 dederit,
817 2641 914 2686 tamen
933 2626 1011 2705 quod
1032 2647 1092 2684 non
1111 2625 1274 2706 spectabat,
1299 2616 1357 2700 quod
1417 2613 1418 2616 ¹

148 2727 181 2786 in
209 2724 291 2785 aliud
318 2725 378 2806 ipse
404 2735 516 2806 tempus
543 2727 698 2804 reiecerat,
730 2741 761 2785 ut
779 2727 989 2805 philosophum
1010 2725 1043 2783 in
1066 2723 1131 2782 luce
1156 2735 1293 2803 poneret,
1319 2719 1356 2776 hoc

149 2826 205 2905 ipsi
231 2825 262 2882 in
291 2823 337 2882 his
365 2823 543 2884 sermonibus
568 2824 653 2904 longe
674 2825 759 2884 etiam
784 2824 887 2884 melius
915 2825 1007 2883 cessit.
1049 2822 1235 2881 Inventionis
1263 2817 1358 2879 omnim

149 2923 231 3004 pleni
255 2935 323 2981 sunt
344 2922 376 2980 hi
402 2919 528 3002 dialogi:
559 2923 724 3003 iidemque,
754 2923 833 3003 quod
852 2944 912 2981 non
933 2918 1140 3001 negligendum
1159 2935 1219 2995 est,
1249 2913 1359 3000 quaein

147 3021 293 3081 Socratica
312 3022 349 3080 sit
366 3014 506 3106 ἐπαγωγῇ
527 3022 700 3082 inveniendi
728 3023 819 3098 ratio,
847 3020 956 3101 egregie
977 3018 1138 3078 declarant.
1180 3020 1222 3078 Ut
1241 3018 1361 3081 Socrates,
1417 3063 1418 3070 ,

150 3123 190 3180 ita
209 3122 321 3181 Eleates
338 3122 420 3182 hicce
439 3146 455 3182 a
474 3125 550 3183 notis
568 3121 605 3181 ad
626 3122 721 3202 ignota
741 3119 890 3202 procedit:
921 3111 1155 3198 ἄσπολιεοτνκὴν,
1182 3139 1243 3176 rem
1270 3105 1362 3173 nemini

150 3221 296 3299 ignotam,
324 3221 361 3280 ad
390 3222 589 3303 sophisticam,
618 3241 691 3299 quae
720 3208 813 3299 qualis
843 3235 914 3280 essct
940 3220 1147 3300 quaerebatur,
1179 3209 1365 3298 explicandam

151 3331 280 3399 usurpat.
321 3321 431 3379 Pariter
451 3322 484 3379 in
506 3321 632 3378 Politice
651 3319 739 3378 telam
758 3317 879 3377 adhibet
897 3319 1033 3400 politicae
1058 3317 1251 3378 declarandae
1271 3303 1363 3372 caussi-

148 3417 237 3491 Quod
263 3439 320 3496 quo
347 3419 467 3478 consilio
497 3419 616 3492 iecerit,
647 3431 675 3476 et
699 3418 761 3496 ipse
780 3415 907 3477 declarat
933 3415 1047 3476 disertis
1067 3416 1165 3478 verbis
1184 3416 1264 3488 loco',
1293 3419 1364 3488 q¹1⁰¹¹¹

91 3569 94 3578 ,
153 3515 376 3598 adscripsimus,
398 3514 429 3596 3)
450 3531 477 3577 et
496 3539 548 3577 nos
568 3538 583 3575 e
601 3514 848 3597 disputationibus
872 3515 996 3574 maxime
1022 3513 1058 3574 de
1082 3514 1210 3595 perfecta
1233 3501 1367 3591 1·epubll⁰³

154 3616 327 3696 colligimus.
370 3616 469 3691 Fecit,
491 3630 523 3675 ut
543 3637 621 3673 conr
628 3601 797 3691 porottd
804 3637 819 3672 ο
847 3613 884 3672 ad
908 3634 1002 3672 rerum
1021 3613 1169 3672 scientiam
1188 3607 1354 3693 perveniret·

191 3716 242 3775 Est
260 3716 339 3776 locus
356 3712 424 3775 sane
443 3716 474 3774 in
496 3714 649 3773 dialectica
665 3733 802 3794 perquam
820 3712 935 3792 gravis,
955 3713 1005 3792 qui
1026 3725 1068 3770 est
1086 3710 1123 3770 de
1145 3703 1369 3788 comparationi-

152 3816 214 3872 tna.
265 3815 447 3895 Quantopere
472 3813 527 3872 hae
554 3811 672 3871 valeant
701 3810 738 3870 ad
768 3831 811 3869 res
839 3822 971 3869 accurate
1000 3807 1228 3890 cognoscendas,
1255 3802 1367 3864 maxime

110 3923 112 3927 '
152 3910 190 3970 ad
207 3925 282 3970 recte
299 3911 479 3987 docendum,
500 3910 600 3992 paullo
620 3924 687 3969 autc
705 3908 848 3984 vidimus,
869 3930 957 3988 quum
985 3907 1022 3966 de
1042 3909 1244 3984 erarnplornm
1271 3923 1321 3961 usu
1341 3896 1365 3952 in

151 4010 296 4069 Socratica
315 4009 485 4070 inductione
503 4009 664 4090 agebamus.
686 4004 719 4087 4)
751 4008 788 4068 Et
816 4028 883 4068 sane
913 4005 1097 4069 vetustissimi
1125 4003 1244 4065 humani
1262 3991 1361 4082 generis

186 4221 212 4286 t)
230 4223 307 4274 Initio
324 4238 349 4289 p.
367 4221 409 4274 ot.
427 4222 499 4290 Sepla.
517 4211 619 4288 plat.

187 4306 213 4372 a)
231 4310 303 4378 sept.
319 4307 370 4359 254
387 4307 419 4359 a.
658 4295 667 4316 ”

184 4394 211 4459 3)
229 4395 306 4447 Initia
322 4412 348 4462 p.
365 4392 423 4444 25⁷.
444 4392 482 4444 ct.
501 4391 559 4446 252.

187 4481 214 4544 ll
233 4483 292 4534 End.
312 4478 414 4548 pffl251t.
