2908 5114
717 261 777 320 308

129 425 301 490 excursibus
326 424 492 505 perficiunt.
542 413 787 504 Ὁμηρικώτατος
818 423 905 502 vulgo
932 419 1096 482 Herodotus
1128 422 1266 499 dicitur,
1307 445 1367 485 uon

127 528 282 590 verborum
309 523 407 582 caussa
425 522 607 601 quorundam
624 537 676 582 aut
705 521 886 594 dictionum,
907 540 981 600 quac
1010 521 1119 600 pariter·
1147 523 1224 602 apud
1251 523 1369 603 princi-

127 645 193 707 pem
217 625 295 682 hunc
319 609 507 701 reperiantur'
528 627 696 701 poetarum,
718 639 771 680 uec
794 607 862 682 verri
881 631 1000 699 propter
1020 617 1214 699 episodiorum
1232 622 1322 679 unice
1342 633 1369 678 et

125 722 354 799 colloquiorum,
375 739 448 796 quae
468 717 547 798 apud
566 733 718 798 utrumque
741 731 875 791 exstent,
895 717 1107 795 frequentiam
1136 716 1186 776 sert
1215 730 1370 796 propterea

125 820 298 900 praecipue,
319 815 398 895 quod
418 829 476 874 tam
496 817 651 890 historiae,
673 837 757 895 quam
780 823 895 895 poeseos
922 835 1027 895 parens
1053 814 1231 893 analyticam
1252 827 1370 872 secutus

126 918 286 988 rationem,
308 913 455 972 inmedias
471 934 522 972 nos
543 935 587 971 res
605 915 683 993 rapit
705 915 847 973 continuo
857 957 865 986 ,
886 927 949 972 tum
967 902 1106 970 monstrat
1124 911 1208 970 nobis
1226 924 1255 968 et
1274 911 1367 990 expli·

126 1027 172 1072 cat
201 1011 315 1090 singula
343 1010 514 1070 identidem.
566 1013 693 1090 Uterque
713 1012 750 1069 ab
777 1009 899 1069 exordio
918 1008 990 1068 inde
1010 1011 1119 1068 excitat
1148 1009 1180 1066 in
1208 1008 1296 1067 nobis
1327 1010 1369 1066 iu·

125 1109 263 1188 quireudi
282 1106 427 1166 studium:
450 1110 562 1185 quaerit
578 1111 719 1169 continuo
745 1127 858 1166 caussas
876 1127 991 1180 rerum,
1013 1120 1045 1164 ut
1064 1107 1151 1166 initio
1171 1109 1336 1179 Homerus:

322 1201 377 1277 Τίς
397 1199 424 1292 r’
445 1199 483 1285 rip
506 1206 588 1286 σφῶε
611 1205 695 1266 θεῶν
717 1199 793 1287 ἔριδι
816 1198 933 1284 ξυνέηκε
956 1197 1128 1282 irrigandam
1149 1205 1178 1286 l)

126 1309 192 1367 Pari
219 1308 386 1386 quaestione
415 1307 579 1367 Herodotus
598 1308 722 1367 Graecos
738 1306 823 1367 nobis
842 1305 1037 1384 barbarosque
1054 1303 1281 1376 considerandos
1304 1325 1371 1383 pro·

123 1405 224 1486 ponit,
245 1416 276 1463 ut
294 1402 421 1483 explicet
436 1405 521 1463 nobis
539 1404 694 1485 deinceps,
714 1403 793 1483 quod
812 1403 936 1462 maxime
955 1403 1085 1461 facturus
1104 1417 1147 1460 est
1157 1447 1166 1475 ,
1183 1401 1263 1459 bella
1273 1402 1376 1458 Persi-

127 1523 170 1561 ca.
193 1499 224 1582 2)
254 1501 413 1580 Paedagogi
433 1515 553 1579 uterque
573 1503 666 1561 instar
683 1500 762 1583 apud
789 1500 981 1582 Euripidem,
1003 1512 1035 1556 ut
1064 1498 1208 1572 vidimus,
1230 1519 1300 1556 eum
1321 1520 1377 1557 nos

127 1599 274 1658 inlocum
295 1596 413 1672 educit,
436 1597 516 1657 unde
535 1614 694 1680 spectemus
712 1599 768 1678 ipsi
796 1599 912 1658 omnia:
933 1590 1001 1671 vel,
1023 1610 1055 1654 ut
1076 1597 1155 1676 apud
1182 1599 1278 1676 ipsum
1309 1598 1376 1654 Ho-

126 1716 237 1754 merum
255 1695 386 1769 Hclena,
405 1696 518 1754 Priamo
534 1697 709 1775 senibusque
731 1696 866 1773 Trojanis
894 1696 927 1753 iu
949 1693 1101 1754 moenibus
1131 1692 1279 1766 assidens,
1312 1715 1375 1773 spe·

128 1792 275 1852 stantibus
295 1793 357 1851 illis
381 1793 493 1852 indicat
517 1794 637 1874 ‘singula
662 1806 691 1852 et
723 1805 856 1852 enarrat:
885 1793 927 1850 sic
957 1791 1045 1871 plane
1076 1790 1239 1851 Herodotus
1270 1791 1375 1848 orbem

119 1885 213 1950 mobis
239 1899 381 1950 terrarum
410 1891 521 1971 aperit,
550 1905 583 1950 ut
613 1912 628 1949 e
657 1891 779 1950 Graecia
812 1909 864 1947 nos
895 1889 927 1947 in
958 1909 1057 1948 omnes
1083 1901 1196 1967 partes,
1216 1888 1251 1946 in
1270 1909 1377 1948 omncs

126 1988 249 2069 populos
276 1988 483 2068 dispicientes,
504 1988 679 2048 Graecorum
698 1987 778 2046 bella
808 2006 874 2044 cum
892 1985 1043 2060 barbaris,
1065 1972 1235 2064 praesertim
1255 1986 1375 2043 Persica

125 2085 367 2164 contemplemur.

168 2183 293 2266 Naturae
314 2183 384 2240 haec
404 2183 477 2242 ratio
492 2195 683 2242 consentanea
704 2193 764 2256 cst,
786 2182 945 2260 analytica
971 2193 1013 2240 est
1041 2177 1113 2254 illa,
1134 2198 1220 2258 quam
1240 2199 1257 2237 c
1275 2177 1373 2238 diale-

129 2280 220 2346 cticae
239 2279 404 2348 Platonicae
425 2281 581 2361 principiis
601 2280 749 2340 declarare
770 2279 961 2360 instituimus.
983 2277 1076 2336 Nam
1095 2290 1128 2334 ut
1145 2276 1203 2335 huc
1224 2296 1278 2334 nos
1301 2277 1375 2335 edu·

129 2377 174 2434 xit
193 2377 230 2434 ab
251 2377 337 2435 initio
356 2377 538 2450 Herodotus,
559 2375 598 2436 ad
616 2377 746 2455 gentium
771 2397 824 2436 nos
846 2374 985 2454 deinceps
1004 2373 1173 2452 singulatim
1192 2394 1252 2446 res,
1273 2371 1377 2452 Lydo·

129 2493 209 2546 rum,
231 2474 400 2547 Persarum,
421 2474 629 2552 Aegyptiorum
639 2517 648 2548 ,
675 2474 799 2532 maxime
819 2473 1014 2545 Graecorum,
1035 2492 1157 2550 quorum
1177 2471 1276 2528 caussa
1300 2472 1377 2532 haec

126 2570 328 2648 exquirimus,
349 2569 387 2628 ad
408 2568 510 2628 horum
531 2570 660 2628 omnium
680 2570 770 2649 igitur·
787 2591 832 2630 res
856 2570 1025 2648 singulatim
1044 2569 1236 2647 universeque
1260 2589 1377 2648 cogno-

128 2666 250 2726 scendas
276 2680 400 2726 attentos
428 2668 516 2742 facit3
539 2689 592 2726 nos
610 2680 706 2727 autem
731 2667 868 2726 lubenter
888 2667 958 2724 haec
989 2687 1047 2724 uua
1075 2685 1140 2723 cum
1167 2664 1241 2723 duce
1270 2681 1378 2725 nostro

129 2765 300 2824 suavissimo
329 2765 505 2843 inquirimus
534 2778 562 2823 et
589 2766 825 2845 pervestigamus.
877 2762 1021 2823 Abhorret
1053 2762 1125 2821 haec
1155 2762 1265 2842 epica,
1297 2784 1378 2842 quae

130 2873 268 2935 vocatur,
296 2859 434 2935 historiae
457 2862 547 2921 forma
566 2883 582 2919 a
602 2876 779 2921 caeterorum
804 2861 1007 2919 historicorum
1034 2860 1163 2918 ratione:
1195 2877 1378 2937 quamquam

127 2960 231 3038 optimi
250 2959 358 3036 quique
378 2952 521 3039 permulta
539 2958 629 3033 inde,
650 2959 747 3038 prouti
773 2958 956 3032 monuimus,
975 2968 1011 3015 ut
1035 2957 1182 3038 episodia,
1204 2976 1378 3032 sermones,

126 3057 292 3131 orationes,
308 3055 532 3135 disquisitiones
561 3069 766 3135 susceperunt3
789 3053 840 3114 sed
858 3055 950 3114 forma
974 3068 1071 3114 tamen
1089 3067 1221 3132 totusque
1250 3051 1379 3114 habitus

129 3153 167 3212 ab
187 3153 331 3212 hodierno
350 3175 404 3211 usu
425 3152 576 3212 abhorret}
598 3174 656 3232 quo
672 3151 793 3228 accidit,
815 3165 847 3210 ut
866 3153 1011 3211 mirentur
1029 3153 1088 3210 fere
1107 3151 1257 3224 homines,
1277 3173 1379 3230 quum

130 3251 257 3330 primum
274 3249 312 3308 ad
333 3250 488 3336 legendum
517 3248 697 3310 Herodotum
718 3262 908 3310 accesserunt.
958 3250 1117 3321 Nesciunt,
1144 3247 1212 3326 quoi
1233 3263 1378 3327 spectent

129 3368 203 3424 quac
223 3346 260 3406 de
281 3349 384 3406 Croeso
403 3346 607 3426 Lydorumque
626 3346 761 3427 regibus,
783 3346 819 3407 de
840 3348 915 3426 Cyro
936 3359 965 3404 ct
986 3345 1125 3424 Cambyse
1146 3330 1258 3424 copiose
1275 3364 1375 3404 enar-

131 3459 243 3504 rantur.
266 3444 367 3504 vIdem
387 3446 485 3504 evenit
506 3446 559 3519 iis,
580 3446 631 3526 qui
654 3445 747 3524 legere
777 3438 926 3503 Platonem
951 3444 1120 3523 incipiunt:
1150 3442 1258 3521 pariter
1283 3441 1325 3501 hi
1351 3457 1377 3501 et

131 3543 221 3622 magis
240 3543 326 3602 etiam
344 3543 496 3602 mirantur.
515 3545 605 3618 Nam,
626 3544 668 3602 uti
689 3541 743 3600 hoc
769 3541 828 3599 lere
846 3542 1009 3620 exigunt'a
1029 3539 1221 3620 philosopho,
1251 3551 1285 3595 ut
1312 3541 1377 3619 pla·

131 3641 189 3700 cita
209 3640 362 3718 probando
381 3638 663 3717 demonstrandoque
690 3639 744 3696 sibi
776 3650 903 3718 exponat
932 3650 960 3694 ct
989 3635 1180 3718 persuadeat,
1201 3652 1376 3711 quaerunt,

131 3735 207 3814 quid
234 3737 370 3817 platanus
391 3737 444 3796 illa
460 3738 493 3796 in
508 3736 657 3810 Phaedro,
676 3735 749 3813 quid
766 3735 868 3794 Ilissus
878 3779 886 3808 ,
908 3733 981 3813 quid
999 3734 1159 3812 Agathonir
1180 3734 1377 3808 convivium,

70 3831 74 3840 “
133 3831 206 3909 quid
229 3852 371 3893 sermones
392 3834 439 3894 illi
460 3833 585 3892 Phaedri
601 3854 666 3891 cum
681 3832 797 3892 Socrate
814 3831 852 3890 dc
867 3832 972 3911 Lysia,
991 3829 1027 3890 dc
1049 3851 1142 3889 amore
1152 3828 1206 3904 ,de
1225 3829 1377 3906 eloquen-

132 3930 193 3987 tia:
215 3928 287 4006 quid
305 3951 349 3988 res
367 3931 487 3990 omnino
505 3943 624 4004 tenues,
647 3943 723 4007 certe
747 3950 807 3989 non
828 3929 960 4008 proxime
980 3927 1018 3984 ad
1046 3926 1260 4007 philosophiam
1280 3930 1376 4006 perti-

133 4040 253 4099 nentes,
275 4047 340 4085 curu
361 4028 562 4109 philosophiae
582 4029 721 4106 gravitate
741 4044 891 4084 commune
909 4024 1055 4083 habeant:
1087 4023 1247 4108 sed‘iidem
1258 4068 1266 4094 ,
1286 4040 1375 4102 post-

130 4144 220 4204 quam
239 4124 301 4186 sive
321 4124 500 4185 Herodotum
520 4126 582 4187 sive
603 4124 752 4184 Platonem
774 4136 885 4198 toturn,
906 4143 959 4182 nec
980 4142 1047 4182 vero
1066 4121 1172 4195 semel,
1193 4118 1243 4178 sed
1263 4121 1375 4180 iterum

168 4341 194 4404 r)
213 4341 287 4392 rrraa.
311 4324 338 4388 α’
359 4361 398 4395 v..
416 4343 441 4395 a.
506 4305 508 4309 ’
577 4305 578 4308 “

165 4433 193 4496 2)
212 4434 308 4507 Herod.
331 4435 441 4486 Procrin.
