2886 5118
755 299 813 358 426

158 458 300 537 ecquissit
314 457 529 518 exercitationis
540 459 748 537 hujusmodus.
792 463 865 520 Tum
878 462 928 520 ille
940 475 967 521 et
977 462 1034 523 alia
1051 464 1078 522 ei
1089 465 1233 545 praecipit
1248 480 1274 525 et
1291 466 1377 527 hocce:

158 550 223 636 χρή
240 553 276 616 di
292 554 341 616 καὶ
359 549 430 616 ro'ts
453 550 495 616 ἔτι
516 552 592 636 πρὸς
609 552 704 644 τούτῳ
726 563 833 620 ποιεῖν·
855 556 901 642 μή
922 555 1017 638 μόνον
1038 559 1063 621 εἰ
1074 555 1153 621 ἔστιν
1163 557 1282 625 ἕκαστον
1295 559 1375 626 siaon-

157 653 301 735 θέμενον,
324 661 439 719 σκοπεῖν
461 651 498 718 tsi
518 658 717 739 συμβαίνοντα
733 660 765 722 ἐκ
785 663 839 744 τῆς
853 656 1042 738 ὑποθέσεως,
1066 658 1140 724 ἄλλα
1156 665 1205 725 καὶ
1227 665 1250 726 si
1267 660 1309 748 μή
1322 666 1377 736 ἐστι,

156 755 192 822 τό
213 756 288 822 αὐτό
306 762 394 822 τοῦτο
412 754 631 836 ὑποτίθεσθαι,
648 763 673 824 ri
686 758 784 843 βούλει
795 765 909 844 μᾶλλον
925 765 1149 848 γυμνασθῆναι·
1166 771 1248 826 illud
1260 779 1376 845 prostar-

156 886 191 922 eu
206 867 392 940 faciendum
419 875 482 923 ast:
506 887 564 924 non
585 868 701 942 solum,
722 870 773 926 ubi
794 871 927 948 quodque
945 891 1005 928 essa
1016 879 1204 946 suppositum
1221 877 1284 942 est,
1301 870 1377 946 capla·

156 984 251 1037 rurs,
271 985 347 1042 quus
368 985 382 1020 e
403 970 600 1041 suppositione
621 978 859 1044 consequantur,
890 970 941 1026 sed
961 975 1072 1042 etium,
1094 971 1145 1026 ubt
1166 989 1224 1026 non
1246 987 1303 1024 asse
1321 987 1376 1042 sup-

154 1071 288 1142 positum
308 1071 371 1135 est,
392 1063 443 1119 hoc
463 1069 563 1141 ipsum
592 1085 773 1142 supponere,
803 1057 950 1146 st'qu'idsm
977 1077 1058 1125 reete
1078 1072 1246 1125 sancituri
1265 1065 1330 1121 aslis
1348 1061 1375 1141 l).

159 1158 302 1218 Similiter
319 1159 349 1218 in
365 1159 516 1219 Phileboa
532 1159 687 1221 dialectica
698 1161 817 1222 ducitur
827 1163 1035 1246 disputationis
1054 1165 1182 1224 initium.
1227 1163 1375 1222 Continetur

160 1256 232 1316 adeo
252 1259 346 1338 ipsum
358 1259 535 1338 prooemium
545 1258 627 1319 illius
637 1259 833 1341 descriptione
851 1261 996 1336 methodi,
1017 1283 1091 1341 quae
1112 1260 1262 1321 cernendo
1275 1262 1375 1338 jungen-

159 1341 254 1435 doque
272 1357 438 1416 instituitur
457 1370 542 1436 atque
562 1359 648 1417 unice
669 1360 727 1419 tuit
742 1360 855 1419 Platoni
876 1362 1003 1442 propria.
1045 1361 1195 1419 Prooemio
1211 1372 1303 1418 autem
1320 1370 1376 1414 uttr-

158 1475 215 1533 que
237 1452 370 1534 dialogus
390 1476 571 1534 consequens
589 1469 649 1515 est:
671 1470 747 1517 totus
769 1471 888 1538 uterque
917 1457 1070 1518 dialectiea
1098 1456 1306 1538 disceptatione
1322 1476 1375 1512 con·

157 1566 221 1612 stat.
265 1553 351 1627 Quod
367 1551 404 1612 ad
422 1553 624 1614 Parmenidem
644 1557 811 1635 praesertim
830 1556 1058 1635 intelligendum
1078 1554 1373 1616 recteanimadreuen·

156 1649 228 1710 dum
246 1650 411 1731 legentibus
429 1666 479 1713 est.
521 1651 747 1730 Disqnisitiones
770 1655 889 1713 enimin
909 1654 964 1713 hoc
978 1651 1093 1733 dialogo
1111 1674 1170 1712 non
1189 1654 1293 1734 magis,
1310 1669 1374 1730 quau

158 1749 190 1808 in
211 1749 386 1824 Theaeteto,
407 1749 445 1808 ad
462 1765 569 1810 certam
590 1752 737 1829 quandam
757 1752 972 1812 conclusionem
999 1752 1212 1833 perducuntur.
1258 1750 1373 1826 Quocirca
1400 1813 1404 1824 Ι

156 1849 252 1907 mirati
264 1846 296 1906 id
310 1869 396 1927 quam
415 1849 534 1929 plurimi
548 1864 617 1909 sunt
627 1895 635 1923 ,
647 1851 787 1911 nonnulli
798 1851 870 1910 adeo
881 1873 896 1909 a
907 1851 1025 1912 Platone
1037 1850 1085 1909 rel
1096 1871 1156 1908 non
1166 1849 1323 1927 adjectum,
1339 1845 1373 1906 rel

156 1960 220 2027 post
238 1967 303 2005 eum
323 1946 508 2028 deperditum
524 1967 584 2008 esse
601 1951 741 2008 sermonis
771 1948 859 2008 finem
877 1950 1014 2030 suspicati
1038 1961 1106 2008 sunt
1125 1945 1167 2028 2),
1189 1948 1298 2008 Verum
1314 1945 1372 2005 enin

157 2044 189 2104 id
209 2047 295 2104 unice
314 2048 456 2128 spectavit
474 2047 630 2108 scribendo
641 2069 770 2108 sermone
794 2047 893 2129 Plato,
917 2061 967 2122 ut,
984 2040 1091 2127 ⁷positis
1111 2046 1265 2104 sententiis
1282 2057 1373 2104 conna-

155 2143 206 2203 riis
227 2165 256 2208 r.
276 2165 301 2205 c.
320 2167 381 2204 esse
400 2149 630 2226 unumquodque
674 2161 702 2206 et
728 2169 786 2205 non
805 2169 865 2206 asse
876 2192 885 2221 ,
904 2145 978 2224 quid
1006 2165 1041 2204 ex
1062 2157 1182 2222 utraque
1206 2160 1372 2222 consequere·

154 2256 220 2318 tur,
244 2233 398 2303 dialectica
427 2245 588 2305 subtilitate
618 2247 797 2326 exquireret:
820 2246 861 2304 sic
882 2259 977 2307 autem
997 2243 1167 2303 dialecticae
1188 2242 1225 2301 de
1245 2241 1312 2302 ideis
1326 2237 1370 2295 dis·

153 2341 320 2419 quisitionis
340 2343 506 2426 exemplum
522 2343 673 2424 praeberet
693 2344 866 2424 legentibus.
909 2341 999 2400 Nobis
1019 2359 1087 2400 vero
1106 2339 1196 2414 inde,
1217 2337 1294 2418 quod
1311 2353 1370 2395 nunc

153 2438 277 2498 maxime
298 2441 499 2517 exquirimus,
518 2456 616 2522 patet,
635 2442 730 2521 qualis
748 2441 877 2500 Platonis
896 2441 985 2500 fuerit
1004 2439 1148 2511 maxime,
1168 2457 1244 2515 quae
1264 2434 1370 2517 appella·
1428 2483 1429 2492 ,

153 2549 220 2612 tur,
238 2558 257 2594 a
265 2546 370 2616 priori
398 2539 625 2621 philosophandi
646 2542 728 2601 ratio.
771 2541 807 2599 ln
823 2539 869 2599 his
897 2537 1033 2597 omnibus
1063 2555 1121 2594 non
1142 2535 1369 2615 principium,rt

152 2635 245 2694 solent
255 2639 466 2718 metaphysici,
486 2640 601 2720 posuit,
613 2639 691 2718 quod
706 2652 929 2718 geometrarum,
951 2649 982 2694 ut
1009 2646 1133 2706 vocant,
1154 2653 1232 2692 more
1255 2636 1274 2693 i.
1290 2651 1369 2708 uspu-

152 2734 259 2793 thetica
279 2738 390 2795 ratione
421 2737 632 2798 demonstraret
659 2735 785 2816 indeque
814 2736 933 2794 duceret
960 2733 1175 2812 explicaretque
1205 2731 1316 2790 omnia:
1333 2727 1369 2784 sul

152 2831 232 2891 Plato
259 2833 411 2909 methodo,
448 2837 595 2917 analytica
638 2835 709 2909 illa,
734 2856 820 2911 usus,
847 2837 908 2914 ipse
939 2826 1113 2892 amttam
1143 2832 1163 2889 i.
1192 2856 1217 2893 e.
1249 2823 1285 2890 td
1304 2821 1370 2894 dno,
1426 2905 1427 2908 Ἴ

150 2930 248 3007 ideas,
271 2935 447 3012 inquirendo
473 2948 639 3017 persecutus
661 2950 711 2996 est.
1426 2914 1427 3001 l

193 3033 303 3105 Quodsi
327 3037 510 3112 quaerimus,
531 3056 616 3114 quam
636 3036 668 3093 in
698 3033 821 3114 legendo
840 3031 1011 3092 Parmenide
1038 3029 1253 3104 desideramus,
1278 3024 1371 3088 subtilis

150 3133 316 3212 hujusmodi
342 3133 512 3193 dialecticae
524 3133 729 3215 disputationis
747 3131 976 3206 conclusionem,
996 3129 1135 3188 Philebus
1155 3128 1243 3188 nobis
1261 3121 1371 3202 nonqui·
1425 3157 1426 3229 q

151 3233 215 3291 dein
232 3233 336 3313 plene,
358 3232 409 3291 sed
430 3246 525 3290 tamen
546 3232 638 3291 multo
666 3232 756 3310 magis
774 3229 941 3290 satisfaciet.
967 3229 1023 3287 'Ut
1033 3227 1071 3286 ad
1089 3227 1160 3286 boni
1171 3224 1266 3284 ideam
1287 3221 1370 3302 expio

152 3331 272 3389 randam
284 3331 399 3411 proprie
417 3332 543 3389 refertur
562 3329 695 3410 dialogus
712 3330 814 3401 hicce,
835 3330 876 3386 ita
895 3327 931 3386 dc
943 3327 1091 3406 voluptate
1103 3325 1281 3383 continuoet
1296 3322 1368 3381 scien·
1424 3375 1425 3394 ,

152 3428 192 3487 tia
211 3449 302 3487 sermo
324 3429 498 3489 instituitur.
541 3429 761 3488 Nam-Platonis
777 3428 837 3504 jam
864 3438 956 3485 aetate
977 3421 1143 3506 philosophi
1164 3423 1204 3479 sic
1224 3443 1241 3480 a
1259 3441 1287 3479 se
1306 3416 1369 3476 inri-
1424 3400 1425 3458 l

151 3547 212 3585 cem
230 3513 441 3602 discedebant,
464 3541 496 3586 ut
508 3541 627 3602 essent,
647 3528 697 3607 qui
719 3547 860 3586 summum
877 3525 988 3584 bonum
1008 3521 1157 3601 voluptate
1177 3519 1317 3578 contineri
1326 3529 1370 3574 sta·
1423 3587 1424 3596 ἵ

151 3639 285 3700 tuerent,
307 3625 358 3684 alii
377 3625 414 3685 ad
438 3625 515 3685 illud
536 3647 622 3684 unam
649 3626 820 3706 sapientiam
848 3625 999 3683 referrent.
1042 3619 1100 3679 Sed
1119 3631 1151 3677 ut
1169 3618 1304 3704 Epicurei
1323 3633 1368 3695 pus·
1423 3601 1424 3688 l

151 3739 194 3782 tea
212 3739 240 3782 et
255 3724 363 3798 Stoici,
387 3726 426 3782 ita
447 3724 479 3782 hi
491 3724 606 3802 utrique
617 3746 675 3782 non
689 3724 757 3782 satis
777 3721 815 3781 ad
825 3720 1007 3781 dialecticam
1028 3711 1177 3796 ἀκρίβειαν
1198 3737 1256 3778 rem
1275 3715 1369 3792 exigere

151 3823 293 3882 solebant.
337 3824 417 3883 Plato
438 3823 558 3903 igitura
580 3820 752 3896 dialectica,
772 3835 804 3880 ut
823 3819 969 3894 diximus,
994 3821 1140 3901 incipiens
1151 3865 1159 3894 ,
1180 3818 1318 3878 Socratem
1336 3812 1368 3868 iu·

151 3921 234 3980 ducit
252 3936 341 3980 artem
371 3923 512 3981 continuo
541 3918 722 3995 tradentem,
753 3939 898 3998 quarnon
918 3915 949 3980 ἓν
973 3916 1022 3979 καὶ
1043 3911 1162 4000 ἄπειρα,
1210 3913 1260 3975 sed
1289 3901 1369 3973 ὁπόσα

152 4021 358 4098 exquiruntur.
389 4018 562 4097 Hujusmodi
591 4018 643 4076 illa
673 4032 729 4090 est,
761 4018 876 4096 inquit,
897 4033 929 4079 ut
959 4019 996 4079 de
1023 4041 1092 4080 voce
1120 4041 1149 4080 v.
1170 4040 1195 4078 c.
1220 4037 1277 4076 non
1295 4011 1368 4074 solum

152 4141 246 4176 unum
269 4119 288 4177 i.
309 4139 333 4177 e.
356 4119 446 4199 ipsam
467 4138 583 4190 vocem,
612 4131 639 4176 et
657 4117 784 4192 infinita
809 4118 828 4176 i.
852 4137 875 4177 e.
907 4119 1075 4177 innumeros
1094 4139 1197 4190 sonos,
1224 4112 1274 4174 sed
1301 4109 1368 4168 etiam

187 4394 198 4444 l
231 4395 317 4444 Parin.
338 4394 395 4444 13³.
440 4435 445 4446 .

185 4392 212 4540 ²l
232 4480 289 4529 Vid.
311 4396 489 4532 AstoPliitous¹
502 4481 557 4530 tet.
578 4498 602 4547 p.
622 4481 672 4533 att
691 4491 717 4532 et
735 4482 793 4533 250.
815 4481 853 4533 Cl.
874 4481 969 4534 Soclrer
988 4480 1048 4532 ater
1068 4480 1132 4530 rur.
1153 4479 1223 4530 Setr.
1241 4490 1266 4539 Ρ·
1280 4469 1333 4522 2⁸⁶·
