2886 5118
758 251 821 310 468

167 427 237 484 tur,
266 413 363 494 prouti
389 413 414 469 si
442 413 509 492 quis
538 413 669 472 homines
687 433 748 472 nou
765 425 849 471 acute
867 427 1021 472 cernentes
1039 413 1174 472 literules
1189 413 1322 492 quasdam
1336 435 1387 495 pn·

165 513 269 582 iolas,
298 529 401 588 magno
428 507 571 570 distantes
599 511 776 584 intervallo,
808 510 902 589 legere
927 511 1066 588 juberet:
1095 512 1126 570 bi
1155 513 1272 572 silorte
1290 513 1387 571 easdem

167 609 266 670 literas
290 609 350 668 alio
379 607 444 666 leco
472 609 593 686 majores
621 623 708 688 atque
737 610 770 668 in
789 612 896 687 majore
915 609 1009 689 spatio
1027 610 1149 689 scriptas
1167 623 1280 670 exstare
1303 609 1388 689 depre-

166 708 357 778 hendissent,
381 707 490 785 optime
509 705 567 764 sibi
586 705 753 765 consultum
771 708 990 780 existimarent,
1012 721 1066 780 ut,
1090 707 1219 786 primum
1246 706 1292 765 tis
1318 706 1386 765 lectis

164 805 342 883 maJoribus,
362 804 473 863 deiude
491 806 617 862 minores
636 805 704 864 illas
722 805 818 884 legere
836 807 1052 864 instituerent.»
1096 803 1183 878 Quod
1204 805 1245 862 sic
1264 804 1385 884 deinceps

165 905 295 965 Socrates
322 901 361 961 ad
389 922 449 959 rem
472 915 655 982 praesentem
683 902 891 982 interrogando
919 901 1052 960 adhibet.
1098 903 1262 961 «Uniusne
1289 916 1383 959 tantun

166 1002 501 1079 bominis,quaerit,an
521 1019 590 1058 rero
608 1001 739 1062 civitatis
759 1002 847 1060 etiam
859 1001 1005 1077 justitiam
1022 1021 1083 1058 esse
1102 999 1383 1060 dicimusi-Etian

164 1103 312 1172 civitatis,
353 1099 468 1179 reponit
502 1096 686 1158 Adimantus.
716 1127 755 1138 -
780 1100 892 1159 Civitas
928 1111 1025 1156 autem
1064 1118 1162 1156 nonne
1194 1119 1255 1156 uno
1284 1097 1384 1156 bomine

165 1200 256 1276 major
281 1199 346 1256 est?
366 1221 402 1232 -
421 1196 473 1254 Est
499 1196 629 1255 omniuo.
649 1221 685 1234 ··
703 1197 823 1256 Justitia
850 1197 941 1277 igitur
969 1195 1093 1276 amplior
1120 1195 1154 1254 in
1178 1197 1286 1273 majore
1304 1195 1383 1266 inest,

163 1297 335 1374 faciliorque
353 1309 396 1354 est
411 1295 541 1374 cognitu.
584 1297 701 1368 Quare,
721 1296 746 1354 si
767 1293 879 1368 wiltis,
898 1295 981 1375 prius
1000 1313 1170 1372 quaeramus
1187 1293 1221 1351 in
1231 1292 1383 1352 civitatibus

164 1392 305 1472 quidnam
323 1394 379 1467 sit,
401 1406 463 1452 tum
483 1391 515 1450 id
536 1395 569 1450 in
587 1391 712 1472 singulis
729 1391 901 1452 bominibus
918 1389 1155 1465 consideremus,
1185 1391 1302 1468 majoris
1316 1389 1383 1448 simi·

165 1491 320 1552 litudinem
339 1492 372 1550 in
392 1489 514 1548 minoris
530 1492 626 1570 specie
644 1490 931 1570 contemplantes.—
949 1489 1027 1548 Scite
1047 1488 1120 1546 milri
1139 1489 1220 1567 loqui
1239 1487 1384 1548 videris.-

164 1589 195 1650 Si
216 1590 305 1670 igitur
320 1588 470 1650 civitatem
489 1589 620 1648 emmone
637 1589 824 1647 constitutam
842 1588 1093 1668 conspiceremus,
1111 1588 1260 1663 justitiam
1287 1605 1383 1666 quoque

164 1689 227 1765 eju
246 1701 275 1746 a
290 1687 466 1764 injustitiam
487 1663 713 1746 erantne·
733 1686 954 1746 rm-ia
972 1699 1069 1744 autem
1087 1684 1112 1743 e
1131 1667 1313 1764 apparent,
1331 1703 1382 1762 spe

164 1786 220 1844 erit
240 1785 319 1860 lore,
341 1797 374 1842 ut
395 1781 534 1861 id‚quod
554 1784 867 1863 quaerimus,lacilius
882 1784 1155 1862 cognoscamus'l-
1173 1783 1340 1841 Maxime·
1355 1779 1382 1836 ld

165 1883 254 1964 igitur
271 1881 388 1964 aggredi
412 1894 542 1963 oportet:
574 1903 634 1941 non
664 1883 743 1940 enim
761 1882 827 1942 lere
845 1879 925 1941 illud
952 1881 1100 1961 negotium
1125 1895 1197 1940 est.»
1223 1879 1296 1959 1)-
1321 1880 1381 1938 Tum

164 1979 293 2040 Socrates
312 2001 385 2061 opus
401 1979 455 2038 hoc
474 2000 662 2059 permagnum
680 1981 860 2060 suscipiens,
877 1978 916 2038 de
935 1973 1030 2038 initiis
1047 1979 1162 2058 quaerit
1180 1978 1314 2038 civitatis.
1352 1975 1383 2033 Et

163 2079 304 2138 continuo
333 2076 452 2157 quidem
480 2077 520 2135 ab
542 2080 716 2158 indigentie
737 2078 789 2137 illa
806 2079 921 2159 repetit.
966 2078 1201 2156 «Unusquisque
1229 2077 1306 2135 eninr
1330 2093 1382 2131 nos·

33 2239 40 2252 ¹
165 2191 261 2251 trum,
282 2177 339 2250 ait,
361 2197 420 2236 non
441 2174 497 2234 sibi
518 2173 667 2234 sufficiens
686 2189 746 2250 est,
775 2175 828 2236 sed
845 2174 1002 2234 multorum
1022 2175 1145 2256 indiget.
1188 2173 1381 2248 Quamobrem,

164 2294 231 2334 cum
249 2273 300 2334 alii
318 2272 375 2333 sibi
393 2273 466 2332 alios
481 2270 521 2332 ad
541 2273 599 2332 alia
619 2276 733 2353 negotia
752 2273 934 2354 adjungant,
955 2272 1063 2332 multos
1082 2274 1115 2332 in
1133 2291 1222 2332 unam
1240 2271 1381 2330 habitatio-

166 2391 232 2432 ueut
258 2371 406 2446 adjutores
439 2371 673 2451 congregabunt:
706 2371 777 2431 inde
807 2372 1010 2430 universorum
1037 2383 1155 2446 coetus,
1185 2390 1271 2448 quem
1297 2367 1380 2426 urben

166 2468 355 2550 appellamus.
397 2468 549 2528 Constabit
578 2468 631 2526 ille
646 2482 754 2538 ‚autent
782 2469 923 2528 contiuuo
952 2482 1077 2547 quatuor
1101 2467 1151 2528 vel
1169 2466 1381 2547 quinqueviris.

166 2569 238 2626 Nam
257 2567 350 2648 prima
368 2580 397 2625 et
416 2567 547 2626 omniunt
566 2567 691 2626 maxima
711 2566 875 2647 indigentia
904 2565 1088 2647 praeparatio
1106 2571 1206 2624 rietes
1234 2579 1293 2638 est,
1320 2576 1347 2620 ut
1361 2575 1383 2618 et

166 2667 255 2726 simtu
272 2679 301 2726 et
321 2666 471 2738 vivamus,
492 2664 620 2724 secunda
638 2667 855 2738 habitationis,
884 2666 969 2723 tertia
997 2669 1125 2724 vientes
1145 2684 1225 2723 eura.
1267 2660 1382 2742 Agricoll

89 2809 102 2833 .
167 2763 272 2824 iccirco
293 2763 378 2823 nobis
396 2783 469 2843 opus
488 2765 561 2837 erit,
582 2777 644 2822 tum
664 2760 872 2837 aedificatore,
894 2783 981 2842 porro
1010 2776 1121 2821 textore
1131 2805 1141 2836 ,
1167 2761 1293 2822 coriario
1320 2758 1384 2816 aliis·

165 2882 241 2940 que,
262 2861 312 2940 qui
331 2861 446 2941 corpori
464 2860 575 2920 tuendo
595 2873 710 2920 vacent.
753 2859 789 2917 ln
809 2859 856 2918 bis
874 2872 971 2918 autem
986 2859 1066 2918 illud
1085 2873 1254 2933 teneamus,
1278 2855 1386 2937 singulis
1435 2887 1436 2892 κ

165 2959 227 3018 illis
257 2958 425 3019 bominibus
454 2981 514 3018 uon
545 2957 660 3016 sibimet
688 2957 801 3029 solum,
830 2955 881 3014 sed
911 2957 1055 3018 universis
1072 2957 1311 3038 prospiciendum
1329 2974 1385 3012 esse.

165 3059 237 3118 Nam
257 3058 403 3138 primum,
424 3077 484 3115 non
501 3055 610 3114 similes
631 3067 699 3113 sunt
718 3075 816 3114 omnes
837 3054 940 3112 natura
950 3099 960 3128 ,
990 3055 1042 3114 sed
1059 3054 1127 3114 aliis
1146 3054 1205 3114 alia
1224 3068 1267 3114 est
1286 3051 1385 3114 adalia

165 3157 279 3236 negotia
308 3155 432 3214 indoles.
474 3152 589 3213 Deinde
617 3152 726 3232 singuli
753 3152 883 3232 singulas
911 3166 986 3212 artes
1013 3151 1120 3212 mrbus
1139 3152 1293 3226 excolent,
1312 3168 1385 3229 quan

165 3275 241 3314 uuus
270 3254 429 3312 universas.
471 3254 620 3312 Praeterea
650 3272 710 3310 nou
739 3249 807 3310 data
831 3252 1048 3331 opportunitate
1072 3250 1157 3330 quis,
1183 3250 1236 3310 scd
1257 3250 1289 3310 id
1307 3267 1384 3306 unum

164 3371 268 3432 agens,
289 3371 349 3410 rem
368 3349 612 3432 perficiet-recte:
635 3371 695 3409 nou
714 3350 794 3407 enim
813 3349 892 3428 quod
913 3349 1080 3408 laciendum
1097 3361 1139 3406 est
1158 3344 1293 3408 licientis
1309 3347 1387 3406 otium
1434 3367 1435 3394 1

165 3437 330 3532 exspectare
352 3447 424 3508 vult.
447 3447 479 3529 2)
511 3449 575 3509 Non
605 3449 694 3529 igitur
715 3461 839 3526 quatuor
863 3460 914 3506 aut
932 3447 1081 3526 quinque,
1102 3445 1154 3506 sed
1172 3444 1309 3525 pluribus
1327 3463 1388 3524 opus

166 3559 208 3608 est
225 3546 341 3608 civibus
359 3545 397 3606 ad
417 3567 468 3621 ea,
498 3567 570 3626 quae
590 3545 740 3621 diximus,
770 3542 944 3625 peragenda.
987 3543 1074 3604 Haud
1095 3543 1174 3603 enim
1194 3541 1318 3624 agricola
1335 3562 1385 3600 ara·

167 3657 245 3706 trum
265 3665 298 3704 ac
318 3658 429 3704 caetera
446 3644 638 3724 agriculturae
660 3646 850 3703 iustrumenta
878 3642 935 3702 sibi
965 3641 1119 3702 conficiet:
1153 3661 1247 3720 neque
1266 3661 1331 3700 vero
1347 3658 1387 3696 ar-

168 3742 319 3804 dilicator:
342 3741 441 3802 multis
460 3743 538 3802 enirn
557 3755 584 3800 et
604 3741 673 3800 huic
692 3756 764 3822 opus
783 3756 841 3801 est:
873 3741 1007 3820 idemque
1022 3739 1065 3823 gie
1084 3752 1195 3799 textore
1224 3751 1253 3797 et
1280 3739 1387 3797 coriario

168 3839 337 3902 dicendum.
379 3840 466 3900 Fabri
488 3842 576 3920 igitur
595 3854 681 3918 atque
698 3841 792 3899 omnis
811 3838 1068 3919 generisartifices
1084 3836 1258 3918 oppidulum
1275 3850 1386 3896 nostrum

170 3939 307 4018 frequens
325 3940 430 3998 incolis
449 3936 586 3998 efficient.
629 3938 777 3998 Accedent
796 3952 891 3998 autem
909 3937 971 3998 illis
989 3935 1133 4012 bubulci,
1154 3933 1315 4016 opiliones,
1344 3953 1387 4014 pa·

204 4247 233 4312 t)
253 4248 289 4300 ue
308 4247 368 4316 rep.
387 4245 417 4300 u.
435 4245 493 4300 see.
513 4245 655 4302 n-are
674 4249 704 4302 n.

206 4331 759 4404 2)Stmlliterl)emosth.Pttl.l.13.oi
789 4331 851 4396 cuir
881 4324 1068 4416 πραγμάτων
1098 4328 1194 4415 καιροὶ
1221 4324 1260 4391 oei
1282 4321 1390 4408 μένωσι

168 4429 225 4518 τήν
246 4417 393 4514 ἡμετέραν
406 4426 590 4509 βραδυτῆτα
