2950 5134
665 243 763 318 ¹45'

91 440 224 499 rursusque
251 419 308 478 buc
332 419 440 478 venire.
484 414 512 496 l)
549 417 721 496 Quicunque
749 417 827 476 enim
856 417 895 475 sic
925 436 1042 497 corpore
1070 419 1221 494 exierunt,
1251 433 1301 492 ut,

92 520 180 600 polluti
205 519 269 594 eius
297 517 604 596 contagiosumpravis
629 517 795 574 etiamnunc
820 515 965 574 ducantur
984 517 1179 595 appetitibus,
1201 516 1300 578 libidi-

91 617 179 692 nibus,
198 615 321 690 studiis,
352 615 456 673 reveni
487 613 603 674 student
633 613 712 674 unde
742 613 943 673 discesserunt.
985 614 1048 687 Quo
1073 613 1124 689 fit,
1146 627 1178 672 ut
1206 633 1303 675 eorum

91 716 190 774 umbrae
211 727 238 772 et
257 713 394 792 imagines
413 733 464 792 per
483 712 614 792 sepulcra
633 713 693 770 lere
718 727 745 771 ct
769 725 952 770 monumenta
981 726 1130 791 vagentur.
1172 713 1303 773 Induunt

91 815 163 893 igitur
180 813 236 872 alia
254 812 315 872 sive
332 809 482 868 hominurn
509 811 570 870 sive
597 808 766 869 animalium
786 829 922 890 corpora,
943 829 1016 888 quae
1035 810 1158 868 maxime
1177 811 1302 890 ipsorum

91 911 177 972 studiis
200 909 386 970 conveniant.
434 909 468 966 In
491 908 587 968 asinos
615 909 739 987 migrant
764 907 934 981 libidinosi,
964 907 996 966 in
1027 905 1109 987 lupos
1137 911 1304 988 tyrannici,

90 1009 277 1068 sedationem
297 1026 380 1086 apes,
402 1027 520 1085 vespas,
541 1006 676 1069 formicas
700 1007 748 1071 vel
766 1008 799 1066 in
826 1006 928 1066 similis
947 1005 1215 1066 indolisaehomines.
1258 1007 1304 1068 hd

91 1109 150 1168 Deos
175 1128 243 1167 vero
271 1104 393 1163 transire
420 1104 529 1162 nemini
557 1103 644 1180 licet,
674 1107 746 1184 quin
775 1103 811 1164 ab
830 1105 908 1163 omni
928 1105 1055 1184 corporis
1080 1103 1144 1162 labe
1169 1105 1306 1164 immunis

90 1206 120 1264 sit
136 1219 160 1263 et
176 1224 274 1285 purus.
297 1199 328 1282 2)
397 1279 403 1289 .
682 1260 685 1265 .

125 1302 174 1362 Sed
193 1316 224 1360 ut
242 1300 368 1360 occurrit
395 1301 428 1358 in
452 1299 498 1358 his
524 1299 659 1366 omnibus
687 1300 874 1380 Pythagorica
902 1298 939 1360 de
958 1301 1117 1360 animormm
1138 1301 1307 1380 migratione

90 1401 233 1474 sententia,
255 1401 294 1458 ita
305 1442 313 1471 ,
334 1397 412 1476 quod
431 1396 518 1456 latere
539 1418 591 1456 nos
611 1420 670 1458 non
690 1412 817 1479 oportet,
837 1417 1008 1477 quamquam
1028 1398 1182 1478 negligitur
1200 1421 1215 1456 a
1235 1399 1307 1457 mul·

90 1498 135 1571 tis,
153 1483 315 1556 dominatur·
332 1495 365 1554 in
384 1493 487 1566 iisdem
507 1515 639 1575 germana
658 1495 710 1556 illa
728 1495 953 1577 philosophandi
972 1497 1045 1554 ratio
1056 1543 1063 1569 ,
1084 1517 1168 1574 quam
1194 1497 1307 1562 Platoni

90 1597 197 1656 maxime
223 1595 369 1678 propriam
398 1593 486 1652 luisse
517 1593 654 1653 diximus.
685 1595 747 1654 iix
776 1594 951 1675 Pythagorae
979 1596 1060 1653 effato
1087 1615 1192 1675 poenas
1222 1593 1308 1654 luunt

89 1695 165 1752 animi
182 1715 235 1776 pro
255 1692 410 1752 commissis
438 1691 564 1771 flagitiis.
607 1694 685 1767 Quae
704 1692 846 1752 sententia
874 1693 986 1753 obtinet
1015 1694 1148 1753 universe
1176 1695 1218 1750 in'
1236 1693 1306 1772 frag·
1381 1715 1384 1728 ¹

91 1793 179 1850 mentis
197 1785 456 1872 Pythagoricorum,
477 1790 509 1848 in
529 1790 636 1869 primis.
648 1789 840 1870 Empedoclis.
883 1791 924 1864 ls,
945 1804 1015 1850 teste
1030 1790 1203 1866 Plutarcho,
1224 1789 1255 1872 3)
1277 1794 1308 1851 in

90 1890 141 1968 ipso
156 1888 353 1970 philosophiae
369 1888 512 1968 prooemio
531 1889 718 1968 pronunciat,
737 1889 760 1946 si
773 1889 838 1967 quis
856 1888 1027 1948 daemonum
1044 1901 1165 1966 peccato
1180 1901 1210 1948 et
1222 1893 1308 1948 ccede

89 1990 204 2046 membro
219 1989 385 2064 polluerit,
407 1985 465 2046 fato
481 1985 578 2064 juberi
598 2007 649 2066 per
668 1987 786 2066 triginta
806 2007 946 2047 annorum
961 1987 1054 2046 millia
1073 1988 1223 2063 oberrare,
1243 1989 1308 2049 bea·

90 2098 169 2144 torum
184 2084 311 2146 concilio
329 2083 497 2142 exclusum:

167 2197 170 2204 '
229 2177 290 2244 ἔστι
312 2177 338 2243 τ’
357 2175 498 2262 Ἀνάγκης
518 2178 639 2263 χρῆμα,
662 2179 745 2243 θεῶν
765 2175 911 2263 ψήφισμα
931 2177 1071 2257 raiardo,
1142 2167 1148 2177 ⁸

223 2279 297 2352 111τέ
317 2306 360 2358 τις
374 2278 561 2369 Ια’μαλιιιιιιίησι
584 2277 670 2369 φόνῳ
693 2281 765 2364 φίλα
786 2289 853 2364 γαῖα
873 2278 982 2370 μιήνῃ,

230 2385 366 2466 δαίμονες
388 2381 420 2450 o‘i
438 2409 474 2448 tr·
491 2383 675 2469 μακραίωνος
696 2380 851 2466 λελόγχασι
872 2385 959 2468 dhreo·

228 2487 294 2572 τρίς
314 2515 365 2569 μιν
385 2489 494 2574 μυρίας
516 2482 596 2570 ὥρας
618 2484 678 2551 ini
700 2483 843 2570 μακάριαι
863 2484 1085 2575 cholino-Paul)

92 2595 164 2654 Unde
176 2595 339 2656 animorum
358 2608 421 2674 post
434 2581 551 2654 mortem
572 2592 729 2673 supplicia,
750 2592 856 2671 quibus
876 2595 997 2676 expiant
1015 2594 1120 2653 scelera
1139 2607 1329 2675 1111111511--

92 2704 144 2766 tur,
163 2693 251 2752 ducta
270 2691 322 2750 1111
342 2713 377 2749 ex
397 2692 571 2772 Pythagorae
590 2688 748 2776 disciplina
762 2703 790 2748 et
808 2690 951 2750 celebrata
970 2714 985 2750 a
1005 2692 1145 2773 Virgilio:

238 2790 323 2870 Ergo
342 2800 521 2848 exercentur
536 2797 640 2866 poenis
649 2801 657 2863 ,'
677 2783 1035 2866 veterumque'molorum

240 2889 401 2966 Supplicia
423 2889 602 2965 expendunt.
646 2889 740 2946 Aliae
752 2889 937 2964 panduntur
954 2895 1058 2948 inanis

241 2987 410 3064 Suspensas
429 2988 469 3044 od
484 2997 603 3044 uentos:
624 2985 697 3044 eliis
716 2987 769 3044 rub
788 2994 915 3067 ,gurgite
934 2997 1015 3046 uario
1110 2980 1113 2988 ’

240 3085 397 3160 Insertum
418 3087 535 3143 eluitur
554 3085 649 3143 reclus
660 3129 668 3158 ,
689 3094 746 3141 out
764 3093 910 3142 couritur
926 3093 1001 3166 igni.
1024 3126 1054 3134 -

203 3181 208 3186 ¹
240 3183 342 3242 Dorceu
363 3185 452 3265 longa
471 3185 550 3257 dics,
568 3186 702 3260 perfecto
722 3191 865 3259 temporie
883 3187 948 3242 orbe
959 3230 967 3258 ,

241 3282 420 3341 Corrcretom
439 3290 549 3341 eremit
569 3284 681 3356 lehem,
700 3302 871 3360 purumque
890 3283 1019 3361 reliquit

241 3380 423 3438 Aetherium
442 3395 578 3454 semenare,
599 3391 689 3457 atque
709 3387 802 3437 aurci
821 3381 968 3457 sinrplicis
986 3387 1096 3460 ignem·
1119 3372 1150 3460 5)
1210 3397 1212 3407 ¹

95 3473 125 3534 Et
135 3479 252 3555 quadrat
270 3480 339 3538 hacc
360 3478 492 3538 doctrina
511 3476 688 3538 sacerdotum
718 3479 750 3537 in
771 3480 900 3558 Aegypto
929 3479 1053 3553 rationi,
1075 3475 1215 3558 aquibus
1242 3495 1311 3558 pro-

96 3573 157 3633 lecta
175 3591 223 3636 est.
242 3577 403 3636 'Hominum
422 3589 529 3656 spectat
549 3577 781 3656 castigationem,
797 3576 945 3655 religionis
965 3589 1082 3657 usurpat
1101 3576 1311 3649 auctoritatem,

96 3673 260 3738 sacerdotum
281 3676 456 3734 severitatem
477 3674 610 3733 habetet
637 3675 717 3753 quusi
738 3695 836 3736 vocem
865 3675 960 3734 refert.
1003 3673 1059 3733 Sed
1087 3673 1214 3733 Socrates
1233 3671 1312 3753 apud

97 3767 229 3831 Platonem
257 3774 298 3832 sic
328 3773 475 3852 disputat,
506 3786 538 3831 ut
561 3773 767 3850 philosophum
798 3774 882 3832 nobis
911 3771 1029 3847 audire,
1051 3794 1109 3832 non
1138 3769 1312 3831 sacerdotem

98 3867 241 3932 uideamur.
284 3871 433 3952 Supplicia
453 3885 607 3947 memorat,
627 3871 732 3950 quibus
754 3885 928 3930 mortuorum
947 3868 1114 3930 afficiuntur·
1131 3869 1219 3927 animi
1230 3893 1238 3946 3
1261 3866 1312 3927 sed
1335 3930 1340 3939 ,

102 3989 344 4003 ᾗ-ᾕ-.---------ι-

129 4049 151 4115 l)
168 4055 258 4107 Pinea.
278 4056 318 4107 70.
338 4055 365 4108 C.

129 4135 151 4199 2)
168 4141 226 4192 Eoi„
245 4141 289 4194 81·
307 4141 336 4192 Β.
357 4141 396 4194 cf.
419 4143 476 4193 Tim.
496 4141 537 4194 42.
556 4142 585 4195 B.
604 4142 632 4196 G.

129 4220 152 4284 3)
169 4225 204 4275 De
218 4227 298 4278 Eresil.
317 4226 375 4280 607.
396 4226 423 4279 C.
692 4273 697 4291 ,

130 4305 153 4369 l)
171 4308 207 4360 ct.
227 4312 292 4364 Plus.
308 4313 340 4364 de
357 4311 485 4364 111101.
505 4311 562 4364 361.
587 4312 615 4365 G.
632 4323 658 4365 et
672 4313 735 4366 alias
759 4313 866 4383 Emped.
883 4315 1022 4368 sententias
1041 4312 1109 4382 apud
1130 4311 1201 4380 unu.
1216 4309 1309 4378 Opusc·

104 4387 198 4445 1t528.
217 4395 255 4448 Cf.
274 4399 389 4450 Karsten.
404 4397 468 4450 Phil.
487 4399 543 4452 Vct.
563 4399 627 4452 llcll.
646 4399 802 4452 11.84.50't
821 4417 859 4470 sq.

132 4474 155 4540 5)
172 4480 229 4532 Aen.
248 4483 289 4532 Vl.
308 4481 364 4535 739.
