2832 5120
518 285 756 366 4⁰,

53 447 182 540 vidimus,
212 469 263 510 sua
288 449 395 530 quique
417 448 563 530 proposita
580 449 763 528 maximeque
783 445 897 508 diversa
917 465 1126 530 respexerunt,
1155 464 1184 512 et
1200 448 1258 512 alia

50 550 134 608 omnia
157 549 264 629 magis,
291 565 376 627 quam
403 555 469 606 vere·
482 548 702 625 philosophiam
724 545 922 608 attenderunt.
962 548 1043 609 Plato
1063 555 1131 611 vero
1150 550 1203 610 illa
1223 547 1261 610 cd
1296 616 1299 619 ,

49 646 224 726 cognoscendi
245 667 369 706 amorem
386 643 642 724 doctrinarumque
662 645 809 720 studium,
830 665 887 724 quo
906 645 1008 726 flagrat
1025 646 1142 708 indoles
1161 649 1262 731 philo-

48 745 144 825 sopha,
173 745 327 805 adhibuit:
358 765 415 824 quo
435 757 513 825 patet
532 743 617 803 nobis
635 742 751 819 denuo,
783 764 974 826 quamsup1·a
995 745 1207 826 explicuimus,
1232 745 1263 826 1)

48 844 144 920 amoris
162 843 241 926 apud
267 863 333 902 eum
358 864 424 902 cum
449 841 633 924 philosophia
659 840 849 901 necessitudo.
891 843 1048 903 Verissima
1072 859 1167 904 autem
1192 858 1261 904 sunt

47 941 235 1022 aptissimeque
264 941 348 1002 nobis
374 941 590 1014 demonstrant,
621 939 675 1000 hoc
688 940 763 998 'item
782 960 848 999 cum
867 941 1031 1001 amantibus
1053 941 1187 1002 discendi
1208 965 1262 1002 cu-

47 1038 135 1118 pidos,
165 1041 272 1119 quique
291 1039 393 1098 naturh
408 1037 671 1121 philosophisint,
712 1059 863 1098 commune
880 1038 1006 1116 habere,
1037 1054 1087 1114 ut,
1116 1040 1262 1121 quidquid

48 1149 81 1194 est
103 1135 206 1196 studiis
233 1138 361 1220 ipsorum
385 1136 568 1197 naturalibus
594 1137 790 1212 conveniens,
820 1137 1019 1217 qualecunque
1039 1140 1077 1199 sit
1095 1138 1174 1199 illud
1191 1155 1262 1212 ‚tan-

47 1233 119 1309 dem,
146 1233 372 1317 modoetipleat
393 1233 527 1295 discendi
552 1233 748 1310 desiderium,
780 1249 876 1295 ament
899 1235 976 1295 illud
1001 1256 1085 1298 omne
1104 1252 1134 1296 et
1152 1239 1260 1300 colent.

47 1333 121 1393 Unde
148 1347 248 1414 patere
272 1333 447 1394 arbitramur
469 1332 729 1395 diversissimarum
756 1332 954 1394 doctrinarum
976 1355 1128 1395 commune
1147 1339 1262 1418 princi-

46 1431 132 1511 pium:
162 1445 190 1492 et
210 1453 277 1493 vero
301 1421 372 1492 hino
393 1433 510 1492 fortasse
526 1433 587 1511 jam
607 1433 768 1514 suspicetur
787 1432 910 1512 aliquis,
940 1432 1025 1514 quale
1047 1435 1084 1494 sit
1103 1433 1181 1494 illud
1202 1457 1261 1496 un-

47 1529 127 1609 deque
146 1530 324 1612 proseotum,
336 1529 424 1616 quod
442 1530 541 1591 Cicero
560 1530 741 1612 praedicavit
764 1529 951 1592 disertissime
960 1578 969 1608 ,
990 1541 1108 1592 ortium
1127 1542 1261 1594 omnium

9 1623 10 1628 '
47 1639 69 1686 et
82 1629 291 1688 doctrinarum
307 1651 460 1688 commune
476 1630 642 1688 maculem.
673 1629 737 1703 Quo
753 1649 821 1688 sane
839 1629 947 1711 placito
965 1631 1018 1692 rix
1036 1631 1130 1692 ullum
1149 1633 1260 1696 exstitit

46 1727 71 1785 in
94 1726 295 1809 philosophia,
323 1727 402 1807 qu'od
426 1748 574 1808 germanos
593 1725 779 1808 philosophos
798 1729 887 1808 magis
901 1729 1120 1810 jucundiusque
1138 1745 1258 1793 teneret.

46 1826 91 1884 llos
107 1845 176 1886 vero
195 1845 232 1884 ne
251 1825 436 1889 festinemus!
459 1827 548 1886 Lente
567 1824 751 1906 progreditur
770 1823 916 1901 Socrates,
937 1848 1066 1906 quaeque
1082 1830 1144 1906 jam
1162 1849 1212 1910 spe
1232 1843 1260 1892 et

45 1925 246 2005 exspectatione
264 1917 476 2006 pioecepimus,
497 1945 549 1984 suo
569 1923 653 1985 uobis
671 1922 734 1984 loco
752 1923 812 1984 sire
831 1925 1001 1986 monstrabit
1019 1926 1081 1987 sive
1096 1925 1259 1988 divinanda

46 2021 192 2101 praebebit.
233 2023 317 2082 Nunc
342 2037 481 2084 monstrat
504 2023 579 2098 alia,
609 2019 688 2082 uile
708 2021 746 2082 ad
765 2041 825 2081 rem
844 2037 1041 2104 praesentem,
1072 2023 1110 2083 ad
1129 2023 1259 2086 indolem
1292 2009 1297 2016 ⁶

46 2122 258 2202 cognoscendam
286 2123 506 2205 philosopham,
537 2125 730 2202 conjecturam
758 2143 858 2204 capere
883 2121 978 2182 liceat.
1019 2122 1093 2184 Vini
1124 2138 1260 2186 memorat

46 2220 152 2296 aridos,
183 2222 284 2283 avidos
310 2223 396 2282 etiarn'
422 2222 549 2283 honoris.
596 2221 704 2297 «Illos,
735 2221 795 2296 ait,
827 2241 925 2280 nonne
946 2218 1024 2280 idem
1044 2221 1139 2282 lacere
1159 2219 1267 2313 vides,

46 2319 113 2396 quod
130 2322 291 2381 amatores?
314 2321 429 2380 nullum
448 2341 508 2382 non
530 2321 632 2382 vinum
651 2320 733 2380 nulla
753 2341 813 2380 non
833 2321 944 2379 ratione
963 2332 992 2378 et
1011 2318 1258 2380 commendatione

46 2415 162 2497 diligunt
179 2431 208 2478 et
225 2416 357 2480 laudant.
378 2448 412 2458 -
442 2419 488 2478 Sic
509 2419 630 2479 faciunt.
651 2449 687 2458 -
716 2419 753 2481 Et
770 2439 839 2480 vero
858 2418 909 2497 qui
928 2417 1047 2478 honoris
1067 2431 1136 2478 sunt
1156 2416 1258 2498 cupidi

46 2528 67 2573 et
87 2516 244 2591 ambitiosi,
273 2517 344 2594 hos,
374 2518 516 2592 arbitror,
547 2517 675 2593 novisti,
706 2517 730 2578 si
750 2516 856 2577 ducere
877 2517 1020 2575 exercitus
1038 2536 1097 2576 nou
1118 2529 1258 2596 possunt,

47 2613 165 2674 tribunos
184 2635 243 2674 esse
262 2613 413 2690 lubenter,
443 2613 629 2695 eosdemque,
659 2616 683 2674 si
702 2613 781 2696 apud
801 2617 920 2692 majores
940 2609 1153 2694 nobilioresque
1173 2612 1257 2673 nullo

47 2726 103 2771 sunt
128 2711 255 2787 honore,
284 2727 433 2774 contentos
461 2705 520 2772 esse
549 2726 661 2788 tamen,
694 2712 746 2771 ubi
767 2733 783 2770 a
808 2711 970 2770 minoribus
988 2724 1016 2770 et
1033 2709 1258 2792 ignobilioribus

47 2806 228 2870 honorantur:
258 2811 365 2893 quippe
385 2812 504 2872 omnino
524 2810 642 2873 honoris
662 2807 792 2892 cupidos.
814 2841 846 2852 -
876 2809 920 2870 Ita
939 2809 1026 2890 plane
1047 2829 1076 2868 se
1097 2808 1258 2870 resbabet.

48 2932 74 2943 -
90 2908 147 2968 llcc
167 2909 275 2989 igitur,
303 2930 320 2968 o
339 2909 451 2972 Glauco
460 2956 470 2986 ,
500 2909 549 2971 rel
566 2907 771 2969 affirmandum
789 2921 831 2968 est
848 2906 952 2982 nobis,
979 2907 1027 2968 vel
1046 2921 1096 2984 tu,
1117 2908 1141 2968 si
1158 2921 1258 2988 potes,

49 3027 123 3087 nega:
148 3008 199 3086 qui
218 3021 359 3088 expetunt
377 3007 492 3089 aliquid
510 3007 713 3084 uehementer,
744 3027 804 3067 non
822 3007 928 3087 partim
945 3004 1000 3066 hcc
1020 3004 1087 3066 illos
1104 3007 1260 3087 persequi,

49 3106 138 3183 partim
154 3119 355 3182 contemnere,
376 3106 426 3168 sed
442 3120 533 3168 totum
550 3106 681 3187 diligere.
692 3135 726 3145 -
746 3107 851 3166 Totum
870 3103 967 3180 illud,
989 3106 1052 3183 ajo,
1074 3103 1212 3185 diligunt.
1223 3133 1258 3144 -

50 3201 109 3282 Ergo
135 3195 302 3284 φιλόσοφον
327 3203 456 3266 dicemus
484 3200 591 3285 σοφίας
621 3226 679 3266 esse
704 3217 875 3279 amatorem,
905 3201 965 3263 non
981 3203 1138 3284 peculiaris
1158 3205 1260 3283 cujus-

51 3299 120 3379 dam,
148 3305 200 3366 sed
221 3307 314 3366 omnis
333 3308 462 3368 omnino.
483 3337 518 3346 -
537 3307 658 3380 Omnis,
689 3304 789 3364 fateor.
811 3329 845 3339 -
875 3301 950 3362 Eum
969 3303 1076 3382 igitur,
1106 3303 1157 3382 qui
1177 3323 1258 3384 aegre

51 3398 78 3459 ed
95 3401 268 3485 disciplinas
287 3405 437 3486 procedit,
453 3405 583 3485 juvenili
602 3396 768 3486 praesertim
786 3414 898 3476 aetate,
918 3399 1043 3462 necdum
1063 3401 1174 3462 ratione
1193 3401 1257 3463 dis-

52 3517 171 3578 cernens,
212 3502 284 3583 quid
313 3504 384 3565 utile
409 3506 451 3570 ,sit
479 3501 551 3585 quid
580 3524 659 3578 non,
689 3519 743 3562 nec
772 3497 933 3559 studiosum
961 3519 1020 3560 csse
1047 3499 1175 3560 dicemus
1205 3520 1258 3560 neo

53 3590 212 3681 ptlo‘oopov·
232 3602 473 3686 quemadmodum
492 3601 596 3678 illum,
625 3601 675 3681 qui
695 3596 808 3658 fastidit
824 3597 942 3677 epulas,
970 3617 1064 3677 neque
1081 3597 1188 3656 esurire
1207 3596 1257 3658 di-

52 3699 124 3762 cimus
149 3723 244 3783 neque
272 3701 371 3783 epulas
400 3701 620 3782 concupiscere,
650 3721 710 3760 non
738 3687 890 3777 φιλόσιτον
906 3717 990 3772 esse,
1019 3694 1070 3756 sed
1094 3687 1256 3758 miserore

54 3792 103 3859 llio
122 3796 157 3862 δὲ
177 3793 218 3883 δή
240 3793 370 3883 εὐχερῶς
391 3793 535 3862 ἒθὲλυνὲα
552 3791 666 3873 παντός
686 3789 872 3880 μαθήματος
891 3789 1032 3878 γεύεσθαι
1052 3793 1101 3858 καὶ
1122 3790 1259 3877 ἀσμένως

51 3893 89 3958 tet
110 3896 145 3963 ro*
165 3893 328 3982 μανθάνειν
348 3893 431 3964 ἰόντα
450 3899 500 3964 καὶ
520 3893 678 3984 ἀπλήστως
699 3893 820 3981 ἔχοντα’,
842 3897 947 3962 τοῦτον
967 3892 996 3960 δ’
1016 3894 1048 3960 ἓν
1068 3893 1138 3988 disp
1159 3893 1259 3982 φήσο-

52 4023 94 4077 uto
117 3999 293 4088 φιλόσοφρν·
337 4014 391 4084 qui
419 4027 487 4072 aero
504 4007 606 4083 focile
632 4025 668 4063 oc
695 4013 796 4082 ponte
827 4003 952 4062 nullom·
974 4011 1039 4062 oou'
1062 3987 1273 4081 disceptem
1325 4054 1327 4058 .

9 4139 10 4144 ν
53 4104 194 4186 ἀμνίων
219 4117 306 4187 cupit
332 4117 362 4167 et
379 4105 497 4184 placide
514 4106 554 4163 od
572 4104 745 4172 discendum
760 4103 896 4180 procedit
913 4123 967 4161 nec
986 4105 1101 4162 domari
1119 4102 1256 4164 discendo

54 4214 147 4284 peteet‘,
166 4209 246 4268 buno
264 4210 382 4270 &mom
395 4211 473 4284 jure
490 4204 695 4282 philosophum
712 4204 853 4262 &cemus
866 4225 881 4259 o
905 4198 939 4281 2)

57 4337 288 4360 Ἢ...-

82 4410 102 4473 ¹l
117 4415 194 4469 letitia.
212 4436 238 4488 p.
256 4418 305 4483 15,
324 4415 365 4469 16.

82 4495 103 4562 ll
119 4501 152 4552 lle
167 4506 226 4575 llep.
244 4505 275 4556 V.
293 4503 351 4556 ll5.
370 4501 399 4554 G.
