2832 5120
563 329 565 334 ,
626 281 684 342 alt

51 469 125 526 quam
144 447 282 528 opinari?
304 488 337 498 -
358 445 394 506 Et
412 445 466 506 hoc
484 465 597 506 necesse
613 461 664 508 est.
685 487 719 496 -
740 445 842 502 Nonne
861 443 950 523 igitur
965 443 1117 524 complecti
1137 457 1266 502 etamare

50 546 96 604 hos
111 546 235 606 dicemus
254 567 300 620 aa,
322 545 470 623 inquibus
480 546 623 624 cognitio,
641 544 709 606 illos
723 565 806 618 aero,
822 543 854 601 in
872 542 978 620 quibus
998 542 1098 622 opinio
1118 553 1265 599 versatur:

51 665 138 702 nonne
156 645 233 704 enim
244 644 455 704 reminiscimur
466 687 474 717 ,
496 622 603 720 dixisse
614 663 667 702 nos
677 687 685 717 ,
705 641 772 701 illos
783 655 811 698 et
820 640 940 700 vocibus
949 655 977 699 et
987 639 1133 701 coloribus
1142 653 1171 698 et
1182 637 1267 696 rehus

49 741 182 800 similibus
201 743 265 822 capi
285 743 376 820 iisque
385 741 522 800 delectari
542 741 645 815 unice,
666 742 762 821 ipsum
769 760 841 798 uero
852 738 985 819 pulcrum
995 760 1032 798 ne
1043 739 1118 796 ferre
1128 735 1266 814 quidem,

49 841 68 898 si
85 841 146 917 quis
162 861 221 900 esse
236 839 418 900 contendat?
448 879 482 888 -
512 837 715 899 Recordemur.
746 881 780 890 -
810 831 870 917 Μή
892 829 944 896 οὖν
964 859 992 896 τι
1014 827 1263 918 πλημμελήσομεν

50 932 252 1016 φιλοδόξους
272 938 424 1011 καλοῦντες
446 931 553 1011 αὐτοῦς
573 938 686 1015 μᾶλλον
706 932 728 1019 ἢ
749 933 945 1020 φιλοσόφοοςς
968 961 1041 998 num
1058 947 1163 1020 igitur
1181 939 1266 996 olar-

48 1042 1266 1122 roboramuroaaro,opinionirillosmogis,quomsapientiuoamicoa

47 1139 244 1216 appellantes?
265 1140 403 1218 -Atqui
423 1139 583 1198 irascentur
602 1138 687 1198 nohis
707 1140 909 1215 vehementer,
930 1143 954 1199 si
974 1139 1027 1198 hoc
1048 1137 1216 1196 dixerimus.
1231 1175 1266 1185 -

47 1239 102 1298 Nou
122 1239 250 1312 facient,
272 1236 504 1316 siquidcm'mihi
524 1252 662 1320 pareant:
685 1260 750 1296 nam
771 1239 885 1298 raritati
905 1239 989 1298 irasci
1007 1257 1066 1296 non
1089 1234 1191 1294 licet.»
1209 1231 1237 1312 l)

83 1335 177 1414 «Ergo
195 1337 219 1395 si
241 1357 257 1394 a
277 1336 395 1394 caeteris
413 1335 548 1395 omnibus
566 1335 744 1415 distinguere
765 1335 953 1417 philosophos
977 1335 1116 1407 velimus,
1145 1331 1199 1392 boc
1220 1347 1266 1392 te-

47 1455 170 1508 neamus,
199 1434 241 1494 ait
267 1433 413 1507 Socrates,
434 1441 527 1492 amare
546 1455 592 1493 eos
611 1431 800 1514 disciplinam
819 1449 976 1516 perpetuo,
997 1455 1053 1512 qua
1074 1433 1145 1512 ipsis
1161 1444 1263 1490 natura

47 1553 131 1590 rerum
150 1546 226 1592 certa
245 1546 274 1591 et
292 1544 446 1605 constans,
478 1553 530 1591 uec
551 1531 734 1611 generatione
753 1546 803 1591 aut
820 1533 1003 1613 corruptione
1024 1543 1151 1602 mutata,
1181 1543 1264 1609 pate-

47 1629 106 1688 liat:
128 1644 242 1690 atvero
261 1649 354 1688 amare
375 1651 421 1688 eos
440 1629 521 1688 illam
538 1642 644 1702 totam,
666 1651 759 1709 neque
777 1631 814 1690 ab
835 1631 896 1709 ejus
916 1645 996 1711 parte
1016 1631 1077 1690 sive
1097 1649 1186 1709 parva
1202 1629 1263 1686 sive

46 1729 159 1804 majore,
189 1728 250 1802 sive
267 1726 371 1789 viliore
391 1729 451 1788 sive
471 1727 652 1787 honoratiore
673 1743 774 1808 sponte
791 1729 954 1804 abstinere,
976 1743 1061 1810 prout
1081 1729 1112 1786 in
1133 1728 1263 1808 superio-

46 1825 118 1883 ribus
145 1824 182 1885 de
210 1825 374 1886 amantibus
402 1840 430 1884 et
457 1825 615 1884 ambitiosis
635 1827 774 1886 diximus.
817 1829 878 1886 Hoc
896 1841 991 1886 autem
1010 1841 1156 1908 praeterea
1175 1826 1261 1899 ride,

46 1945 107 1980 num
126 1923 198 2002 quid
219 1945 333 1984 necesse
353 1925 389 1983 sit
409 1939 528 1983 naturae
549 1944 646 1984 corum
668 1926 780 1999 inesse,
808 1927 858 2003 qui
880 1925 951 1984 tales
972 1927 1063 1984 futuri
1085 1925 1162 1998 siut,
1194 1943 1261 2002 qua·

46 2021 79 2080 les
97 2022 297 2082 narravimus?
320 2067 352 2076 ..
381 2023 473 2096 Quale
492 2020 596 2082 istud?
618 2065 650 2076 -
682 2025 722 2082 Ut
741 2045 757 2082 a
776 2023 927 2084 mendacio
947 2024 1037 2083 alieni
1059 2024 1138 2096 sint,
1169 2020 1286 2090 illud,

46 2142 92 2197 que
111 2120 193 2188 nullo
209 2120 294 2180 modo
315 2122 481 2202 accipiant,
502 2121 553 2180 sed
570 2121 705 2198 oderint,
726 2123 876 2182 veritatem
897 2143 965 2182 vero
983 2113 1118 2201 diligant.
1140 2159 1174 2170 -
1195 2120 1261 2178 Pro·

46 2218 132 2278 habile
149 2233 200 2278 est.
221 2261 252 2270 -
274 2219 338 2278 Non
357 2219 449 2277 solum
468 2219 618 2300 probabile
636 2234 694 2294 est,
715 2221 856 2294 camiac,
878 2220 929 2280 sed
946 2221 1033 2302 plane
1051 2219 1259 2292 necessarium,

46 2338 101 2374 eum
112 2363 120 2391 ,
144 2318 194 2396 qui
213 2319 316 2376 natura
331 2316 444 2396 aliquid
463 2316 583 2398 diligat,
613 2318 759 2396 quidquid
781 2333 872 2378 amato
892 2333 1044 2398 cognatum
1064 2319 1101 2376 sit
1121 2337 1153 2375 ac
1172 2317 1260 2375 fami-

46 2414 125 2490 liare,
152 2415 238 2476 simul
258 2415 389 2495 diligere.
410 2453 444 2462 -
474 2418 571 2476 Recte.
594 2459 625 2468 -
655 2417 733 2474 Num·
751 2419 909 2498 sapientiae
927 2417 999 2496 quid
1018 2417 1153 2478 invenias
1171 2415 1258 2474 fami-

47 2511 150 2589 liarius,
169 2536 254 2595 quam
273 2513 448 2576 veritatem?
466 2553 500 2564 -
520 2515 584 2588 Quo
600 2512 717 2573 tandem
735 2515 841 2574 modo?
854 2559 886 2568 -.
908 2503 1024 2574 Ficrihe
1043 2515 1132 2594 igitur
1148 2526 1257 2594 potest,

48 2626 74 2669 ut
92 2612 184 2672 cadem
203 2628 308 2672 natura
327 2604 492 2691 φιλόσοφος
512 2614 557 2674 sir
570 2626 598 2672 et
617 2606 817 2693 φιλοψευδήςς
845 2615 1016 2694 sapientiam
1034 2626 1109 2671 amet
1128 2625 1156 2670 et
1174 2631 1258 2669 men*

5 2711 7 2722 ’
49 2707 171 2771 dacium?
194 2747 226 2758 -
257 2713 322 2772 Non
351 2727 507 2793 potest...
539 2712 614 2792 Ergo
639 2713 772 2774 discendi
794 2711 935 2795 cupidus,
966 2731 1080 2770 necesse
1101 2723 1161 2785 est,
1191 2723 1258 2768 uta

6 2799 7 2824 ³
52 2827 123 2886 puero
145 2810 217 2870 inde
244 2831 356 2870 omnem
378 2813 527 2872 veritatem
547 2811 731 2872 vehementer
750 2824 875 2894 appetat.
897 2851 931 2860 -
960 2811 1087 2869 Prorsus.
1110 2847 1141 2856 -
1170 2808 1258 2887 atqui

5 2919 6 2925 ’
51 2906 115 2985 apud
130 2929 214 2988 quern
231 2908 405 2989 cupiditates
422 2911 456 2969 in
474 2923 584 2970 certum
604 2909 750 2989 quoddam
769 2911 954 2973 vehementer
968 2906 1096 2974 tendunt
1106 2953 1115 2982 ,
1136 2908 1258 2980 scimus,

5 3017 7 3022 ’
49 3024 87 3063 eas
110 3009 139 3066 in
165 3007 224 3068 alia
254 3008 350 3066 omnia
379 3007 487 3068 lentius
515 3009 688 3089 procedere,
702 3068 707 3074 ,
720 3024 752 3069 ut
782 3003 891 3068 flumen
919 3007 992 3066 illuc
1022 3005 1195 3067 derivatum.
1225 3043 1260 3054 -

5 3121 6 3124 ’
50 3103 169 3176 Quidni?
192 3149 223 3158 -
246 3105 334 3186 Apud
352 3122 436 3185 quem
456 3108 545 3187 igitur
563 3106 601 3166 ad
619 3107 791 3188 disciplinas
810 3121 838 3167 et
858 3106 966 3166 similia
985 3105 1080 3178 omnia
1099 3117 1258 3185 proruunt,

50 3201 123 3280 ipsius
141 3217 272 3285 spectant
292 3205 381 3264 animi
403 3204 598 3286 voluptatem,
630 3206 757 3285 corporis
777 3227 836 3266 non
857 3217 1004 3286 spectant:
1038 3202 1180 3283 siquidem
1200 3223 1260 3262 uon

50 3297 107 3362 labo
123 3303 188 3382 quis
205 3303 258 3377 sit,
279 3302 330 3362 sed
351 3318 417 3363 vere
436 3302 636 3384 philosophus.
657 3343 691 3354 -
712 3303 896 3384 summopere
916 3323 1031 3362 necesse
1051 3316 1102 3361 est.
1123 3342 1158 3354 -
1178 3303 1260 3361 Tem·
1311 3341 1313 3348 ,

51 3415 136 3475 perans
161 3402 251 3481 igitur
276 3400 344 3462 talis
370 3400 455 3462 homo
476 3403 531 3461 erit
551 3401 726 3480 minimeque
745 3403 886 3482 pecuniae
906 3402 1048 3482 cupidus:
1080 3403 1163 3478 cujus
1183 3401 1260 3460 enim

50 3501 124 3572 gratia
142 3499 231 3580 vulgo
250 3515 278 3560 et
296 3499 482 3578 acquirendis
501 3513 529 3558 et
547 3499 749 3579 expendendis
765 3500 898 3581 pecuniis
915 3500 1065 3573 studetur,
1097 3498 1129 3558 id
1146 3491 1260 3558 stirdere

51 3594 123 3656 dum
141 3600 272 3678 quemvis
291 3598 397 3677 magis,
428 3617 513 3677 quam
533 3597 637 3672 illurn,
669 3597 777 3658 deceat.
798 3639 833 3648 -
860 3599 996 3658 Omnino.
1018 3637 1054 3648 -
1084 3598 1121 3656 Et
1141 3617 1209 3655 vero
1229 3596 1261 3657 id

51 3694 121 3754 etiarn
143 3695 327 3757 considerare
354 3709 482 3777 oportet,
521 3697 545 3755 si
571 3696 735 3756 discernere
760 3696 962 3777 philosopham
990 3709 1121 3756 naturam
1146 3695 1183 3780 ab
1209 3715 1260 3768 ea,

51 3811 107 3868 quae
125 3817 184 3856 non
204 3796 261 3869 sit,
281 3795 363 3856 velis.
385 3793 417 3875 2)
437 3833 472 3843 —-
484 3794 571 3876 ¹Quid
592 3795 729 3856 tandem?
753 3839 784 3848 -
806 3797 847 3854 Ne
867 3796 960 3876 fugiat
978 3808 1005 3853 te
1015 3840 1024 3869 ‚
1053 3793 1262 3854 illiberalitatis

51 3908 99 3950 earu
116 3915 172 3954 esse
192 3895 381 3976 participem:
402 3892 642 3974 pusillanimitate
659 3894 737 3952 enim
756 3894 835 3954 nibil
854 3893 942 3972 magis
973 3893 1149 3952 contrarium
1165 3893 1262 3952 animo
1325 3933 1329 3944 ·

52 4003 99 4064 est,
125 3994 172 4071 qui
200 4013 245 4052 rcs
271 4013 369 4052 omnes
388 3986 506 4052 diiinas
527 4005 555 4052 et
577 3992 718 4052 humanas
737 4005 810 4056 totas
828 3991 924 4050 studet
943 3991 1089 4071 amplecti.
1110 4027 1146 4042 -
1180 3990 1262 4051 Nihil

53 4089 170 4162 prolecto.
190 4129 226 4142 -
246 4092 300 4152 Cui
319 4112 388 4151 vero
408 4091 498 4150 menti
518 4091 739 4170 magnanimitas
755 4091 872 4172 propria
892 4104 934 4150 est
954 4092 1104 4170 omnisque
1125 4091 1262 4171 temporis

56 4238 289 4258 Ἢ

84 4311 404 4388 ”mmmmm

82 4403 104 4470 ²l
120 4408 199 4463 litias
223 4428 248 4478 p.
268 4410 317 4464 5³5
346 4427 395 4479 pro
419 4395 508 4484 φύσιν
529 4395 696 4484 φιλόσοφον
716 4413 821 4479 scripsit
843 4395 1027 4484 φιλοσόφου,
1049 4419 1078 4463 ur
1095 4412 1173 4462 vortit
1190 4411 1260 4463 Fici·
1346 4459 1350 4466 .

59 4505 109 4558 ουκ
126 4500 180 4552 nihi
197 4503 302 4572 vulgata
321 4504 415 4570 lectio,
435 4507 532 4574 quippe
550 4508 626 4558 unice
645 4503 800 4570 Platonica,
821 4507 950 4560 servanda
967 4505 1080 4558 videtur.
