2838 5120
726 271 786 332 242

107 422 115 438 ⁸
141 411 203 494 {um
222 433 283 514 ipse
302 430 339 490 oh
357 429 389 491 id
410 429 565 506 honorari,
597 429 650 490 hoc
669 444 765 493 tamen
787 410 883 490 faceie
901 430 1087 507 reformidet,
1115 445 1212 494 nonne
1226 433 1252 492 is
1267 435 1353 494 merito

134 510 265 611 'ignavus
284 529 447 589 habeatur?
469 571 503 580 -
534 529 681 606 Fortasse,
707 532 821 610 inquit3
845 527 895 589 sed
915 549 967 588 our
984 529 1055 590 haec
1072 549 1119 588 me
1136 531 1310 612 interrogas?
1326 569 1353 578 -

104 627 228 704 ruQuod
245 641 291 702 te,
312 629 409 706 inquit
418 672 427 702 ,
448 648 514 686 cum
531 627 642 708 possis,
664 628 744 688 nolle
760 628 887 702 ,arbitror
901 647 1055 708 procurare
1073 649 1124 704 ea,
1144 649 1264 709 quorum
1280 632 1353 712 parti·

142 729 234 808 cipem
252 741 280 786 te
299 747 358 785 esse
376 746 489 800 necesse
509 725 564 800 sit,
585 747 674 805 quum
692 727 731 786 sis
752 728 835 788 civis.
846 750 860 784 o
888 723 917 806 l)
1168 748 1176 780 ι

182 824 298 883 Illustre
320 843 389 885 vero
408 823 495 899 hujus
512 821 641 883 methodi
658 823 818 884 Socraticae
838 824 1005 905 exemplum
1024 824 1116 884 estin
1137 826 1283 886 notissima
1298 826 1354 907 phi-

141 922 253 1003 losophi
278 943 343 981 cum
361 920 540 980 Aristodemo
560 920 596 980 de
618 921 804 1001 providentia
826 921 1036 1003 disputatione.
1077 923 1165 982 Hunc
1185 925 1263 984 enim
1281 945 1354 1004 quum

141 1023 297 1100 accepisset
336 1039 429 1098 neque
447 1011 523 1079 '·Dr'is
557 1019 719 1080 sacrificare
749 1040 844 1100 neque
874 1020 1059 1082 divinatione
1088 1023 1149 1097 uti,
1190 1024 1249 1083 imo
1274 1021 1356 1082 ridere

48 1182 55 1205 Ι
141 1139 239 1178 omnes
249 1164 259 1193 ,
287 1118 338 1198 qui
356 1118 426 1177 haec
444 1118 574 1176 iacerent
597 1138 611 1171 u
623 1117 783 1193 dicmihi,
815 1119 877 1194 ait,
898 1118 1077 1178 Aristodemo
1087 1164 1096 1195 ,
1117 1134 1224 1180 suntne
1243 1141 1309 1199 quos
1326 1118 1355 1178 ob

141 1218 311 1297 sapientiam
326 1216 365 1275 sis
382 1214 563 1275 admiratus?
585 1247 621 1256 —
641 1215 717 1275 Sunt
732 1203 823 1292 dne,
845 1218 952 1296 inquit.
973 1247 1009 1256 -
1029 1217 1083 1278 Dic
1102 1218 1188 1279 nohis
1206 1239 1302 1278 eorum
1317 1239 1354 1278 no

130 1316 285 1374 mina-
314 1313 457 1394 Equidem
485 1314 641 1373 Homerum
671 1313 703 1373 in
728 1315 891 1396 pangendis
908 1315 1086 1376 carminibus
1106 1317 1196 1397 epicis
1213 1317 1353 1377 admiratus

141 1435 204 1473 sum
223 1414 364 1487 maxime,
385 1413 418 1472 in
438 1411 624 1492 dithyramho
643 1402 895 1494 Meliuippidem,
917 1416 949 1475 in
965 1414 1110 1494 tragoedia
1128 1414 1315 1496 Sophoclem,
1330 1415 1355 1473 in

141 1514 276 1573 statuaria
292 1511 491 1592 Polycletum,
513 1512 545 1570 in
565 1511 678 1592 pictura
697 1510 821 1572 Zeuxin.
852 1513 909 1572 Hic
930 1512 1076 1588 Socrates,
1099 1514 1156 1573 utri
1179 1535 1249 1574 vero
1266 1511 1356 1575 viden·

141 1624 190 1684 tur
204 1611 272 1669 «ribi
283 1656 292 1684 ,
320 1610 440 1692 inquit,
470 1610 578 1685 majore
595 1608 678 1688 digni
700 1631 760 1670 esse
785 1610 995 1685 admiratione,
1023 1611 1077 1691 ¹qui
1096 1611 1250 1672 simulacra
1269 1611 1357 1670 mentis

142 1724 289 1788 motusque
310 1708 441 1788 expertia
458 1705 633 1788 perficiunt,
655 1729 693 1766 an
711 1709 762 1787 qui
772 1709 908 1769 animalia
917 1722 1012 1770 mente
1023 1722 1050 1767 et
1060 1723 1138 1768 motu
1147 1710 1300 1790 praedita?
1310 1733 1322 1766 u
1334 1706 1359 1785 2)

143 1807 179 1866 Et
207 1808 247 1867 sic
271 1807 390 1887 quidem
405 1827 422 1864 a
440 1804 525 1864 rebus
545 1804 639 1864 cuivis
656 1805 841 1885 patentibus,
871 1827 1000 1888 quaeque
1019 1807 1151 1868 sensibus
1170 1809 1359 1890 percipiuntur

143 1904 240 1964 adres
259 1905 376 1966 divinas
395 1904 505 1983 Deiquc
525 1901 741 1982 providentiam
759 1905 898 1966 escendit.
941 1904 999 1965 Sed
1015 1904 1117 1987 hospes
1137 1907 1175 1966 sit
1193 1927 1308 1974 necesse
1327 1917 1358 1964 est

121 2004 175 2061 ·in
193 2005 307 2084 scriptis
324 2002 549 2075 Socraticorum,
570 2001 621 2077 qui
631 2045 640 2075 ,
662 2002 710 2062 vel
727 2003 817 2063 verbo
835 2005 962 2064 monitus
972 2049 980 2078 ,
1002 2025 1063 2063 non
1081 2005 1157 2064 hanc
1178 2005 1357 2066 continuera-

81 2124 86 2133 ·
114 2163 120 2176 ,
142 2102 251 2163 tionem
277 2104 372 2161 animo
396 2111 600 2181 repraesentet.
625 2100 837 2181 ·Quoscunque
861 2101 987 2162 habebat
1010 2101 1139 2163 Socrates
1163 2124 1231 2162 cum
1256 2103 1357 2183 quibus·

34 2242 42 2277 :
82 2232 93 2255 ι
144 2221 258 2278 cunque
283 2198 452 2259 hominibus
481 2183 642 2272 sermohes,
670 2212 732 2257 tum
760 2205 891 2279 qnoque,
922 2220 1011 2280 quum
1031 2199 1151 2278 judices·
1171 2201 1358 2282 alloquebatur

133 2287 278 2378 ‘puhlice,
307 2309 339 2355 ut
366 2294 553 2378 persuaderet
579 2294 656 2370 illis,
689 2296 807 2357 archus
831 2298 1007 2358 tenuissimis
1026 2312 1054 2358 et
1075 2300 1225 2359 vilissimis
1243 2298 1358 2381 exempla

43 2452 55 2475 ,
143 2395 276 2477 petebat:
306 2409 414 2454 sutores
435 2391 626 2473 loquebatur,
652 2393 766 2470 fabros,
788 2397 909 2456 rusticos
919 2439 929 2471 ,
950 2417 1103 2476 eorumque
1124 2412 1198 2458 artes
1215 2413 1246 2458 et
1264 2401 1358 2458 instru-

144 2509 249 2554 menta.
291 2494 368 2552 Haec
385 2492 498 2553 scilicet
518 2490 652 2552 omnihus
673 2481 756 2554 erant
775 2508 861 2569 nota,
883 2515 942 2556 non
961 2495 1048 2556 cultis
1064 2477 1196 2571 tantum,
1219 2497 1271 2559 sed
1289 2495 1359 2556 rudi-

145 2593 199 2652 bus
223 2593 307 2652 etiam
333 2606 365 2662 et¹
383 2589 541 2671 agrestibus
552 2635 560 2664 ,
585 2592 683 2671 pueris
707 2591 797 2652 adeo:
819 2591 870 2652 sed
887 2591 1004 2656 ordiens
1023 2593 1076 2654 ille
1098 2615 1114 2652 a
1134 2595 1264 2656 sordidis
1281 2596 1323 2655 his
1338 2606 1359 2652 et

85 2683 93 2730 ·’
145 2690 264 2768 abjectis
283 2711 443 2764 sermones,
465 2707 509 2746 res
528 2686 693 2748 declarabat
710 2690 866 2765 facillime,
881 2687 1044 2770 dequibus
1060 2692 1214 2753 cultissimi
1226 2694 1284 2755 viri
1293 2691 1357 2754 omni
1417 2677 1418 2698 ¹

145 2803 271 2869 ternpore
301 2789 353 2850 vix
380 2786 538 2867 quidquam
567 2787 717 2866 proferre,
743 2787 821 2868 quod
840 2787 991 2869 probabile
1010 2803 1101 2865 esset,
1121 2804 1285 2871 potuerant.
1322 2789 1359 2850 lb

112 2938 118 2949 .
143 2887 299 2961 Aristotele
317 2888 386 2946 haec
404 2887 477 2945 ratio
495 2878 636 2965 ἐπαγωγή
655 2883 734 2946 dicta
750 2901 811 2960 est,
830 2883 862 2966 3)
882 2908 898 2946 a
919 2887 1057 2948 Cicerone
1067 2903 1096 2948 et
1105 2889 1218 2950 Latinis
1227 2893 1358 2950 inductio.

75 2984 82 2999 '
179 2973 263 3044 liaeo
287 2982 413 3044 docendi
443 2987 516 3046 ratio
545 3007 630 3066 quam
656 2986 695 3045 sit
720 2986 863 3066 simplex,
889 3006 975 3065 quam
996 2986 1065 3046 item
1082 2986 1121 3046 ad
1139 2987 1358 3069 persuadendum

113 3056 267 3158 ⁴i‘efiicax,
293 3103 377 3142 nemo
393 3097 452 3157 est,
473 3085 545 3163 quin
564 3106 614 3144 sua
634 3098 735 3166 sponte
754 3081 870 3144 videat:
893 3081 944 3144 sed
964 3104 1023 3144 esse
1040 3085 1178 3160 eandem,
1199 3086 1279 3166 quod
1296 3083 1358 3145 dixi·

47 3216 55 3232 ·
133 3203 226 3262 quus,
252 3195 371 3241 naturae
390 3202 562 3261 congruam,
582 3203 615 3243 eo
634 3181 746 3263 patebit
766 3183 966 3257 manifestius,
988 3204 1044 3262 quo
1063 3185 1152 3264 magis
1171 3186 1301 3246 nativam
1315 3184 1358 3242 ho-

145 3279 233 3339 minis
256 3281 287 3339 in
305 3278 495 3358 disquirendo
515 3275 654 3341 rationem
676 3275 893 3340 attenderimus.
935 3280 1008 3340 Nam
1028 3280 1131 3356 homo,
1151 3284 1286 3361 quamvis
1302 3279 1359 3340 uni-

76 3414 85 3431 .
146 3387 240 3440 versas
254 3392 349 3438 mente
368 3376 447 3440 ideas
465 3392 579 3454 teneat,
606 3380 668 3440 sine
686 3377 794 3456 quibus
807 3377 941 3456 judicare
959 3377 995 3438 de
1014 3380 1100 3439 rebus
1118 3402 1179 3440 non
1197 3395 1304 3463 potest,
1322 3393 1358 3438 ta-

145 3497 211 3536 men
237 3498 254 3534 a
283 3475 406 3556 siugulis
425 3476 463 3537 ad
485 3477 637 3552 universa,
668 3475 887 3557 asimplicibus
905 3475 943 3536 ad
959 3479 1133 3558 composita,
1162 3479 1199 3538 ab
1217 3481 1274 3556 iis,
1299 3495 1357 3558 quac

145 3574 245 3649 videt,
266 3573 366 3649 audit,
386 3574 521 3634 manibus
539 3587 697 3636 contrectat
702 3601 717 3648 ,r
733 3573 864 3635 sensibus
883 3575 1002 3634 omnino
1021 3577 1159 3657 percipit,
1180 3577 1218 3639 ad
1229 3599 1279 3654 ea,
1298 3593 1357 3656 quae

75 3696 86 3720 ·
145 3696 205 3733 non
230 3685 330 3754 patent
351 3674 499 3748 sensibus,
531 3673 730 3755 progreditur:
761 3692 818 3751 quo
837 3671 887 3745 fit,
909 3684 941 3730 ut
958 3672 1033 3734 haec
1048 3673 1234 3735 declarentur
1252 3674 1358 3737 vocibus

145 3773 182 3832 ah
211 3771 329 3850 illorum
357 3771 526 3832 notionibus
556 3786 584 3832 et
611 3770 786 3851 imaginibus
806 3769 912 3830 ductis.
954 3770 1001 3830 Sic
1020 3793 1036 3830 a
1056 3773 1180 3853 pueritia
1195 3773 1357 3854 suscepimus

145 3871 241 3930 animo
261 3890 356 3928 rerum
374 3869 557 3930 sensibilium
587 3871 738 3944 notiones,
770 3882 799 3928 et
824 3868 1027 3929 hasiuotiones
1046 3870 1079 3930 in
1097 3890 1142 3930 res
1162 3872 1299 3932 sensibus
1308 3889 1355 3928 non

144 3982 293 4050 patentes,
314 3966 431 4028 divinas
447 3968 479 4028 in
498 3969 619 4049 primis,
639 3966 840 4028 traduximus:
863 3965 942 4026 uude
961 3968 1024 4027 Diis
1034 3969 1094 4027 fere
1103 3969 1235 4028 mortales
1245 3965 1356 4029 hominis

144 4068 279 4141 formam,
307 4080 384 4126 certe
414 4067 581 4148 ingenium,
611 4065 786 4126 tribuerunt.
832 4065 916 4125 Hanc
937 4065 1100 4126 naturalem
1118 4061 1355 4130 animadvertendi

180 4309 205 4373 ll
223 4313 287 4364 Xen.
306 4313 377 4364 Mem.
397 4309 439 4362 tlt.
459 4311 482 4361 t.
502 4309 521 4374 §
540 4310 563 4362 1.
582 4309 607 4362 2.
627 4309 666 4364 Gl-
685 4309 756 4362 duct.
773 4311 808 4362 'ad
827 4310 886 4362 Her.
905 4309 946 4362 Ν.
965 4307 998 4375 3,
1016 4311 1041 4362 l.

1 4436 2 4447 ,
70 4465 74 4470 Ι
176 4395 202 4462 2)
221 4399 282 4450 Eod.
300 4397 319 4449 l.
337 4397 362 4448 ll.
381 4396 401 4459 §
418 4395 443 4447 2.
461 4394 486 4448 3.

172 4483 200 4550 3>
219 4485 297 4536 Arist.
318 4483 420 4548 Arrolyt.
436 4491 497 4551 port.
517 4482 535 4532 1.
555 4483 577 4533 1.
601 4482 654 4550 Top.
674 4481 692 4531 1.
712 4477 746 4531 10
764 4491 789 4533 et
802 4483 906 4548 passim.
926 4479 980 4533 cic.
1002 4482 1056 4550 Top.
1070 4499 1092 4534 c.
1108 4482 1149 4535 to.
