<?xml version="1.0" encoding="UTF-8"?>
<!DOCTYPE html PUBLIC "-//W3C//DTD XHTML 1.0 Transitional//EN"
    "http://www.w3.org/TR/xhtml1/DTD/xhtml1-transitional.dtd">
<html xmlns="http://www.w3.org/1999/xhtml" xml:lang="en" lang="en">
 <head>
  <title>
</title>
<meta http-equiv="Content-Type" content="text/html;charset=utf-8" />
  <meta name='ocr-system' content='tesseract 3.04.00' />
  <meta name='ocr-capabilities' content='ocr_page ocr_carea ocr_par ocr_line ocrx_word'/>
</head>
<body>
  <div class='ocr_page' id='page_1' title='image "./initiaphilosoph02heusgoog_0474.png"; bbox 0 0 2886 5118; ppageno 0'>
   <div class='ocr_carea' id='block_1_1' title="bbox 651 285 711 346">
    <p class='ocr_par' dir='ltr' id='par_1_1' title="bbox 651 285 711 346">
     <span class='ocr_line' id='line_1_1' title="bbox 651 285 711 346; baseline 0 0"><span class='ocrx_word' id='word_1_1' title='bbox 651 285 711 346; x_wconf 74' lang='lat'><strong>458</strong></span> 
     </span>
    </p>
   </div>
   <div class='ocr_carea' id='block_1_2' title="bbox 4 440 1364 2582">
    <p class='ocr_par' dir='ltr' id='par_1_2' title="bbox 64 440 1298 920">
     <span class='ocr_line' id='line_1_2' title="bbox 65 440 1293 530; baseline 0.002 -21"><span class='ocrx_word' id='word_1_2' title='bbox 65 440 163 510; x_wconf 82' lang='lat' dir='ltr'><strong>omncs</strong></span> <span class='ocrx_word' id='word_1_3' title='bbox 180 449 236 528; x_wconf 84' lang='lat' dir='ltr'><strong>ipsi</strong></span> <span class='ocrx_word' id='word_1_4' title='bbox 253 469 306 530; x_wconf 85' lang='lat' dir='ltr'><strong>per</strong></span> <span class='ocrx_word' id='word_1_5' title='bbox 320 469 350 508; x_wconf 91' lang='lat' dir='ltr'><strong>se</strong></span> <span class='ocrx_word' id='word_1_6' title='bbox 365 446 414 508; x_wconf 88' lang='lat' dir='ltr'><strong>vel</strong></span> <span class='ocrx_word' id='word_1_7' title='bbox 433 447 503 506; x_wconf 87' lang='lat' dir='ltr'><strong>mali</strong></span> <span class='ocrx_word' id='word_1_8' title='bbox 524 460 594 506; x_wconf 86' lang='lat' dir='ltr'><strong>sunt</strong></span> <span class='ocrx_word' id='word_1_9' title='bbox 614 446 661 508; x_wconf 93' lang='lat' dir='ltr'><strong>vel</strong></span> <span class='ocrx_word' id='word_1_10' title='bbox 673 459 796 506; x_wconf 86' lang='lat' dir='ltr'><strong>nocent:</strong></span> <span class='ocrx_word' id='word_1_11' title='bbox 815 444 940 506; x_wconf 89' lang='lat' dir='ltr'><strong>trahunt</strong></span> <span class='ocrx_word' id='word_1_12' title='bbox 955 459 1095 523; x_wconf 89' lang='lat' dir='ltr'><strong>mentem,</strong></span> <span class='ocrx_word' id='word_1_13' title='bbox 1114 463 1146 509; x_wconf 90' lang='lat' dir='ltr'><strong>ut</strong></span> <span class='ocrx_word' id='word_1_14' title='bbox 1155 447 1293 526; x_wconf 85' lang='lat' dir='ltr'><strong>vidimus,</strong></span> 
     </span>
     <span class='ocr_line' id='line_1_3' title="bbox 65 542 1294 628; baseline 0.002 -22"><span class='ocrx_word' id='word_1_15' title='bbox 65 549 96 606; x_wconf 88' lang='lat' dir='ltr'><strong>in</strong></span> <span class='ocrx_word' id='word_1_16' title='bbox 125 567 224 606; x_wconf 85' lang='lat' dir='ltr'><strong>omnes</strong></span> <span class='ocrx_word' id='word_1_17' title='bbox 243 557 356 628; x_wconf 88' lang='lat' dir='ltr'><strong>partes;</strong></span> <span class='ocrx_word' id='word_1_18' title='bbox 383 543 435 604; x_wconf 86' lang='lat' dir='ltr'><strong>sed</strong></span> <span class='ocrx_word' id='word_1_19' title='bbox 462 565 539 604; x_wconf 88' lang='lat' dir='ltr'><strong>nnus</strong></span> <span class='ocrx_word' id='word_1_20' title='bbox 569 557 629 621; x_wconf 88' lang='lat' dir='ltr'><strong>est,</strong></span> <span class='ocrx_word' id='word_1_21' title='bbox 656 545 740 622; x_wconf 90' lang='lat' dir='ltr'><strong>cujus</strong></span> <span class='ocrx_word' id='word_1_22' title='bbox 766 542 868 604; x_wconf 86' lang='lat' dir='ltr'><strong>ductui</strong></span> <span class='ocrx_word' id='word_1_23' title='bbox 897 557 927 603; x_wconf 90' lang='lat' dir='ltr'><strong>et</strong></span> <span class='ocrx_word' id='word_1_24' title='bbox 943 543 1035 604; x_wconf 90' lang='lat' dir='ltr'><strong>veluti</strong></span> <span class='ocrx_word' id='word_1_25' title='bbox 1052 549 1157 607; x_wconf 87' lang='lat' dir='ltr'><strong>tractui</strong></span> <span class='ocrx_word' id='word_1_26' title='bbox 1175 547 1294 628; x_wconf 85' lang='lat' dir='ltr'><strong>obsequi</strong></span> 
     </span>
     <span class='ocr_line' id='line_1_4' title="bbox 66 641 1297 723; baseline 0.002 -19"><span class='ocrx_word' id='word_1_27' title='bbox 66 645 203 704; x_wconf 81' lang='lat' dir='ltr'><strong>debemru</strong></span> <span class='ocrx_word' id='word_1_28' title='bbox 232 644 328 704; x_wconf 90' lang='lat' dir='ltr'><strong>unice:</strong></span> <span class='ocrx_word' id='word_1_29' title='bbox 356 642 443 702; x_wconf 88' lang='lat' dir='ltr'><strong>illum</strong></span> <span class='ocrx_word' id='word_1_30' title='bbox 462 641 546 717; x_wconf 89' lang='lat' dir='ltr'><strong>dico,</strong></span> <span class='ocrx_word' id='word_1_31' title='bbox 572 643 624 722; x_wconf 92' lang='lat' dir='ltr'><strong>qui</strong></span> <span class='ocrx_word' id='word_1_32' title='bbox 644 662 709 701; x_wconf 90' lang='lat' dir='ltr'><strong>cum</strong></span> <span class='ocrx_word' id='word_1_33' title='bbox 728 641 842 700; x_wconf 87' lang='lat' dir='ltr'><strong>ratione</strong></span> <span class='ocrx_word' id='word_1_34' title='bbox 860 642 1005 701; x_wconf 81' lang='lat' dir='ltr'><strong>consentit</strong></span> <span class='ocrx_word' id='word_1_35' title='bbox 1024 644 1143 723; x_wconf 87' lang='lat' dir='ltr'><strong>ejusque</strong></span> <span class='ocrx_word' id='word_1_36' title='bbox 1163 645 1297 706; x_wconf 73' lang='lat' dir='ltr'><strong>minister</strong></span> 
     </span>
     <span class='ocr_line' id='line_1_5' title="bbox 64 739 1298 824; baseline 0.003 -24"><span class='ocrx_word' id='word_1_37' title='bbox 64 755 113 802; x_wconf 89' lang='lat' dir='ltr'><strong>est.</strong></span> <span class='ocrx_word' id='word_1_38' title='bbox 155 741 193 802; x_wconf 89' lang='lat' dir='ltr'><strong>ld</strong></span> <span class='ocrx_word' id='word_1_39' title='bbox 214 762 317 823; x_wconf 80' lang='lat' dir='ltr'><strong>nempe</strong></span> <span class='ocrx_word' id='word_1_40' title='bbox 338 754 395 815; x_wconf 89' lang='lat' dir='ltr'><strong>est,</strong></span> <span class='ocrx_word' id='word_1_41' title='bbox 423 739 503 820; x_wconf 91' lang='lat' dir='ltr'><strong>quod</strong></span> <span class='ocrx_word' id='word_1_42' title='bbox 522 739 559 798; x_wconf 90' lang='lat' dir='ltr'><strong>de</strong></span> <span class='ocrx_word' id='word_1_43' title='bbox 579 741 700 800; x_wconf 89' lang='lat' dir='ltr'><strong>rationis</strong></span> <span class='ocrx_word' id='word_1_44' title='bbox 720 739 811 799; x_wconf 85' lang='lat' dir='ltr'><strong>ductu</strong></span> <span class='ocrx_word' id='word_1_45' title='bbox 831 739 1017 799; x_wconf 81' lang='lat' dir='ltr'><strong>Atheniensis</strong></span> <span class='ocrx_word' id='word_1_46' title='bbox 1038 741 1090 800; x_wconf 93' lang='lat' dir='ltr'><strong>ille</strong></span> <span class='ocrx_word' id='word_1_47' title='bbox 1109 741 1213 824; x_wconf 84' lang='lat' dir='ltr'><strong>hospes</strong></span> <span class='ocrx_word' id='word_1_48' title='bbox 1234 763 1298 804; x_wconf 91' lang='lat' dir='ltr'><strong>mo-</strong></span> 
     </span>
     <span class='ocr_line' id='line_1_6' title="bbox 64 826 853 920; baseline -0.005 -20"><span class='ocrx_word' id='word_1_49' title='bbox 64 843 141 917; x_wconf 90' lang='lat' dir='ltr'><strong>nuit,</strong></span> <span class='ocrx_word' id='word_1_50' title='bbox 161 841 283 901; x_wconf 72' lang='grc' dir='ltr'><strong>δεῖσθαι</strong></span> <span class='ocrx_word' id='word_1_51' title='bbox 304 831 460 920; x_wconf 76' lang='grc' dir='ltr'><strong>ὖπηριτῶν</strong></span> <span class='ocrx_word' id='word_1_52' title='bbox 480 832 534 898; x_wconf 79' lang='lat' dir='ltr'><strong>rori</strong></span> <span class='ocrx_word' id='word_1_53' title='bbox 554 829 650 916; x_wconf 80' lang='lat' dir='ltr'><strong>lo‘yoo</strong></span> <span class='ocrx_word' id='word_1_54' title='bbox 670 826 853 918; x_wconf 55' lang='lat' dir='ltr'><strong>cirmini).</strong></span> 
     </span>
    </p>

    <p class='ocr_par' dir='ltr' id='par_1_3' title="bbox 4 936 1364 2582">
     <span class='ocr_line' id='line_1_7' title="bbox 100 936 1297 1021; baseline -0.001 -20"><span class='ocrx_word' id='word_1_55' title='bbox 100 940 171 1001; x_wconf 89' lang='lat' dir='ltr'><strong>Vim</strong></span> <span class='ocrx_word' id='word_1_56' title='bbox 189 942 279 1021; x_wconf 83' lang='lat' dir='ltr'><strong>igitur</strong></span> <span class='ocrx_word' id='word_1_57' title='bbox 297 943 402 1001; x_wconf 86' lang='lat' dir='ltr'><strong>amoris</strong></span> <span class='ocrx_word' id='word_1_58' title='bbox 421 941 455 998; x_wconf 89' lang='lat' dir='ltr'><strong>in</strong></span> <span class='ocrx_word' id='word_1_59' title='bbox 474 940 571 998; x_wconf 85' lang='lat' dir='ltr'><strong>animo</strong></span> <span class='ocrx_word' id='word_1_60' title='bbox 588 939 716 999; x_wconf 89' lang='lat' dir='ltr'><strong>hominis</strong></span> <span class='ocrx_word' id='word_1_61' title='bbox 725 983 734 1012; x_wconf 95' lang='lat'><strong>,</strong></span> <span class='ocrx_word' id='word_1_62' title='bbox 764 936 908 1016; x_wconf 87' lang='lat' dir='ltr'><strong>siquidem</strong></span> <span class='ocrx_word' id='word_1_63' title='bbox 924 939 1046 998; x_wconf 86' lang='lat' dir='ltr'><strong>rationis</strong></span> <span class='ocrx_word' id='word_1_64' title='bbox 1065 942 1215 1000; x_wconf 85' lang='lat' dir='ltr'><strong>accesserit</strong></span> <span class='ocrx_word' id='word_1_65' title='bbox 1234 949 1297 1000; x_wconf 83' lang='lat' dir='ltr'><strong>ino-</strong></span> 
     </span>
     <span class='ocr_line' id='line_1_8' title="bbox 62 1036 1296 1119; baseline 0.002 -23"><span class='ocrx_word' id='word_1_66' title='bbox 62 1036 197 1098; x_wconf 83' lang='lat' dir='ltr'><strong>deranien</strong></span> <span class='ocrx_word' id='word_1_67' title='bbox 207 1085 215 1114; x_wconf 92' lang='lat'><strong>,</strong></span> <span class='ocrx_word' id='word_1_68' title='bbox 244 1038 281 1098; x_wconf 86' lang='lat' dir='ltr'><strong>ad</strong></span> <span class='ocrx_word' id='word_1_69' title='bbox 300 1039 438 1100; x_wconf 85' lang='lat' dir='ltr'><strong>virtutem</strong></span> <span class='ocrx_word' id='word_1_70' title='bbox 457 1037 691 1116; x_wconf 76' lang='lat' dir='ltr'><strong>honestatemque</strong></span> <span class='ocrx_word' id='word_1_71' title='bbox 708 1055 893 1118; x_wconf 78' lang='lat' dir='ltr'><strong>permagnam</strong></span> <span class='ocrx_word' id='word_1_72' title='bbox 911 1055 989 1111; x_wconf 88' lang='lat' dir='ltr'><strong>csse,</strong></span> <span class='ocrx_word' id='word_1_73' title='bbox 1008 1036 1079 1097; x_wconf 88' lang='lat' dir='ltr'><strong>hinc</strong></span> <span class='ocrx_word' id='word_1_74' title='bbox 1099 1050 1187 1119; x_wconf 87' lang='lat' dir='ltr'><strong>patet.</strong></span> <span class='ocrx_word' id='word_1_75' title='bbox 1229 1041 1296 1100; x_wconf 85' lang='lat' dir='ltr'><strong>Ger·</strong></span> 
     </span>
     <span class='ocr_line' id='line_1_9' title="bbox 63 1132 1297 1215; baseline 0.002 -21"><span class='ocrx_word' id='word_1_76' title='bbox 63 1137 142 1195; x_wconf 83' lang='lat' dir='ltr'><strong>nitur</strong></span> <span class='ocrx_word' id='word_1_77' title='bbox 160 1151 256 1195; x_wconf 88' lang='lat' dir='ltr'><strong>autem</strong></span> <span class='ocrx_word' id='word_1_78' title='bbox 274 1138 308 1195; x_wconf 90' lang='lat' dir='ltr'><strong>in</strong></span> <span class='ocrx_word' id='word_1_79' title='bbox 328 1135 433 1194; x_wconf 89' lang='lat' dir='ltr'><strong>iisdem</strong></span> <span class='ocrx_word' id='word_1_80' title='bbox 452 1135 532 1194; x_wconf 89' lang='lat' dir='ltr'><strong>hisce</strong></span> <span class='ocrx_word' id='word_1_81' title='bbox 549 1135 708 1194; x_wconf 87' lang='lat' dir='ltr'><strong>arctissima</strong></span> <span class='ocrx_word' id='word_1_82' title='bbox 724 1132 866 1215; x_wconf 87' lang='lat' dir='ltr'><strong>quaedam</strong></span> <span class='ocrx_word' id='word_1_83' title='bbox 884 1133 1002 1193; x_wconf 90' lang='lat' dir='ltr'><strong>virtutis</strong></span> <span class='ocrx_word' id='word_1_84' title='bbox 1022 1134 1228 1214; x_wconf 80' lang='lat' dir='ltr'><strong>felicitatisque</strong></span> <span class='ocrx_word' id='word_1_85' title='bbox 1246 1158 1297 1197; x_wconf 88' lang='lat' dir='ltr'><strong>ne·</strong></span> 
     </span>
     <span class='ocr_line' id='line_1_10' title="bbox 62 1204 1308 1314; baseline 0.006 -25"><span class='ocrx_word' id='word_1_86' title='bbox 62 1204 214 1293; x_wconf 71' lang='lat' dir='ltr'><strong>cesiitudo.</strong></span> <span class='ocrx_word' id='word_1_87' title='bbox 253 1232 340 1309; x_wconf 88' lang='lat' dir='ltr'><strong>Quod</strong></span> <span class='ocrx_word' id='word_1_88' title='bbox 370 1235 403 1292; x_wconf 91' lang='lat' dir='ltr'><strong>in</strong></span> <span class='ocrx_word' id='word_1_89' title='bbox 429 1232 530 1292; x_wconf 88' lang='lat' dir='ltr'><strong>eodem</strong></span> <span class='ocrx_word' id='word_1_90' title='bbox 549 1231 604 1291; x_wconf 90' lang='lat' dir='ltr'><strong>illo</strong></span> <span class='ocrx_word' id='word_1_91' title='bbox 622 1233 727 1302; x_wconf 85' lang='lat' dir='ltr'><strong>amoris</strong></span> <span class='ocrx_word' id='word_1_92' title='bbox 744 1231 855 1312; x_wconf 87' lang='lat' dir='ltr'><strong>hymno</strong></span> <span class='ocrx_word' id='word_1_93' title='bbox 877 1231 975 1306; x_wconf 85' lang='lat' dir='ltr'><strong>Plato,</strong></span> <span class='ocrx_word' id='word_1_94' title='bbox 1002 1245 1035 1290; x_wconf 91' lang='lat' dir='ltr'><strong>ut</strong></span> <span class='ocrx_word' id='word_1_95' title='bbox 1053 1233 1086 1292; x_wconf 88' lang='lat' dir='ltr'><strong>in</strong></span> <span class='ocrx_word' id='word_1_96' title='bbox 1099 1235 1308 1314; x_wconf 82' lang='lat' dir='ltr'><strong>superioribus</strong></span> 
     </span>
     <span class='ocr_line' id='line_1_11' title="bbox 62 1328 1296 1406; baseline 0 -16"><span class='ocrx_word' id='word_1_97' title='bbox 62 1331 336 1406; x_wconf 81' lang='lat' dir='ltr'><strong>animadvertimus,</strong></span> <span class='ocrx_word' id='word_1_98' title='bbox 356 1330 428 1389; x_wconf 69' lang='lat' dir='ltr'><strong>mma</strong></span> <span class='ocrx_word' id='word_1_99' title='bbox 446 1328 626 1388; x_wconf 90' lang='lat' dir='ltr'><strong>sublimitate</strong></span> <span class='ocrx_word' id='word_1_100' title='bbox 644 1328 815 1391; x_wconf 86' lang='lat' dir='ltr'><strong>celebravit.</strong></span> <span class='ocrx_word' id='word_1_101' title='bbox 861 1330 957 1388; x_wconf 75' lang='lat' dir='ltr'><strong>«Nam</strong></span> <span class='ocrx_word' id='word_1_102' title='bbox 978 1349 1096 1405; x_wconf 88' lang='lat' dir='ltr'><strong>amans,</strong></span> <span class='ocrx_word' id='word_1_103' title='bbox 1127 1332 1170 1390; x_wconf 85' lang='lat' dir='ltr'><strong>ait</strong></span> <span class='ocrx_word' id='word_1_104' title='bbox 1190 1331 1296 1392; x_wconf 86' lang='lat' dir='ltr'><strong>Socra-</strong></span> 
     </span>
     <span class='ocr_line' id='line_1_12' title="bbox 61 1426 1295 1515; baseline 0.002 -29"><span class='ocrx_word' id='word_1_105' title='bbox 61 1442 99 1486; x_wconf 86' lang='lat' dir='ltr'><strong>tes</strong></span> <span class='ocrx_word' id='word_1_106' title='bbox 106 1475 126 1515; x_wconf 20' lang='grc' dir='ltr'><strong>,ι</strong></span> <span class='ocrx_word' id='word_1_107' title='bbox 144 1442 178 1488; x_wconf 91' lang='lat' dir='ltr'><strong>ut</strong></span> <span class='ocrx_word' id='word_1_108' title='bbox 206 1451 239 1489; x_wconf 90' lang='lat' dir='ltr'><strong>eo</strong></span> <span class='ocrx_word' id='word_1_109' title='bbox 258 1451 316 1515; x_wconf 92' lang='lat' dir='ltr'><strong>quo</strong></span> <span class='ocrx_word' id='word_1_110' title='bbox 335 1428 466 1488; x_wconf 83' lang='lat' dir='ltr'><strong>diximus</strong></span> <span class='ocrx_word' id='word_1_111' title='bbox 486 1426 591 1503; x_wconf 87' lang='lat' dir='ltr'><strong>modo,</strong></span> <span class='ocrx_word' id='word_1_112' title='bbox 614 1428 706 1487; x_wconf 91' lang='lat' dir='ltr'><strong>altero</strong></span> <span class='ocrx_word' id='word_1_113' title='bbox 724 1427 778 1486; x_wconf 88' lang='lat' dir='ltr'><strong>illo</strong></span> <span class='ocrx_word' id='word_1_114' title='bbox 798 1447 872 1506; x_wconf 89' lang='lat' dir='ltr'><strong>equo</strong></span> <span class='ocrx_word' id='word_1_115' title='bbox 891 1427 1028 1505; x_wconf 88' lang='lat' dir='ltr'><strong>adjutus,</strong></span> <span class='ocrx_word' id='word_1_116' title='bbox 1057 1448 1162 1508; x_wconf 89' lang='lat' dir='ltr'><strong>pravas</strong></span> <span class='ocrx_word' id='word_1_117' title='bbox 1179 1429 1295 1510; x_wconf 85' lang='lat' dir='ltr'><strong>cupidi·</strong></span> 
     </span>
     <span class='ocr_line' id='line_1_13' title="bbox 4 1523 1294 1607; baseline -0.002 -21"><span class='ocrx_word' id='word_1_118' title='bbox 4 1583 5 1586; x_wconf 74' lang='grc'>,</span> <span class='ocrx_word' id='word_1_119' title='bbox 60 1539 127 1586; x_wconf 88' lang='lat' dir='ltr'><strong>tates</strong></span> <span class='ocrx_word' id='word_1_120' title='bbox 147 1528 222 1588; x_wconf 87' lang='lat' dir='ltr'><strong>vicit</strong></span> <span class='ocrx_word' id='word_1_121' title='bbox 240 1527 429 1606; x_wconf 89' lang='lat' dir='ltr'><strong>domuitque,</strong></span> <span class='ocrx_word' id='word_1_122' title='bbox 448 1547 506 1605; x_wconf 93' lang='lat' dir='ltr'><strong>quo</strong></span> <span class='ocrx_word' id='word_1_123' title='bbox 525 1527 587 1607; x_wconf 88' lang='lat' dir='ltr'><strong>ipse</strong></span> <span class='ocrx_word' id='word_1_124' title='bbox 607 1526 732 1606; x_wconf 77' lang='lat' dir='ltr'><strong>agitatur</strong></span> <span class='ocrx_word' id='word_1_125' title='bbox 749 1546 862 1600; x_wconf 87' lang='lat' dir='ltr'><strong>amore,</strong></span> <span class='ocrx_word' id='word_1_126' title='bbox 887 1523 989 1584; x_wconf 89' lang='lat' dir='ltr'><strong>eodem</strong></span> <span class='ocrx_word' id='word_1_127' title='bbox 1004 1524 1067 1604; x_wconf 88' lang='lat' dir='ltr'><strong>jam</strong></span> <span class='ocrx_word' id='word_1_128' title='bbox 1084 1524 1194 1584; x_wconf 88' lang='lat' dir='ltr'><strong>imbuit</strong></span> <span class='ocrx_word' id='word_1_129' title='bbox 1213 1547 1294 1585; x_wconf 88' lang='lat' dir='ltr'><strong>ama-</strong></span> 
     </span>
     <span class='ocr_line' id='line_1_14' title="bbox 4 1611 1292 1705; baseline 0.001 -24"><span class='ocrx_word' id='word_1_130' title='bbox 4 1611 6 1618; x_wconf 32' lang='lat'><em>*</em></span> <span class='ocrx_word' id='word_1_131' title='bbox 60 1624 139 1685; x_wconf 82' lang='lat' dir='ltr'><strong>sium</strong></span> <span class='ocrx_word' id='word_1_132' title='bbox 179 1629 266 1686; x_wconf 85' lang='lat' dir='ltr'><strong>Amat</strong></span> <span class='ocrx_word' id='word_1_133' title='bbox 294 1626 384 1705; x_wconf 85' lang='lat' dir='ltr'><strong>igitur</strong></span> <span class='ocrx_word' id='word_1_134' title='bbox 410 1638 440 1684; x_wconf 88' lang='lat' dir='ltr'><strong>et</strong></span> <span class='ocrx_word' id='word_1_135' title='bbox 467 1625 570 1698; x_wconf 82' lang='lat' dir='ltr'><strong>hicce,</strong></span> <span class='ocrx_word' id='word_1_136' title='bbox 601 1644 773 1703; x_wconf 87' lang='lat' dir='ltr'><strong>quamquam</strong></span> <span class='ocrx_word' id='word_1_137' title='bbox 793 1623 867 1702; x_wconf 90' lang='lat' dir='ltr'><strong>qnid</strong></span> <span class='ocrx_word' id='word_1_138' title='bbox 884 1636 961 1684; x_wconf 86' lang='lat' dir='ltr'><strong>amet</strong></span> <span class='ocrx_word' id='word_1_139' title='bbox 980 1624 1083 1684; x_wconf 87' lang='lat' dir='ltr'><strong>nescit.</strong></span> <span class='ocrx_word' id='word_1_140' title='bbox 1125 1622 1176 1682; x_wconf 85' lang='lat' dir='ltr'><strong>Fit</strong></span> <span class='ocrx_word' id='word_1_141' title='bbox 1195 1635 1292 1683; x_wconf 91' lang='lat' dir='ltr'><strong>autem</strong></span> 
     </span>
     <span class='ocr_line' id='line_1_15' title="bbox 4 1708 1291 1804; baseline -0.001 -22"><span class='ocrx_word' id='word_1_142' title='bbox 4 1797 5 1800; x_wconf 7' lang='grc' dir='ltr'><strong>Ἴ</strong></span> <span class='ocrx_word' id='word_1_143' title='bbox 60 1743 150 1798; x_wconf 80' lang='lat' dir='ltr'><strong>amore</strong></span> <span class='ocrx_word' id='word_1_144' title='bbox 169 1736 288 1798; x_wconf 88' lang='lat' dir='ltr'><strong>mutuo,</strong></span> <span class='ocrx_word' id='word_1_145' title='bbox 308 1735 342 1780; x_wconf 86' lang='lat' dir='ltr'><strong>ut</strong></span> <span class='ocrx_word' id='word_1_146' title='bbox 359 1735 498 1804; x_wconf 89' lang='lat' dir='ltr'><strong>tanquam</strong></span> <span class='ocrx_word' id='word_1_147' title='bbox 517 1722 550 1780; x_wconf 90' lang='lat' dir='ltr'><strong>in</strong></span> <span class='ocrx_word' id='word_1_148' title='bbox 568 1720 702 1802; x_wconf 90' lang='lat' dir='ltr'><strong>speculo,</strong></span> <span class='ocrx_word' id='word_1_149' title='bbox 722 1723 764 1780; x_wconf 90' lang='lat' dir='ltr'><strong>sio</strong></span> <span class='ocrx_word' id='word_1_150' title='bbox 786 1724 818 1782; x_wconf 89' lang='lat' dir='ltr'><strong>in</strong></span> <span class='ocrx_word' id='word_1_151' title='bbox 839 1735 953 1780; x_wconf 88' lang='lat' dir='ltr'><strong>amante</strong></span> <span class='ocrx_word' id='word_1_152' title='bbox 972 1734 1060 1780; x_wconf 88' lang='lat' dir='ltr'><strong>semet</strong></span> <span class='ocrx_word' id='word_1_153' title='bbox 1078 1708 1175 1801; x_wconf 89' lang='lat' dir='ltr'><strong>ipsum</strong></span> <span class='ocrx_word' id='word_1_154' title='bbox 1193 1719 1291 1802; x_wconf 87' lang='lat' dir='ltr'><strong>adspi-</strong></span> 
     </span>
     <span class='ocr_line' id='line_1_16' title="bbox 60 1818 1288 1900; baseline 0.001 -23"><span class='ocrx_word' id='word_1_155' title='bbox 60 1820 121 1880; x_wconf 87' lang='lat' dir='ltr'><strong>ciat.</strong></span> <span class='ocrx_word' id='word_1_156' title='bbox 152 1819 277 1889; x_wconf 72' lang='lat' dir='ltr'><strong>,hbsens</strong></span> <span class='ocrx_word' id='word_1_157' title='bbox 304 1821 395 1900; x_wconf 82' lang='lat' dir='ltr'><strong>igitur</strong></span> <span class='ocrx_word' id='word_1_158' title='bbox 423 1819 569 1879; x_wconf 87' lang='lat' dir='ltr'><strong>desiderat</strong></span> <span class='ocrx_word' id='word_1_159' title='bbox 588 1841 673 1894; x_wconf 89' lang='lat' dir='ltr'><strong>cum,</strong></span> <span class='ocrx_word' id='word_1_160' title='bbox 703 1834 735 1879; x_wconf 92' lang='lat' dir='ltr'><strong>ut</strong></span> <span class='ocrx_word' id='word_1_161' title='bbox 755 1819 794 1880; x_wconf 86' lang='lat' dir='ltr'><strong>ab</strong></span> <span class='ocrx_word' id='word_1_162' title='bbox 813 1839 847 1878; x_wconf 89' lang='lat' dir='ltr'><strong>co</strong></span> <span class='ocrx_word' id='word_1_163' title='bbox 863 1818 1046 1878; x_wconf 86' lang='lat' dir='ltr'><strong>desideratur</strong></span> <span class='ocrx_word' id='word_1_164' title='bbox 1066 1819 1216 1893; x_wconf 85' lang='lat' dir='ltr'><strong>vicissim,</strong></span> <span class='ocrx_word' id='word_1_165' title='bbox 1235 1839 1288 1878; x_wconf 90' lang='lat' dir='ltr'><strong>nec</strong></span> 
     </span>
     <span class='ocr_line' id='line_1_17' title="bbox 60 1916 1289 1998; baseline 0 -22"><span class='ocrx_word' id='word_1_166' title='bbox 60 1917 214 1997; x_wconf 87' lang='lat' dir='ltr'><strong>quidquam</strong></span> <span class='ocrx_word' id='word_1_167' title='bbox 239 1919 322 1998; x_wconf 86' lang='lat' dir='ltr'><strong>cupit</strong></span> <span class='ocrx_word' id='word_1_168' title='bbox 348 1917 566 1991; x_wconf 89' lang='lat' dir='ltr'><strong>vehementius,</strong></span> <span class='ocrx_word' id='word_1_169' title='bbox 585 1937 672 1997; x_wconf 86' lang='lat' dir='ltr'><strong>quam</strong></span> <span class='ocrx_word' id='word_1_170' title='bbox 693 1931 725 1975; x_wconf 85' lang='lat' dir='ltr'><strong>ut</strong></span> <span class='ocrx_word' id='word_1_171' title='bbox 745 1937 857 1997; x_wconf 83' lang='lat' dir='ltr'><strong>semper</strong></span> <span class='ocrx_word' id='word_1_172' title='bbox 876 1937 942 1974; x_wconf 90' lang='lat' dir='ltr'><strong>eum</strong></span> <span class='ocrx_word' id='word_1_173' title='bbox 961 1937 996 1975; x_wconf 93' lang='lat' dir='ltr'><strong>eo</strong></span> <span class='ocrx_word' id='word_1_174' title='bbox 1016 1917 1054 1976; x_wconf 90' lang='lat' dir='ltr'><strong>sit</strong></span> <span class='ocrx_word' id='word_1_175' title='bbox 1076 1937 1145 1976; x_wconf 87' lang='lat' dir='ltr'><strong>una.</strong></span> <span class='ocrx_word' id='word_1_176' title='bbox 1188 1916 1227 1975; x_wconf 91' lang='lat' dir='ltr'><strong>Et</strong></span> <span class='ocrx_word' id='word_1_177' title='bbox 1247 1919 1289 1976; x_wconf 88' lang='lat' dir='ltr'><strong>sie</strong></span> 
     </span>
     <span class='ocr_line' id='line_1_18' title="bbox 59 2013 1291 2095; baseline 0 -21"><span class='ocrx_word' id='word_1_178' title='bbox 59 2013 171 2093; x_wconf 85' lang='lat' dir='ltr'><strong>quidem</strong></span> <span class='ocrx_word' id='word_1_179' title='bbox 193 2014 278 2074; x_wconf 88' lang='lat' dir='ltr'><strong>ambo</strong></span> <span class='ocrx_word' id='word_1_180' title='bbox 294 2013 406 2074; x_wconf 82' lang='lat' dir='ltr'><strong>beatam</strong></span> <span class='ocrx_word' id='word_1_181' title='bbox 426 2028 511 2093; x_wconf 89' lang='lat' dir='ltr'><strong>atque</strong></span> <span class='ocrx_word' id='word_1_182' title='bbox 530 2014 703 2075; x_wconf 86' lang='lat' dir='ltr'><strong>concordem</strong></span> <span class='ocrx_word' id='word_1_183' title='bbox 722 2027 902 2095; x_wconf 85' lang='lat' dir='ltr'><strong>praesentem</strong></span> <span class='ocrx_word' id='word_1_184' title='bbox 913 2025 1018 2093; x_wconf 49' lang='lat' dir='ltr'><strong>,agunt</strong></span> <span class='ocrx_word' id='word_1_185' title='bbox 1030 2014 1139 2088; x_wconf 84' lang='lat' dir='ltr'><strong>vitam,</strong></span> <span class='ocrx_word' id='word_1_186' title='bbox 1169 2013 1291 2074; x_wconf 84' lang='lat' dir='ltr'><strong>modesti</strong></span> 
     </span>
     <span class='ocr_line' id='line_1_19' title="bbox 61 2109 1364 2194; baseline 0 -24"><span class='ocrx_word' id='word_1_187' title='bbox 61 2126 86 2171; x_wconf 88' lang='lat' dir='ltr'><strong>et</strong></span> <span class='ocrx_word' id='word_1_188' title='bbox 101 2111 217 2172; x_wconf 90' lang='lat' dir='ltr'><strong>sibimet</strong></span> <span class='ocrx_word' id='word_1_189' title='bbox 237 2113 308 2194; x_wconf 91' lang='lat' dir='ltr'><strong>ipsis</strong></span> <span class='ocrx_word' id='word_1_190' title='bbox 327 2113 521 2193; x_wconf 80' lang='lat' dir='ltr'><strong>imperantes,</strong></span> <span class='ocrx_word' id='word_1_191' title='bbox 539 2111 685 2186; x_wconf 89' lang='lat' dir='ltr'><strong>subactis,</strong></span> <span class='ocrx_word' id='word_1_192' title='bbox 713 2110 855 2190; x_wconf 90' lang='lat' dir='ltr'><strong>equibus</strong></span> <span class='ocrx_word' id='word_1_193' title='bbox 876 2111 966 2184; x_wconf 89' lang='lat' dir='ltr'><strong>vitia,</strong></span> <span class='ocrx_word' id='word_1_194' title='bbox 986 2110 1020 2168; x_wconf 91' lang='lat' dir='ltr'><strong>in</strong></span> <span class='ocrx_word' id='word_1_195' title='bbox 1037 2109 1198 2170; x_wconf 87' lang='lat' dir='ltr'><strong>libertatem</strong></span> <span class='ocrx_word' id='word_1_196' title='bbox 1209 2112 1290 2172; x_wconf 77' lang='lat' dir='ltr'><strong>‚vin-</strong></span> <span class='ocrx_word' id='word_1_197' title='bbox 1361 2135 1364 2139; x_wconf 90' lang='lat'>·</span> 
     </span>
     <span class='ocr_line' id='line_1_20' title="bbox 4 2207 1291 2289; baseline 0 -21"><span class='ocrx_word' id='word_1_198' title='bbox 4 2247 6 2284; x_wconf 57' lang='grc' dir='ltr'><strong>ι</strong></span> <span class='ocrx_word' id='word_1_199' title='bbox 60 2209 176 2285; x_wconf 88' lang='lat' dir='ltr'><strong>dicatis,</strong></span> <span class='ocrx_word' id='word_1_200' title='bbox 197 2231 212 2270; x_wconf 88' lang='lat' dir='ltr'><strong>e</strong></span> <span class='ocrx_word' id='word_1_201' title='bbox 233 2210 340 2289; x_wconf 89' lang='lat' dir='ltr'><strong>quihus</strong></span> <span class='ocrx_word' id='word_1_202' title='bbox 361 2210 484 2271; x_wconf 85' lang='lat' dir='ltr'><strong>virtutes</strong></span> <span class='ocrx_word' id='word_1_203' title='bbox 502 2208 656 2283; x_wconf 83' lang='lat' dir='ltr'><strong>oriuntur3</strong></span> <span class='ocrx_word' id='word_1_204' title='bbox 678 2209 783 2268; x_wconf 90' lang='lat' dir='ltr'><strong>mortui</strong></span> <span class='ocrx_word' id='word_1_205' title='bbox 804 2229 872 2268; x_wconf 91' lang='lat' dir='ltr'><strong>vero</strong></span> <span class='ocrx_word' id='word_1_206' title='bbox 882 2252 892 2282; x_wconf 91' lang='lat'><strong>,</strong></span> <span class='ocrx_word' id='word_1_207' title='bbox 920 2208 1097 2288; x_wconf 85' lang='lat' dir='ltr'><strong>reeuperatis</strong></span> <span class='ocrx_word' id='word_1_208' title='bbox 1114 2207 1188 2283; x_wconf 90' lang='lat' dir='ltr'><strong>alis,</strong></span> <span class='ocrx_word' id='word_1_209' title='bbox 1203 2229 1291 2289; x_wconf 91' lang='lat' dir='ltr'><strong>prae-</strong></span> 
     </span>
     <span class='ocr_line' id='line_1_21' title="bbox 60 2298 1286 2387; baseline -0.002 -21"><span class='ocrx_word' id='word_1_210' title='bbox 60 2321 133 2386; x_wconf 87' lang='lat' dir='ltr'><strong>petes</strong></span> <span class='ocrx_word' id='word_1_211' title='bbox 157 2307 295 2382; x_wconf 86' lang='lat' dir='ltr'><strong>evolant,</strong></span> <span class='ocrx_word' id='word_1_212' title='bbox 321 2328 388 2366; x_wconf 89' lang='lat' dir='ltr'><strong>cum</strong></span> <span class='ocrx_word' id='word_1_213' title='bbox 414 2307 505 2366; x_wconf 87' lang='lat' dir='ltr'><strong>trium</strong></span> <span class='ocrx_word' id='word_1_214' title='bbox 522 2307 713 2364; x_wconf 87' lang='lat' dir='ltr'><strong>certaminum</strong></span> <span class='ocrx_word' id='word_1_215' title='bbox 734 2298 955 2386; x_wconf 84' lang='lat' dir='ltr'><strong>Olympicorum</strong></span> <span class='ocrx_word' id='word_1_216' title='bbox 975 2325 1068 2364; x_wconf 87' lang='lat' dir='ltr'><strong>uuum</strong></span> <span class='ocrx_word' id='word_1_217' title='bbox 1087 2307 1286 2387; x_wconf 87' lang='lat' dir='ltr'><strong>pervicerint:</strong></span> 
     </span>
     <span class='ocr_line' id='line_1_22' title="bbox 59 2402 1289 2486; baseline 0.002 -25"><span class='ocrx_word' id='word_1_218' title='bbox 59 2424 110 2480; x_wconf 91' lang='lat' dir='ltr'><strong>quo</strong></span> <span class='ocrx_word' id='word_1_219' title='bbox 128 2425 198 2465; x_wconf 90' lang='lat' dir='ltr'><strong>sanc</strong></span> <span class='ocrx_word' id='word_1_220' title='bbox 217 2404 422 2486; x_wconf 85' lang='lat' dir='ltr'><strong>praestabilius</strong></span> <span class='ocrx_word' id='word_1_221' title='bbox 437 2403 548 2463; x_wconf 92' lang='lat' dir='ltr'><strong>bonum</strong></span> <span class='ocrx_word' id='word_1_222' title='bbox 566 2424 621 2462; x_wconf 90' lang='lat' dir='ltr'><strong>nec</strong></span> <span class='ocrx_word' id='word_1_223' title='bbox 641 2403 770 2462; x_wconf 89' lang='lat' dir='ltr'><strong>humana</strong></span> <span class='ocrx_word' id='word_1_224' title='bbox 788 2403 999 2484; x_wconf 86' lang='lat' dir='ltr'><strong>temperantia,</strong></span> <span class='ocrx_word' id='word_1_225' title='bbox 1028 2423 1082 2462; x_wconf 90' lang='lat' dir='ltr'><strong>nec</strong></span> <span class='ocrx_word' id='word_1_226' title='bbox 1101 2402 1224 2466; x_wconf 84' lang='lat' dir='ltr'><strong>divinus</strong></span> <span class='ocrx_word' id='word_1_227' title='bbox 1243 2406 1289 2463; x_wconf 79' lang='lat' dir='ltr'><strong>su·</strong></span> 
     </span>
     <span class='ocr_line' id='line_1_23' title="bbox 60 2501 664 2582; baseline 0.005 -24"><span class='ocrx_word' id='word_1_228' title='bbox 60 2521 103 2560; x_wconf 86' lang='lat' dir='ltr'><strong>ror</strong></span> <span class='ocrx_word' id='word_1_229' title='bbox 120 2503 233 2564; x_wconf 89' lang='lat' dir='ltr'><strong>homini</strong></span> <span class='ocrx_word' id='word_1_230' title='bbox 250 2504 349 2563; x_wconf 84' lang='lat' dir='ltr'><strong>afferre</strong></span> <span class='ocrx_word' id='word_1_231' title='bbox 368 2501 463 2561; x_wconf 92' lang='lat' dir='ltr'><strong>ullum</strong></span> <span class='ocrx_word' id='word_1_232' title='bbox 479 2514 609 2582; x_wconf 81' lang='lat' dir='ltr'><strong>potest.»</strong></span> <span class='ocrx_word' id='word_1_233' title='bbox 622 2501 664 2581; x_wconf 82' lang='grc'><strong>2).</strong></span> 
     </span>
    </p>
   </div>
   <div class='ocr_carea' id='block_1_3' title="bbox 122 2662 1215 2838">
    <p class='ocr_par' dir='ltr' id='par_1_4' title="bbox 122 2662 1215 2838">
     <span class='ocr_line' id='line_1_24' title="bbox 122 2662 1215 2740; baseline -0.002 -20"><span class='ocrx_word' id='word_1_234' title='bbox 122 2662 180 2724; x_wconf 86' lang='lat' dir='ltr'><strong>De</strong></span> <span class='ocrx_word' id='word_1_235' title='bbox 201 2669 392 2740; x_wconf 82' lang='lat' dir='ltr'><strong>justitio</strong></span> <span class='ocrx_word' id='word_1_236' title='bbox 423 2663 725 2737; x_wconf 66' lang='lat' dir='ltr'><strong>etselicitote.</strong></span> <span class='ocrx_word' id='word_1_237' title='bbox 778 2662 1028 2737; x_wconf 83' lang='lat' dir='ltr'><strong>Sufficitne</strong></span> <span class='ocrx_word' id='word_1_238' title='bbox 1059 2662 1215 2720; x_wconf 69' lang='lat' dir='ltr'><strong>homini</strong></span> 
     </span>
     <span class='ocr_line' id='line_1_25' title="bbox 321 2757 1002 2838; baseline -0.004 -20"><span class='ocrx_word' id='word_1_239' title='bbox 321 2763 370 2838; x_wconf 80' lang='lat' dir='ltr'><strong>ed</strong></span> <span class='ocrx_word' id='word_1_240' title='bbox 399 2762 514 2819; x_wconf 81' lang='lat' dir='ltr'><strong>beate</strong></span> <span class='ocrx_word' id='word_1_241' title='bbox 545 2762 762 2818; x_wconf 83' lang='lat' dir='ltr'><strong>vivendum</strong></span> <span class='ocrx_word' id='word_1_242' title='bbox 783 2757 1002 2837; x_wconf 79' lang='lat' dir='ltr'><strong>justitia?</strong></span> 
     </span>
    </p>
   </div>
   <div class='ocr_carea' id='block_1_4' title="bbox 59 2907 1300 3878">
    <p class='ocr_par' dir='ltr' id='par_1_5' title="bbox 59 2907 1300 3878">
     <span class='ocr_line' id='line_1_26' title="bbox 93 2907 1300 3001; baseline -0.002 -23"><span class='ocrx_word' id='word_1_243' title='bbox 93 2921 291 2981; x_wconf 87' lang='lat' dir='ltr'><strong>Veruntamen</strong></span> <span class='ocrx_word' id='word_1_244' title='bbox 313 2941 386 3000; x_wconf 90' lang='lat' dir='ltr'><strong>quae</strong></span> <span class='ocrx_word' id='word_1_245' title='bbox 412 2941 449 2979; x_wconf 84' lang='lat' dir='ltr'><strong>ex</strong></span> <span class='ocrx_word' id='word_1_246' title='bbox 468 2918 653 3000; x_wconf 84' lang='lat' dir='ltr'><strong>philosophia</strong></span> <span class='ocrx_word' id='word_1_247' title='bbox 672 2920 769 3001; x_wconf 88' lang='lat' dir='ltr'><strong>pulcri</strong></span> <span class='ocrx_word' id='word_1_248' title='bbox 788 2919 826 2978; x_wconf 91' lang='lat' dir='ltr'><strong>ad</strong></span> <span class='ocrx_word' id='word_1_249' title='bbox 846 2919 1043 2999; x_wconf 87' lang='lat' dir='ltr'><strong>quaestionem</strong></span> <span class='ocrx_word' id='word_1_250' title='bbox 1063 2915 1100 2974; x_wconf 91' lang='lat' dir='ltr'><strong>de</strong></span> <span class='ocrx_word' id='word_1_251' title='bbox 1115 2907 1300 2994; x_wconf 80' lang='lat' dir='ltr'><strong>justitiane,</strong></span> 
     </span>
     <span class='ocr_line' id='line_1_27' title="bbox 59 3013 1283 3100; baseline 0.003 -28"><span class='ocrx_word' id='word_1_252' title='bbox 59 3017 190 3078; x_wconf 83' lang='lat' dir='ltr'><strong>felicitate</strong></span> <span class='ocrx_word' id='word_1_253' title='bbox 213 3018 363 3078; x_wconf 86' lang='lat' dir='ltr'><strong>attulimus</strong></span> <span class='ocrx_word' id='word_1_254' title='bbox 389 3017 548 3093; x_wconf 91' lang='lat' dir='ltr'><strong>hactenus,</strong></span> <span class='ocrx_word' id='word_1_255' title='bbox 569 3020 808 3100; x_wconf 84' lang='lat' dir='ltr'><strong>praeparaverint</strong></span> <span class='ocrx_word' id='word_1_256' title='bbox 828 3018 898 3076; x_wconf 88' lang='lat' dir='ltr'><strong>haec</strong></span> <span class='ocrx_word' id='word_1_257' title='bbox 920 3037 972 3075; x_wconf 92' lang='lat' dir='ltr'><strong>nos</strong></span> <span class='ocrx_word' id='word_1_258' title='bbox 990 3013 1201 3095; x_wconf 89' lang='lat' dir='ltr'><strong>quodammodo</strong></span> <span class='ocrx_word' id='word_1_259' title='bbox 1220 3017 1283 3076; x_wconf 83' lang='lat' dir='ltr'><strong>ior-</strong></span> 
     </span>
     <span class='ocr_line' id='line_1_28' title="bbox 59 3112 1283 3196; baseline 0.002 -26"><span class='ocrx_word' id='word_1_260' title='bbox 59 3127 136 3190; x_wconf 86' lang='lat' dir='ltr'><strong>tasse‚</strong></span> <span class='ocrx_word' id='word_1_261' title='bbox 155 3130 204 3191; x_wconf 90' lang='lat' dir='ltr'><strong>ut,</strong></span> <span class='ocrx_word' id='word_1_262' title='bbox 223 3115 302 3196; x_wconf 90' lang='lat' dir='ltr'><strong>quod</strong></span> <span class='ocrx_word' id='word_1_263' title='bbox 319 3116 496 3195; x_wconf 87' lang='lat' dir='ltr'><strong>quaerimus,</strong></span> <span class='ocrx_word' id='word_1_264' title='bbox 514 3116 699 3176; x_wconf 90' lang='lat' dir='ltr'><strong>inveniamus</strong></span> <span class='ocrx_word' id='word_1_265' title='bbox 716 3115 888 3195; x_wconf 81' lang='lat' dir='ltr'><strong>aliquand03</strong></span> <span class='ocrx_word' id='word_1_266' title='bbox 908 3112 1091 3196; x_wconf 90' lang='lat' dir='ltr'><strong>philosophia</strong></span> <span class='ocrx_word' id='word_1_267' title='bbox 1103 3112 1177 3188; x_wconf 89' lang='lat' dir='ltr'><strong>justi</strong></span> <span class='ocrx_word' id='word_1_268' title='bbox 1195 3113 1283 3172; x_wconf 87' lang='lat' dir='ltr'><strong>aliam</strong></span> 
     </span>
     <span class='ocr_line' id='line_1_29' title="bbox 59 3210 1281 3296; baseline 0.002 -28"><span class='ocrx_word' id='word_1_269' title='bbox 59 3215 176 3288; x_wconf 87' lang='lat' dir='ltr'><strong>postulat</strong></span> <span class='ocrx_word' id='word_1_270' title='bbox 202 3214 444 3292; x_wconf 86' lang='lat' dir='ltr'><strong>disquisitionem.</strong></span> <span class='ocrx_word' id='word_1_271' title='bbox 485 3214 528 3273; x_wconf 90' lang='lat' dir='ltr'><strong>De</strong></span> <span class='ocrx_word' id='word_1_272' title='bbox 550 3215 664 3290; x_wconf 86' lang='lat' dir='ltr'><strong>justitia</strong></span> <span class='ocrx_word' id='word_1_273' title='bbox 688 3213 738 3273; x_wconf 89' lang='lat' dir='ltr'><strong>hic</strong></span> <span class='ocrx_word' id='word_1_274' title='bbox 767 3213 912 3296; x_wconf 84' lang='lat' dir='ltr'><strong>agendum</strong></span> <span class='ocrx_word' id='word_1_275' title='bbox 930 3210 1016 3271; x_wconf 92' lang='lat' dir='ltr'><strong>nobis</strong></span> <span class='ocrx_word' id='word_1_276' title='bbox 1035 3223 1096 3270; x_wconf 88' lang='lat' dir='ltr'><strong>est:</strong></span> <span class='ocrx_word' id='word_1_277' title='bbox 1117 3211 1281 3271; x_wconf 91' lang='lat' dir='ltr'><strong>discernere</strong></span> 
     </span>
     <span class='ocr_line' id='line_1_30' title="bbox 59 3308 1282 3393; baseline 0.003 -27"><span class='ocrx_word' id='word_1_278' title='bbox 59 3328 142 3370; x_wconf 86' lang='lat' dir='ltr'><strong>cama</strong></span> <span class='ocrx_word' id='word_1_279' title='bbox 161 3313 283 3371; x_wconf 86' lang='lat' dir='ltr'><strong>caeteris</strong></span> <span class='ocrx_word' id='word_1_280' title='bbox 301 3310 461 3370; x_wconf 85' lang='lat' dir='ltr'><strong>virtutibus</strong></span> <span class='ocrx_word' id='word_1_281' title='bbox 481 3310 656 3388; x_wconf 86' lang='lat' dir='ltr'><strong>majoribus,</strong></span> <span class='ocrx_word' id='word_1_282' title='bbox 681 3333 697 3370; x_wconf 87' lang='lat' dir='ltr'><strong>a</strong></span> <span class='ocrx_word' id='word_1_283' title='bbox 716 3312 876 3393; x_wconf 88' lang='lat' dir='ltr'><strong>sapientia,</strong></span> <span class='ocrx_word' id='word_1_284' title='bbox 906 3308 1097 3384; x_wconf 78' lang='lat' dir='ltr'><strong>fortitudine,</strong></span> <span class='ocrx_word' id='word_1_285' title='bbox 1122 3325 1282 3391; x_wconf 80' lang='lat' dir='ltr'><strong>temperari·</strong></span> 
     </span>
     <span class='ocr_line' id='line_1_31' title="bbox 59 3406 1284 3489; baseline 0.004 -28"><span class='ocrx_word' id='word_1_286' title='bbox 59 3406 94 3463; x_wconf 90' lang='lat' dir='ltr'><strong>tia</strong></span> <span class='ocrx_word' id='word_1_287' title='bbox 111 3421 237 3488; x_wconf 75' lang='lat' dir='ltr'><strong>oportet:</strong></span> <span class='ocrx_word' id='word_1_288' title='bbox 257 3407 457 3487; x_wconf 89' lang='lat' dir='ltr'><strong>quaerendum</strong></span> <span class='ocrx_word' id='word_1_289' title='bbox 471 3408 639 3489; x_wconf 87' lang='lat' dir='ltr'><strong>praecipue,</strong></span> <span class='ocrx_word' id='word_1_290' title='bbox 660 3429 732 3466; x_wconf 87' lang='lat' dir='ltr'><strong>num</strong></span> <span class='ocrx_word' id='word_1_291' title='bbox 749 3407 787 3467; x_wconf 90' lang='lat' dir='ltr'><strong>ad</strong></span> <span class='ocrx_word' id='word_1_292' title='bbox 804 3409 880 3467; x_wconf 88' lang='lat' dir='ltr'><strong>bene</strong></span> <span class='ocrx_word' id='word_1_293' title='bbox 898 3407 1039 3486; x_wconf 87' lang='lat' dir='ltr'><strong>beateque</strong></span> <span class='ocrx_word' id='word_1_294' title='bbox 1050 3407 1212 3467; x_wconf 90' lang='lat' dir='ltr'><strong>vivendum</strong></span> <span class='ocrx_word' id='word_1_295' title='bbox 1222 3409 1284 3488; x_wconf 90' lang='lat' dir='ltr'><strong>ipsa</strong></span> 
     </span>
     <span class='ocr_line' id='line_1_32' title="bbox 60 3502 1283 3586; baseline 0.002 -29"><span class='ocrx_word' id='word_1_296' title='bbox 60 3502 177 3564; x_wconf 88' lang='lat' dir='ltr'><strong>sufficiat</strong></span> <span class='ocrx_word' id='word_1_297' title='bbox 196 3526 264 3564; x_wconf 91' lang='lat' dir='ltr'><strong>una.</strong></span> <span class='ocrx_word' id='word_1_298' title='bbox 305 3505 461 3585; x_wconf 81' lang='lat' dir='ltr'><strong>Attigimus</strong></span> <span class='ocrx_word' id='word_1_299' title='bbox 479 3505 565 3579; x_wconf 91' lang='lat' dir='ltr'><strong>haec,</strong></span> <span class='ocrx_word' id='word_1_300' title='bbox 584 3526 673 3583; x_wconf 91' lang='lat' dir='ltr'><strong>quum</strong></span> <span class='ocrx_word' id='word_1_301' title='bbox 694 3506 726 3563; x_wconf 89' lang='lat' dir='ltr'><strong>in</strong></span> <span class='ocrx_word' id='word_1_302' title='bbox 744 3502 928 3586; x_wconf 89' lang='lat' dir='ltr'><strong>philosophia</strong></span> <span class='ocrx_word' id='word_1_303' title='bbox 950 3505 1013 3563; x_wconf 91' lang='lat' dir='ltr'><strong>veri</strong></span> <span class='ocrx_word' id='word_1_304' title='bbox 1032 3503 1183 3564; x_wconf 81' lang='lat' dir='ltr'><strong>tractanda</strong></span> <span class='ocrx_word' id='word_1_305' title='bbox 1202 3503 1283 3561; x_wconf 83' lang='lat' dir='ltr'><strong>Phi-</strong></span> 
     </span>
     <span class='ocr_line' id='line_1_33' title="bbox 61 3599 1284 3682; baseline 0.005 -29"><span class='ocrx_word' id='word_1_306' title='bbox 61 3599 148 3659; x_wconf 82' lang='lat' dir='ltr'><strong>lebum</strong></span> <span class='ocrx_word' id='word_1_307' title='bbox 168 3600 387 3682; x_wconf 86' lang='lat' dir='ltr'><strong>explicabamus</strong></span> <span class='ocrx_word' id='word_1_308' title='bbox 414 3602 553 3664; x_wconf 79' lang='lat' dir='ltr'><strong>Platonis.</strong></span> <span class='ocrx_word' id='word_1_309' title='bbox 594 3600 653 3661; x_wconf 88' lang='lat' dir='ltr'><strong>Sed</strong></span> <span class='ocrx_word' id='word_1_310' title='bbox 679 3602 778 3676; x_wconf 89' lang='lat' dir='ltr'><strong>Plato,</strong></span> <span class='ocrx_word' id='word_1_311' title='bbox 807 3615 838 3660; x_wconf 93' lang='lat' dir='ltr'><strong>ut</strong></span> <span class='ocrx_word' id='word_1_312' title='bbox 867 3601 1014 3675; x_wconf 88' lang='lat' dir='ltr'><strong>vidimus,</strong></span> <span class='ocrx_word' id='word_1_313' title='bbox 1043 3621 1110 3658; x_wconf 89' lang='lat' dir='ltr'><strong>eum</strong></span> <span class='ocrx_word' id='word_1_314' title='bbox 1139 3599 1284 3659; x_wconf 87' lang='lat' dir='ltr'><strong>scribebat</strong></span> 
     </span>
     <span class='ocr_line' id='line_1_34' title="bbox 59 3693 1282 3776; baseline 0.001 -24"><span class='ocrx_word' id='word_1_315' title='bbox 59 3693 196 3776; x_wconf 83' lang='lat' dir='ltr'><strong>dialogum</strong></span> <span class='ocrx_word' id='word_1_316' title='bbox 215 3699 318 3774; x_wconf 89' lang='lat' dir='ltr'><strong>illum,</strong></span> <span class='ocrx_word' id='word_1_317' title='bbox 338 3701 436 3759; x_wconf 87' lang='lat' dir='ltr'><strong>minus</strong></span> <span class='ocrx_word' id='word_1_318' title='bbox 454 3699 581 3759; x_wconf 89' lang='lat' dir='ltr'><strong>Socratis</strong></span> <span class='ocrx_word' id='word_1_319' title='bbox 597 3719 714 3758; x_wconf 86' lang='lat' dir='ltr'><strong>suamve</strong></span> <span class='ocrx_word' id='word_1_320' title='bbox 741 3699 914 3758; x_wconf 85' lang='lat' dir='ltr'><strong>sententiam</strong></span> <span class='ocrx_word' id='word_1_321' title='bbox 934 3697 1100 3770; x_wconf 86' lang='lat' dir='ltr'><strong>declarare,</strong></span> <span class='ocrx_word' id='word_1_322' title='bbox 1128 3717 1214 3773; x_wconf 87' lang='lat' dir='ltr'><strong>qnam</strong></span> <span class='ocrx_word' id='word_1_323' title='bbox 1232 3694 1282 3754; x_wconf 89' lang='lat' dir='ltr'><strong>ad-</strong></span> 
     </span>
     <span class='ocr_line' id='line_1_35' title="bbox 59 3788 1283 3878; baseline 0.002 -29"><span class='ocrx_word' id='word_1_324' title='bbox 59 3790 151 3853; x_wconf 87' lang='lat' dir='ltr'><strong>hihere</strong></span> <span class='ocrx_word' id='word_1_325' title='bbox 160 3795 287 3854; x_wconf 89' lang='lat' dir='ltr'><strong>Philolai</strong></span> <span class='ocrx_word' id='word_1_326' title='bbox 307 3793 415 3877; x_wconf 82' lang='lat' dir='ltr'><strong>plac&#39;ito</strong></span> <span class='ocrx_word' id='word_1_327' title='bbox 436 3795 504 3877; x_wconf 78' lang='grc' dir='ltr'><strong>περὶ</strong></span> <span class='ocrx_word' id='word_1_328' title='bbox 524 3794 588 3857; x_wconf 76' lang='grc' dir='ltr'><strong>τῶν</strong></span> <span class='ocrx_word' id='word_1_329' title='bbox 609 3792 738 3878; x_wconf 74' lang='grc' dir='ltr'><em>ἀπείρων</em></span> <span class='ocrx_word' id='word_1_330' title='bbox 757 3817 789 3856; x_wconf 74' lang='grc' dir='ltr'><strong>τι</strong></span> <span class='ocrx_word' id='word_1_331' title='bbox 812 3792 861 3855; x_wconf 71' lang='grc' dir='ltr'><strong>καὶ</strong></span> <span class='ocrx_word' id='word_1_332' title='bbox 880 3788 1080 3877; x_wconf 77' lang='grc' dir='ltr'><strong>περαινόντων</strong></span> <span class='ocrx_word' id='word_1_333' title='bbox 1098 3789 1283 3854; x_wconf 87' lang='lat' dir='ltr'><strong>dialecticam</strong></span> 
     </span>
    </p>
   </div>
   <div class='ocr_carea' id='block_1_5' title="bbox 59 3967 1287 4532">
    <p class='ocr_par' dir='ltr' id='par_1_6' title="bbox 59 3967 1287 4418">
     <span class='ocr_line' id='line_1_36' title="bbox 93 3967 1287 4052; baseline -0.002 -18"><span class='ocrx_word' id='word_1_334' title='bbox 93 3978 115 4041; x_wconf 82' lang='lat' dir='ltr'><strong>ll</strong></span> <span class='ocrx_word' id='word_1_335' title='bbox 132 3981 222 4035; x_wconf 80' lang='lat' dir='ltr'><strong>Altero</strong></span> <span class='ocrx_word' id='word_1_336' title='bbox 243 3985 299 4034; x_wconf 84' lang='lat' dir='ltr'><strong>lere</strong></span> <span class='ocrx_word' id='word_1_337' title='bbox 320 4000 388 4052; x_wconf 87' lang='lat' dir='ltr'><strong>equo</strong></span> <span class='ocrx_word' id='word_1_338' title='bbox 403 3985 529 4038; x_wconf 83' lang='lat' dir='ltr'><strong>Platonici</strong></span> <span class='ocrx_word' id='word_1_339' title='bbox 548 3973 601 4034; x_wconf 78' lang='lat' dir='ltr'><strong>triv</strong></span> <span class='ocrx_word' id='word_1_340' title='bbox 624 3967 731 4051; x_wconf 64' lang='grc' dir='ltr'><em>θυμόν</em></span> <span class='ocrx_word' id='word_1_341' title='bbox 745 3983 937 4036; x_wconf 87' lang='lat' dir='ltr'><strong>intellexerunt.</strong></span> <span class='ocrx_word' id='word_1_342' title='bbox 960 3980 1050 4046; x_wconf 59' lang='lat' dir='ltr'><strong>videl.</strong></span> <span class='ocrx_word' id='word_1_343' title='bbox 1067 3981 1154 4047; x_wconf 84' lang='lat' dir='ltr'><strong>intpp.</strong></span> <span class='ocrx_word' id='word_1_344' title='bbox 1172 3979 1205 4035; x_wconf 81' lang='lat' dir='ltr'><strong>etl</strong></span> <span class='ocrx_word' id='word_1_345' title='bbox 1221 3979 1287 4032; x_wconf 86' lang='lat' dir='ltr'><strong>hune</strong></span> 
     </span>
     <span class='ocr_line' id='line_1_37' title="bbox 59 4071 1284 4156; baseline -0.001 -21"><span class='ocrx_word' id='word_1_346' title='bbox 59 4075 145 4132; x_wconf 77' lang='lat' dir='ltr'><strong>locum,</strong></span> <span class='ocrx_word' id='word_1_347' title='bbox 180 4083 237 4136; x_wconf 81' lang='lat' dir='ltr'><strong>Non</strong></span> <span class='ocrx_word' id='word_1_348' title='bbox 258 4085 361 4152; x_wconf 87' lang='lat' dir='ltr'><strong>quidem</strong></span> <span class='ocrx_word' id='word_1_349' title='bbox 378 4088 484 4154; x_wconf 84' lang='lat' dir='ltr'><strong>inepte:</strong></span> <span class='ocrx_word' id='word_1_350' title='bbox 508 4101 568 4138; x_wconf 85' lang='lat' dir='ltr'><strong>uem</strong></span> <span class='ocrx_word' id='word_1_351' title='bbox 587 4083 656 4153; x_wconf 82' lang='lat' dir='ltr'><strong>apntl</strong></span> <span class='ocrx_word' id='word_1_352' title='bbox 671 4084 807 4140; x_wconf 82' lang='lat' dir='ltr'><strong>Platonem</strong></span> <span class='ocrx_word' id='word_1_353' title='bbox 827 4095 880 4138; x_wconf 88' lang='lat' dir='ltr'><strong>tam</strong></span> <span class='ocrx_word' id='word_1_354' title='bbox 896 4071 1016 4156; x_wconf 71' lang='grc' dir='ltr'><strong>θνμὸς,</strong></span> <span class='ocrx_word' id='word_1_355' title='bbox 1033 4101 1108 4154; x_wconf 86' lang='lat' dir='ltr'><strong>qnam</strong></span> <span class='ocrx_word' id='word_1_356' title='bbox 1131 4085 1193 4134; x_wconf 89' lang='lat' dir='ltr'><strong>recti</strong></span> <span class='ocrx_word' id='word_1_357' title='bbox 1209 4099 1284 4134; x_wconf 86' lang='lat' dir='ltr'><strong>arnor</strong></span> 
     </span>
     <span class='ocr_line' id='line_1_38' title="bbox 60 4173 1284 4245; baseline 0.006 -26"><span class='ocrx_word' id='word_1_358' title='bbox 60 4173 143 4224; x_wconf 73' lang='lat' dir='ltr'><strong>¹”utioui</strong></span> <span class='ocrx_word' id='word_1_359' title='bbox 161 4180 296 4243; x_wconf 80' lang='lat' dir='ltr'><strong>succurrit3</strong></span> <span class='ocrx_word' id='word_1_360' title='bbox 316 4175 364 4228; x_wconf 84' lang='lat' dir='ltr'><strong>red</strong></span> <span class='ocrx_word' id='word_1_361' title='bbox 377 4177 565 4245; x_wconf 81' lang='lat' dir='ltr'><strong>philosophus,</strong></span> <span class='ocrx_word' id='word_1_362' title='bbox 585 4193 640 4229; x_wconf 89' lang='lat' dir='ltr'><strong>cum</strong></span> <span class='ocrx_word' id='word_1_363' title='bbox 657 4177 804 4231; x_wconf 86' lang='lat' dir='ltr'><strong>Phaedrum</strong></span> <span class='ocrx_word' id='word_1_364' title='bbox 822 4180 963 4241; x_wconf 81' lang='lat' dir='ltr'><strong>scriberet,</strong></span> <span class='ocrx_word' id='word_1_365' title='bbox 981 4179 1096 4230; x_wconf 84' lang='lat' dir='ltr'><strong>noudum</strong></span> <span class='ocrx_word' id='word_1_366' title='bbox 1111 4176 1216 4227; x_wconf 86' lang='lat' dir='ltr'><strong>videtur</strong></span> <span class='ocrx_word' id='word_1_367' title='bbox 1230 4189 1284 4226; x_wconf 89' lang='lat' dir='ltr'><strong>no·</strong></span> 
     </span>
     <span class='ocr_line' id='line_1_39' title="bbox 61 4260 1281 4342; baseline 0.002 -21"><span class='ocrx_word' id='word_1_368' title='bbox 61 4266 148 4320; x_wconf 77' lang='lat' dir='ltr'><strong>tionem</strong></span> <span class='ocrx_word' id='word_1_369' title='bbox 172 4260 278 4339; x_wconf 75' lang='grc' dir='ltr'>θυμοῦ</span> <span class='ocrx_word' id='word_1_370' title='bbox 304 4269 368 4324; x_wconf 65' lang='lat' dir='ltr'><strong>saar</strong></span> <span class='ocrx_word' id='word_1_371' title='bbox 389 4273 439 4325; x_wconf 81' lang='lat' dir='ltr'><strong>ribi</strong></span> <span class='ocrx_word' id='word_1_372' title='bbox 461 4273 582 4326; x_wconf 74' lang='lat' dir='ltr'><strong>dienncte</strong></span> <span class='ocrx_word' id='word_1_373' title='bbox 604 4276 793 4338; x_wconf 65' lang='lat' dir='ltr'><strong>proposuisse</strong></span> <span class='ocrx_word' id='word_1_374' title='bbox 811 4274 863 4328; x_wconf 89' lang='lat' dir='ltr'><strong>hoc</strong></span> <span class='ocrx_word' id='word_1_375' title='bbox 882 4275 984 4328; x_wconf 80' lang='lat' dir='ltr'><strong>demum</strong></span> <span class='ocrx_word' id='word_1_376' title='bbox 999 4277 1026 4328; x_wconf 88' lang='lat' dir='ltr'><strong>in</strong></span> <span class='ocrx_word' id='word_1_377' title='bbox 1040 4275 1135 4328; x_wconf 86' lang='lat' dir='ltr'><strong>Politia</strong></span> <span class='ocrx_word' id='word_1_378' title='bbox 1154 4274 1225 4342; x_wconf 71' lang='lat' dir='ltr'><strong>egit,</strong></span> <span class='ocrx_word' id='word_1_379' title='bbox 1251 4277 1281 4320; x_wconf 84' lang='lat' dir='ltr'><strong>ut</strong></span> 
     </span>
     <span class='ocr_line' id='line_1_40' title="bbox 61 4357 303 4418; baseline 0.045 -13"><span class='ocrx_word' id='word_1_380' title='bbox 61 4357 119 4411; x_wconf 84' lang='lat' dir='ltr'><strong>inira</strong></span> <span class='ocrx_word' id='word_1_381' title='bbox 134 4365 303 4418; x_wconf 80' lang='lat' dir='ltr'><strong>monebimus.</strong></span> 
     </span>
    </p>

    <p class='ocr_par' dir='ltr' id='par_1_7' title="bbox 90 4443 865 4532">
     <span class='ocr_line' id='line_1_41' title="bbox 90 4443 865 4532; baseline -0.005 -25"><span class='ocrx_word' id='word_1_382' title='bbox 90 4443 114 4507; x_wconf 76' lang='lat'><strong>²)</strong></span> <span class='ocrx_word' id='word_1_383' title='bbox 131 4446 236 4502; x_wconf 59' lang='lat' dir='ltr'><strong>raam.</strong></span> <span class='ocrx_word' id='word_1_384' title='bbox 254 4451 306 4503; x_wconf 82' lang='lat' dir='ltr'><strong>ass</strong></span> <span class='ocrx_word' id='word_1_385' title='bbox 324 4452 393 4503; x_wconf 71' lang='lat' dir='ltr'><strong>ru</strong></span> <span class='ocrx_word' id='word_1_386' title='bbox 440 4451 487 4502; x_wconf 85' lang='lat' dir='ltr'><strong>ce.</strong></span> <span class='ocrx_word' id='word_1_387' title='bbox 505 4452 582 4532; x_wconf 69' lang='lat' dir='ltr'><strong>naq</strong></span> <span class='ocrx_word' id='word_1_388' title='bbox 600 4469 626 4518; x_wconf 76' lang='lat' dir='ltr'><strong>p.</strong></span> <span class='ocrx_word' id='word_1_389' title='bbox 646 4452 694 4516; x_wconf 84' lang='lat' dir='ltr'><strong>re,</strong></span> <span class='ocrx_word' id='word_1_390' title='bbox 714 4454 755 4503; x_wconf 80' lang='lat' dir='ltr'><strong>rr.</strong></span> <span class='ocrx_word' id='word_1_391' title='bbox 860 4465 865 4470; x_wconf 92' lang='lat'>·</span> 
     </span>
    </p>
   </div>
   <div class='ocr_carea' id='block_1_6' title="bbox 0 0 1448 5118">
    <p class='ocr_par' dir='ltr' id='par_1_8' title="bbox 0 0 1448 5118">
     <span class='ocr_line' id='line_1_42' title="bbox 0 0 1448 5118; baseline 0 1"><span class='ocrx_word' id='word_1_392' title='bbox 0 0 1448 5118; x_wconf 95' lang='lat' dir='ltr'><strong> </strong></span> 
     </span>
    </p>
   </div>
  </div>
 </body>
</html>
