2872 5122
741 295 779 360 66

145 458 301 520 Pausaniae
320 455 448 516 oratione
458 500 467 530 ,
488 453 540 514 ubi
558 454 635 514 hane
653 455 742 514 amori
761 455 821 516 ,vim
839 453 961 527 tribuit,
983 466 1015 511 ut
1029 452 1066 511 ad
1085 453 1207 533 patriam
1223 451 1370 512 vindican·

145 557 211 617 dam
228 553 521 636 propugnandamque
540 551 636 612 valeat
654 553 786 612 maxime.
826 572 840 604 u
851 551 888 611 In
905 551 988 610 Ionia
998 596 1007 624 ,
1028 551 1125 629 inquit
1135 596 1143 624 ‚
1164 564 1192 611 et
1209 550 1372 643 ubicunque

146 654 199 715 sub
217 652 346 713 barbaris
363 653 494 726 vivitur,
522 663 606 731 turpe
634 651 813 710 existimatur
840 670 943 709 amare.
985 651 1057 709 Nam
1083 649 1250 729 tyrannidis
1278 669 1373 707 caussa

145 767 229 833 turpe
246 749 278 810 id
296 749 406 809 habent
423 748 558 822 barbari,
579 762 611 808 ut
636 748 847 829 philosophiam
869 747 959 807 iidem
978 761 1005 806 et
1029 749 1222 826 gymnasticae
1248 745 1373 805 studium

146 848 309 929 reprobant.
343 846 554 927 Imperantibus
569 847 661 921 enim,
685 845 785 920 credo,
803 845 883 905 haud
893 844 1023 926 prodest,
1043 844 1164 903 excelsis
1178 844 1270 902 efferri
1285 844 1374 902 sensi-

146 945 200 1005 bus
213 945 342 1006 suhditos
357 965 389 1004 ac
399 943 511 1004 validas
517 945 602 1024 jungi
616 945 756 1002 amicitias
770 957 797 1001 et
812 943 971 1002 societates:
993 942 1071 1021 quod
1080 963 1148 1023 prae
1159 942 1278 1000 caeteris
1288 941 1374 1002 omni·

146 1043 201 1103 bus
217 1064 294 1101 amor
313 1041 385 1102 solet
398 1039 520 1102 efficere.
545 1045 654 1123 Reapsc
663 1041 718 1101 boc
728 1040 896 1101 didicerunt
905 1041 956 1120 qui
966 1040 1014 1100 hle
1026 1043 1145 1101 fuerunt
1154 1040 1285 1120 tyranni.
1307 1040 1374 1098 Nam

146 1139 348 1218 Aristogitonis
366 1160 445 1198 amor
459 1153 487 1198 et
509 1140 660 1199 Harmodii
676 1141 820 1213 amicitia,
841 1138 961 1197 firmiter
981 1138 1176 1213 invalescens,
1197 1159 1297 1210 eorum
1316 1137 1375 1196 dis-

148 1238 235 1298 solvit
253 1236 464 1316 tyrannidem.»
492 1236 521 1318 1)
560 1239 597 1298 Et
614 1258 702 1312 vero,
731 1258 817 1316 quam
835 1236 981 1297 Phaedrus
1000 1235 1150 1312 laudavit,
1171 1258 1302 1316 quaeque
1323 1235 1375 1294 suit

148 1336 226 1416 apud
253 1333 422 1408 Thebanos,
443 1356 522 1395 sacra
546 1349 702 1394 amatorum
728 1334 847 1409 cohors,
861 1335 969 1394 *merito
997 1333 1050 1393 illa
1077 1335 1187 1396 invicta
1216 1333 1375 1394 dicebatur.
1413 1363 1417 1374 ·

123 1429 184 1494 'ld
204 1435 281 1493 enim
298 1452 358 1491 non
376 1446 488 1492 tantum
506 1431 595 1492 effi'cit
614 1453 710 1507 amor,
732 1446 781 1507 ut,
806 1431 856 1512 qui
876 1432 1020 1491 solitarius
1038 1433 1133 1492 fuerat
1149 1447 1233 1492 antea
1250 1452 1306 1490 nee
1325 1429 1376 1490 sibi

149 1529 312 1605 sufficiens,
327 1550 393 1588 cum
407 1529 496 1590 altero
506 1533 645 1612 jungatur
663 1531 818 1590 arctissima
832 1530 1045 1590 necessitudine
1056 1572 1088 1582 -
1102 1552 1175 1609 quae
1185 1531 1330 1590 amicitiae
1339 1539 1376 1586 est

149 1631 222 1690 ratio
239 1671 271 1689 ..-
292 1627 343 1688 sed
361 1628 502 1687 hocitem
520 1629 615 1688 studet
634 1626 765 1703 efficere,
784 1642 816 1687 ut
832 1627 972 1687 coalescat
990 1643 1108 1708 uterque
1127 1629 1215 1709 plane
1240 1628 1276 1686 in
1296 1645 1377 1685 unam

150 1726 326 1805 eandemque
346 1740 495 1801 naturam,
516 1748 591 1786 unus
608 1725 681 1786 liant
700 1727 757 1805 qui
783 1727 898 1785 fuerant
916 1726 992 1801 duo,
1018 1726 1089 1785 hinc
1106 1740 1199 1785 autern
1218 1727 1296 1808 ¹vires
1315 1745 1375 1784 con·

151 1827 261 1907 cipiant
280 1824 448 1899 immensas,
468 1838 496 1884 et
518 1825 572 1885 soli
594 1838 706 1884 tantum
725 1845 785 1883 non
811 1822 945 1884 omnibus
973 1824 1127 1886 rideantur
1154 1843 1246 1905 pares.
1290 1825 1377 1897 Quam

151 1920 349 1985 admirabilem
367 1923 470 1982 amoris
487 1929 620 1982 naturam
634 1923 766 2004 exposuit
784 1922 816 1981 in
831 1921 970 2002 singulari
990 1921 1092 1982 libello
1109 1921 1279 1982 Franciscus
1296 1921 1378 1984 Hem·

152 2021 325 2095 sterhusius,
346 2017 378 2100 2)
398 2019 530 2100 idemque
550 2020 588 2082 ad
607 2021 733 2080 hominis
758 2019 960 2100 explicandam
988 2020 1117 2080 indolem
1141 2021 1175 2080 in
1202 2020 1297 2081 nullis
1323 2044 1377 2082 nou

66 2117 68 2123 ’
152 2119 265 2208 scriptis
292 2137 415 2176 amorem
440 2119 565 2180 attendit
594 2117 831 2198 diligentissime:
862 2116 913 2177 sed
939 2117 1041 2179 debuit
1067 2118 1121 2177 hoc
1143 2120 1330 2200 praesertim,
1350 2133 1377 2178 ut

145 2219 212 2298 ipsc
239 2215 384 2275 confessus
411 2228 471 2290 est,
492 2217 642 2297 symposiis
669 2215 872 2297 Xenophontis
899 2229 927 2276 et
955 2215 1101 2292 Platonis,
1129 2216 1289 2297 inprimis
1315 2219 1377 2278 Ari·

152 2313 299 2394 stophanis
317 2313 459 2387 sermoni,
480 2314 572 2374 faceto
590 2313 636 2373 illi
656 2327 684 2373 et
702 2312 885 2387 comico,sed
903 2313 1048 2373 interioris
1066 2313 1267 2395 philosophiae
1286 2317 1377 2399 pleno.

153 2409 291 2470 Fabulam
310 2409 335 2467 is
352 2424 450 2470 narrat
465 2410 502 2472 de
519 2412 645 2472 hominis
659 2425 762 2470 natura
771 2455 780 2485 ,
800 2409 894 2489 qualis
908 2410 977 2470 olim
991 2411 1080 2471 fuerit
1089 2456 1097 2486 ,
1118 2433 1260 2492 quamque
1276 2413 1377 2475 deiude
1429 2441 1430 2490 3

154 2507 274 2571 subierit
296 2509 552 2572 commutationem.
606 2531 621 2564 u
631 2510 703 2570 Nam
727 2508 816 2582 olim,
845 2507 958 2587 inquit,
978 2508 1059 2569 haud
1083 2510 1182 2571 eadem
1208 2513 1286 2588 fuit,
1311 2532 1377 2593 quae
1402 2531 1406 2545 ³
1429 2517 1430 2539 ¹

155 2625 233 2664 nuno
252 2618 310 2679 cst,
340 2604 390 2664 sed
415 2605 537 2669 diversa.
576 2609 702 2668 Primum
722 2607 799 2666 enim
826 2606 882 2664 tria
910 2621 992 2667 erant
1009 2607 1159 2667 hominum
1177 2629 1303 2690 genera,
1324 2631 1377 2670 nou

155 2702 229 2762 duo:
251 2702 322 2760 mari
341 2716 369 2761 et
387 2703 528 2764 foeminae
546 2705 699 2767 accedebat
717 2706 839 2764 mixtum
853 2723 889 2762 ex
905 2719 1041 2784 utroque,
1062 2708 1144 2784 cujus
1159 2728 1265 2768 nomen
1282 2729 1378 2790 super-

154 2814 197 2862 est
216 2792 402 2882 ἀνδρόγυνον.
430 2803 543 2864 Deinde
563 2805 668 2885 integri
687 2817 768 2862 erant
778 2802 844 2877 illi,
863 2803 953 2862 forma
967 2803 1099 2879 rotundi,
1113 2819 1234 2884 quatuor
1247 2805 1377 2866 instructi

155 2900 307 2978 manibus,
326 2902 501 2981 totidemque
518 2901 659 2983 pedibus:
682 2899 795 2981 duplici
813 2900 846 2959 in
864 2901 958 2981 capite
981 2899 1066 2960 vultu
1076 2946 1085 2977 ,
1105 2917 1227 2982 quatuor
1244 2905 1377 2977 auribus,
1427 2959 1429 2984 ,

155 2999 329 3080 genitalibus
347 3000 436 3060 binis.
465 2999 661 3059 Procedebant
678 2999 764 3073 recti,
785 3011 817 3058 ut
837 3018 915 3058 nune
934 2999 1044 3074 solent,
1059 3021 1230 3081 quocunque
1249 3003 1376 3079 vellent,

156 3098 207 3160 sed
232 3100 418 3174 festinantes,
446 3111 509 3157 octo
529 3097 589 3157 illis
608 3096 879 3174 membrisinnixi',
899 3096 1166 3160 circumvolvebant
1188 3119 1217 3157 se
1236 3099 1377 3160 velocissi-

157 3217 201 3255 me
211 3242 220 3272 ,
241 3217 337 3257 eorum
351 3197 459 3270 instar,
478 3196 528 3274 qui
548 3196 693 3276 incapite
712 3193 827 3254 saltant.
848 3195 913 3269 Quo
930 3215 996 3254 eum
1015 3210 1109 3256 essent
1126 3197 1237 3277 ingenti
1256 3196 1378 3279 corporis

157 3294 275 3368 robore,
295 3315 376 3376 pares
392 3293 529 3374 gerebant
547 3290 710 3373 spiritus'et
729 3291 805 3372 ipsos
824 3291 946 3372 aggressi
965 3305 1033 3352 sunt
1049 3293 1132 3353 Deos.
1161 3293 1295 3375 Jupiter,
1313 3317 1378 3355 con-

158 3392 227 3452 eilio
244 3405 399 3452 convocato
409 3436 417 3464 ,
437 3411 503 3450 cum
522 3391 585 3450 Diis
603 3388 763 3463 deliberat,
778 3389 851 3468 quid
870 3391 907 3449 sit
924 3389 957 3448 in
975 3389 1105 3450 homines
1121 3389 1273 3472 agendum.
1298 3389 1377 3451 Haud

159 3491 314 3571 reperiunt.
355 3489 426 3549 Nam
445 3487 550 3548 nolunt
567 3509 613 3547 eos
635 3486 758 3546 fulmine
776 3486 886 3561 deleri,
907 3507 944 3547 ne
969 3487 1079 3547 scilicet
1102 3488 1260 3549 honoribus
1279 3487 1378 3550 sacrifi·

159 3589 267 3666 ciisque
294 3587 503 3662 destituantur,
532 3585 637 3665 quibus
660 3585 736 3665 ipsos
760 3599 983 3665 prosequantur:
1012 3607 1065 3645 nec
1093 3606 1160 3647 vero
1183 3587 1257 3646 ferre
1276 3601 1378 3648 tantam

159 3685 341 3754 insolentiam
368 3696 495 3766 possunt.
537 3681 668 3742 Tandem
691 3681 824 3762 Jupiter,
850 3702 880 3740 re
907 3703 1063 3764 perpensa,
1089 3683 1191 3746 videor
1218 3685 1309 3762 mihi,
1333 3687 1377 3744 in·

159 3784 241 3862 quit,
266 3783 405 3842 rationem
421 3781 612 3861 excogitasse,
631 3801 687 3859 qua
702 3778 823 3839 desituri
842 3780 901 3839 sint
920 3781 960 3839 ita
979 3781 1147 3842 insolescere
1164 3783 1312 3860 homines,
1328 3802 1377 3842 uec

160 3895 256 3940 tamen
273 3880 403 3960 perituri.
443 3877 596 3938 Dissecabo
623 3875 750 3957 singulos
769 3877 802 3935 in
822 3875 894 3936 duas
910 3892 1022 3958 partes:
1043 3894 1128 3939 erunt
1146 3882 1186 3940 sic
1213 3882 1377 3942 infirmiores

161 3976 212 4038 sed
239 3977 322 4036 nobis
346 3975 431 4036 simul
460 3975 602 4050 utiliores,
633 3976 739 4055 quippe
766 3994 884 4034 numero
912 3975 1027 4061 plures..
1059 3976 1106 4037 Sic
1131 3978 1224 4054 fatus,
1250 3979 1376 4040 bifariam

134 4127 138 4134 .
162 4073 298 4134 dissecuit
325 4073 472 4148 homines,
498 4073 695 4152 sanandosque
721 4071 853 4152 Apollini
879 4073 1028 4135 tradidit.»
1052 4075 1164 4149 Quibus
1180 4073 1281 4138 festive
1299 4096 1377 4136 euar-

161 4174 249 4246 ratis‚
278 4171 427 4251 subjungit
453 4172 669 4254 Aristophanes:
700 4163 762 4230 ἕστι
789 4165 830 4251 δὴ
859 4166 911 4240 οὖν
938 4169 970 4232 ἐκ
996 4166 1087 4234 τόσου
1114 4167 1133 4234 o‘
1154 4168 1229 4258 ἔρως
1254 4170 1376 4257 ἔμφυτος

195 4405 223 4556 Pl
238 4408 322 4544 εἶχε
338 4406 440 4544 idida·
451 4490 531 4546 dtur:
547 4496 564 4544 ὰ
580 4494 614 4544 Μ.
632 4494 673 4544 De
686 4495 774 4546 Smul.
790 4493 872 4548 Oeur.
891 4495 909 4546 l.
927 4495 968 4548 61.
979 4495 1059 4550 Puris.
1077 4495 1150 4550 ttae.
