2950 5134
156 461 251 500 omnes
271 441 419 514 dolentes,
449 440 499 500 sed
527 443 613 502 simul
644 436 857 523 εὐφημοῦντες,
879 444 990 523 tibique
1008 443 1081 502 hene
1101 448 1256 527 cupientes
1267 495 1275 522 ,
1301 469 1399 511 rerer-

156 572 261 638 tentem
279 559 421 637 prosecuti
440 578 553 616 sumus:
577 581 629 618 nec
649 582 716 620 vero
734 581 778 620 me
793 560 876 620 decet
889 579 969 638 aegre
989 541 1081 633 strue,
1102 560 1181 638 quod
1200 561 1260 620 tibi
1283 577 1313 622 et
1336 563 1398 622 lite·

155 673 195 730 ris
208 673 347 752 profuisse
362 673 422 753 ipse
436 671 520 732 modo
534 672 744 755 Heidelbergae
754 675 886 754 cognovi.
908 675 980 732 Nam
995 673 1035 732 sic
1050 687 1077 734 te
1094 673 1193 758 llorere
1212 677 1282 736 vidi
1299 679 1397 736 favore
1461 659 1462 732 J

156 786 283 845 omnium
303 787 442 860 etfama,
465 801 496 845 ut
506 833 514 860 ,
535 791 666 866 quamvis
689 792 745 848 mei
768 791 932 870 patriaeque
956 809 1053 848 caussa
1073 787 1219 864 dolerem,
1244 791 1303 851 tibi
1325 791 1400 850 hanc

157 919 192 958 ex
212 901 308 958 animo
331 900 490 980 gratularer
514 901 689 981 singularem
715 905 790 962 vitae
814 903 991 962 felicitatem.
1032 902 1089 962 Sed
1112 925 1199 984 pergo
1220 925 1344 963 narrare
1365 905 1400 964 de

155 1016 383 1096 Wyttenbachio
403 1029 517 1090 nostro,
539 1017 633 1096 qualis
652 1019 684 1077 in
699 1019 774 1078 ahos
791 1018 897 1091 fuerit,
919 1017 950 1076 in
969 1018 1070 1098 primis
1088 1019 1121 1077 in
1141 1018 1308 1101 discipulos
1327 1041 1399 1079 suos.

156 1133 282 1192 Tantum
303 1131 353 1191 ille
374 1131 471 1190 aberat
482 1178 490 1207 ,
514 1146 544 1190 ut
567 1132 623 1192 sibi
644 1135 755 1193 viveret
774 1132 846 1207 soli,
869 1147 900 1192 ut
919 1134 1008 1212 magis
1027 1134 1113 1192 etiam
1133 1148 1161 1193 et
1181 1133 1230 1194 his
1251 1149 1282 1194 et
1300 1136 1400 1194 amicis

157 1245 256 1319 virere
275 1246 431 1308 videretur.
473 1248 562 1324 Cujus
583 1248 624 1306 rei
643 1262 671 1307 et
691 1269 742 1330 ego
761 1268 823 1307 sum
843 1247 922 1306 testis
941 1261 968 1306 et
988 1269 1086 1306 omnes
1104 1264 1189 1323 sunt,
1211 1250 1267 1328 qui
1287 1271 1400 1309 mecum

158 1383 194 1420 ex
214 1363 316 1442 optimi
333 1358 582 1443 viriiprodierunt
596 1361 772 1444 disciplina:
788 1363 867 1423 testis
886 1361 1095 1444 discipulorum
1116 1365 1314 1440 veterrimus,
1332 1365 1398 1446 We·

157 1477 244 1536 selius
263 1476 453 1552 Scholtenus,
479 1471 742 1555 jureconsultorum
770 1477 996 1553 literatissimus,
1017 1480 1067 1558 qui
1090 1479 1259 1540 adolescens
1279 1501 1349 1540 cum
1369 1501 1399 1539 eo

157 1593 189 1651 in
208 1590 371 1653 Helvetiam
390 1592 443 1650 iter
461 1581 530 1651 fecit
553 1606 580 1651 et
605 1592 770 1652 etiamnunc
790 1613 906 1652 narrare
930 1615 1009 1653 orsus
1028 1593 1065 1653 de
1087 1594 1143 1654 viri
1163 1594 1194 1654 in
1213 1596 1317 1676 ipsum
1338 1617 1398 1654 me-

157 1707 222 1766 ritis
248 1727 312 1766 curn
342 1708 374 1765 in
403 1708 506 1766 itinere
535 1708 603 1783 illo,
630 1722 692 1766 tum
720 1710 751 1768 in
777 1707 883 1766 scholis
910 1708 1045 1767 omnibus
1074 1708 1209 1768 literariis
1239 1724 1269 1769 et
1298 1709 1398 1792 philo-

159 1822 302 1903 sophicis,
324 1840 376 1880 nec
395 1823 455 1903 ipse
474 1823 580 1903 reperit
599 1821 737 1882 narrandi
765 1823 852 1906 finem
882 1837 909 1881 et
938 1844 990 1882 nos
1011 1837 1090 1882 tenet
1109 1840 1250 1906 perpetuo
1270 1825 1397 1906 quodam

159 1937 342 1997 suavissimae
361 1939 500 1997 orationis
519 1937 648 1999 flumine.

198 2053 341 2112 Rusticari
357 2052 435 2132 apud
451 2051 535 2111 illurn
554 2052 716 2118 identidem
729 2050 839 2111 solebat
853 2075 927 2112 unus
946 2053 1054 2112 alterve
1068 2053 1280 2134 discipulorum
1293 2076 1396 2136 ,quem

158 2166 389 2247 magnifaceret:
421 2188 488 2226 narn
507 2187 555 2226 rus
575 2167 706 2241 amabat,
729 2181 760 2225 ut
780 2163 964 2250 Xenophon,
986 2182 1018 2226 ut
1044 2169 1162 2246 Cicero,
1183 2184 1215 2228 ut
1236 2171 1394 2242 Horatius,

158 2295 190 2340 ut
217 2280 300 2340 multi
326 2283 517 2361 antiquorum.
559 2280 664 2341 Crebro
693 2282 779 2359 hujus
808 2283 963 2362 usurpabat
981 2281 1067 2342 ¹illud
1087 2297 1114 2342 et
1133 2283 1165 2342 in
1185 2305 1213 2342 se
1232 2285 1394 2363 villamque

159 2417 237 2454 suam
257 2396 504 2456 accommodabat:

308 2512 370 2571 Hoc
390 2522 458 2570 erat
475 2519 509 2569 in
528 2520 622 2570 votis:
644 2513 746 2574 medua
765 2521 836 2594 ogra⁸
857 2535 915 2572 non
936 2522 982 2572 ito
1003 2535 1151 2594 magnus,

308 2630 424 2689 Hortus
445 2629 496 2686 ubi
505 2653 513 2701 ,·
534 2638 564 2684 et
583 2638 658 2686 teoto
675 2635 793 2687 vicinus
806 2637 898 2710 jugis
918 2651 1013 2708 oquae
1025 2633 1120 2706 sone,

308 2747 351 2804 Et
367 2745 508 2822 paullum
528 2746 629 2822 sylace
649 2765 739 2820 super
759 2747 806 2803 hia
818 2749 907 2820 soret
927 2777 958 2784 -

158 2864 235 2945 quod
249 2860 389 2941 jucundis
410 2859 534 2918 subinde
552 2859 730 2918 sermonibus
747 2881 845 2918 ansam
859 2859 1026 2941 praebebat,
1055 2860 1146 2935 Ruri,
1162 2862 1261 2939 inquit
1272 2905 1290 2935 ,.
1300 2860 1393 2940 legere

158 2993 268 3062 oportet
288 2975 456 3048 Horatium,
478 2995 537 3032 non
562 2973 654 3032 solum
674 2975 705 3032 in
737 2976 816 3064 urbis
844 2990 871 3035 et
889 2976 1083 3035 bibliothecae
1101 2977 1241 3056 angustiis
1261 2990 1291 3035 et
1312 2990 1392 3034 tene-

157 3097 234 3155 bris:
267 3092 388 3152 maxime
417 3102 509 3148 autem
531 3103 640 3169 oportet
653 3069 655 3080 Ι
668 3090 700 3146 in
730 3085 791 3170 ipsa
820 3089 903 3149 Italia
931 3105 959 3150 et
983 3092 1015 3149 in
1036 3091 1127 3171 ipsius
1151 3089 1232 3149 villa.
1278 3092 1316 3150 Et
1337 3089 1390 3148 hoc

159 3213 215 3272 luit
236 3213 268 3269 in
286 3209 379 3282 votis,
402 3228 454 3266 nec
478 3220 574 3264 tamen
598 3205 763 3285 expletum,
786 3220 814 3264 et
832 3205 888 3264 alia
906 3205 1036 3264 fuerunt.
1076 3205 1276 3265 Villoisonuur
1297 3223 1390 3264 meum

157 3328 272 3386 beatum
290 3323 454 3404 praedicare
475 3320 619 3393 solebam,
640 3321 689 3398 qui
708 3321 740 3378 in
759 3321 854 3379 Attica
874 3320 986 3399 legisset
1003 3319 1222 3379 Demosthenem
1247 3335 1276 3380 et
1294 3319 1389 3380 Plato-

158 3462 240 3517 nem,
264 3438 314 3498 sed
334 3436 379 3496 illi
398 3437 450 3495 hoc
471 3435 609 3514 contigit,
631 3455 691 3493 non
709 3434 800 3493 mihi:
823 3449 850 3493 et
869 3456 912 3493 me
933 3455 1011 3494 nunc
1032 3434 1151 3514 beatum
1167 3433 1321 3514 praedico,
1343 3432 1388 3491 cui

158 3557 246 3614 feriae
264 3554 444 3632 contingant⁴
462 3565 490 3608 et
517 3550 574 3608 otia
602 3549 779 3629 gratissima,
799 3549 905 3628 quibus
928 3549 986 3607 huc
1011 3569 1056 3606 me
1076 3551 1231 3630 recipiam,
1252 3550 1286 3609 in
1310 3549 1387 3610 hunc

158 3672 217 3752 agri
238 3667 372 3741 modum,
392 3687 451 3725 non
470 3667 510 3723 ita
530 3683 663 3743 magnum
674 3708 682 3736 ,
704 3685 763 3723 non
784 3663 981 3724 Tusculanum
1003 3663 1121 3743 aliquod
1139 3677 1188 3724 aut
1207 3666 1387 3741 Cumanum,

159 3785 209 3846 sed
228 3799 325 3845 tamen
344 3774 444 3864 o'lrydv
464 3802 495 3841 τε
518 3772 605 3860 ψιλόν
624 3801 668 3852 τε,

741 3908 862 3958 auctius
882 3910 971 3978 etque

320 4016 364 4074 Dr*
386 4017 493 4074 molius
505 4017 629 4090 fecere:
651 4017 720 4074 lene
739 4028 801 4075 est:
823 4018 870 4073 nil
889 4017 1019 4092 amplius
1040 4037 1089 4073 oro
1101 4061 1108 4087 ,
1163 4051 1166 4058 ·

162 4133 211 4192 ubi
232 4146 349 4191 naturae
370 4133 449 4190 fruar
468 4131 630 4210 integritate
648 4146 676 4190 et
694 4132 854 4192 serenitate.
897 4131 968 4205 Quis
988 4131 1064 4188 enim
1085 4129 1217 4207 antiquos
1236 4127 1301 4187 illos
1320 4143 1383 4184 cum

161 4248 308 4330 voluptate
329 4247 421 4326 legat,
442 4247 494 4324 qui
511 4265 621 4327 semper
643 4249 809 4308 continetur
829 4245 907 4305 urbis
927 4260 955 4304 et
974 4243 1110 4303 auditorii
1130 4244 1285 4302 claustris?
1315 4239 1384 4314 Quis

159 4366 239 4423 intus
256 4354 351 4422 aniino
372 4376 490 4421 naturae
508 4362 649 4444 percipiat
667 4363 890 4443 descriptiones,
911 4358 1009 4439 quales
1026 4359 1104 4440 apud
1124 4359 1293 4432 Horatium,
1314 4354 1382 4413 vir·
1461 4349 1462 4390 ἶ

160 4479 280 4558 gilium,
302 4478 455 4536 Homerum
475 4493 647 4553 occurrunt,
659 4475 854 4558 nisiprodeat
872 4474 996 4534 subinde
1015 4488 1042 4533 ct
1062 4488 1193 4533 excurrat
1213 4474 1245 4532 in
1264 4469 1381 4532 mediam
