2838 5120
627 279 685 340 289

60 437 143 510 dixit,
171 457 247 497 non
257 437 294 496 ab
323 438 531 548 hqpothesibus
562 463 623 500 eam
652 441 764 516 ordiri,
795 441 846 504 sed
875 443 1022 502 cernendo
1046 441 1200 502 escendere
1227 443 1265 502 ad

59 535 141 610 illud,
168 535 243 615 quod
275 527 462 598 ἀνυποθιτον
491 553 546 615 est,
568 538 597 620 1)
627 542 703 600 hanc
737 539 866 600 methodi
895 540 1129 601 sublimitatem'
1121 563 1152 599 ιιι
1168 542 1269 622 primis

58 629 132 692 nobis¹
156 635 262 694 critica
287 639 505 720 percipiendam
534 638 661 720 praebet.
703 638 733 698 Si
772 633 828 717 qua
844 659 890 699 ars
906 649 956 698 aut
968 639 1146 721 disciplina,
1168 639 1268 698 critica

58 745 106 790 tota
131 745 170 790 est
197 733 233 791 ab
259 735 469 816 hypothesibus
498 737 717 812 substruendis,
738 736 997 815 construendisque
1017 739 1049 795 in
1068 737 1114 796 his
1134 751 1267 818 systema·

57 829 124 888 tibus
149 831 261 890 aliena:
293 837 387 894 cernit
411 849 550 917 perpetuo
576 836 751 916 jungitque;
765 869 766 874 κ
781 857 853 914 quae
873 848 968 893 autem
983 837 1084 914 junxit
1097 831 1268 909 cernendo,

56 921 216 1007 ἅναβαθμοὶ
235 921 304 992 haec
319 935 377 1014 ipsi
398 947 483 1009 sunt,
506 942 537 992 ut
555 935 595 994 ait
614 934 753 1009 Diotime,
766 933 798 1014 2)
818 933 924 1012 quibus
944 931 981 993 ad
1001 933 1154 993 veritatem
1166 953 1268 1014 puram

55 1017 298 1110 intaminatamqire
317 1031 522 1110 assequendam
542 1032 686 1093 escendat.
727 1033 841 1094 Artium
869 1033 999 1090 omnium
1027 1030 1132 1092 abusus
1159 1045 1218 1107 est,
1240 1037 1269 1091 et

56 1129 183 1188 maximus
202 1125 269 1190 sane
287 1131 345 1189 fuit
365 1131 557 1211 syllogisticae
575 1132 786 1206 Aristotelioae,
807 1115 887 1190 unde
901 1144 1075 1190 contemtum
1091 1130 1161 1189 haec
1178 1149 1270 1189 susce·

56 1226 93 1305 pit
100 1251 107 1302 ;
132 1228 199 1302 sed,
225 1229 267 1287 uti
287 1229 452 1289 Platonicae
480 1229 648 1309 analyseos,
669 1232 709 1289 ita
730 1230 847 1298 criticae
877 1227 965 1307 hujus
986 1241 1118 1302 nostrae,
1140 1249 1197 1307 qua
1218 1248 1270 1287 nos

56 1322 200 1402 gloriamur
217 1327 338 1401 merito,
360 1341 417 1386 tam
436 1327 599 1408 praeclarus
612 1329 676 1387 'fere
697 1349 764 1388 usus
781 1328 857 1402 fuit,
885 1340 998 1405 tamque
1013 1311 1130 1386 'efficax
1142 1327 1187 1388 ad
1206 1326 1269 1387 dr's-

56 1422 225 1500 pellendas
218 1447 250 1484 ιιι
278 1424 375 1485 studio
394 1427 523 1486 veritatis
542 1425 666 1485 nebulas
683 1440 796 1502 omnes,
816 1440 848 1487 ut
869 1439 1001 1484 neutram
1020 1424 1125 1504 aliquis
1145 1445 1271 1505 unquam

58 1521 206 1602 vituperare
227 1537 277 1582 aut
296 1544 431 1604 sperffnere
449 1525 627 1584 sustinuerit.
679 1527 743 1600 Quo
762 1525 851 1605 magis
871 1544 957 1604 opera
977 1522 1075 1582 danda
1091 1523 1272 1605 philosophis

57 1632 107 1693 est,
127 1633 158 1678 ut
175 1641 237 1680 eam
257 1634 285 1679 et
301 1634 377 1682 recte
397 1627 541 1702 usurpent
559 1637 586 1682 et
607 1605 683 1682 nulli
704 1645 764 1682 non
780 1622 978 1682 doctrinarum
996 1621 1093 1701 generi
1113 1620 1273 1680 adhibeant

58 1732 216 1779 constanter.
260 1715 308 1778 Id
315 1731 409 1778 autem
430 1721 469 1778 ita
490 1721 596 1801 optime
617 1722 790 1796 instituent,
820 1735 853 1780 ut
880 1719 1100 1799 diligentissime
1120 1731 1148 1778 et
1167 1719 1272 1800 scripta

58 1815 171 1878 Platonis
190 1818 315 1897 legerint
335 1831 363 1876 et
384 1819 548 1879 verissimae
574 1817 645 1878 inde
669 1816 857 1894 dialecticae,
878 1838 971 1897 equa
996 1830 1064 1878 nata
1085 1818 1188 1877 critica
1211 1830 1271 1891 est,

58 1921 113 1971 curn·
131 1919 272 1976 rationem
291 1923 352 1974 tu‘rn
373 1937 455 1975 usum
475 1919 597 1977 assecuti
618 1919 739 2002 fuerint.
1175 1907 1180 1916 ’

160 2085 1170 2192 Dediolecticoeloqucntiueadhibendo;sioe
1265 2112 1266 2116 ’

375 2209 900 2289 derhetoricuPlotont's.

89 2405 166 2465 Tales
186 2399 279 2488 igitur·
298 2405 473 2487 disciplinae
493 2423 579 2484 sunt,
600 2410 706 2489 quibus
727 2409 871 2469 acuendos
885 2411 1028 2487 juvenum
1055 2421 1164 2468 mentes
1184 2425 1273 2467 exco-

29 2573 32 2578 .
58 2498 198 2584 lendasque
213 2505 364 2585 judicavit
388 2505 488 2580 Plato,
516 2506 658 2586 siquidem
686 2508 866 2588 gravioribus
887 2519 981 2567 essent
1010 2505 1168 2586 aliquando
1188 2507 1221 2565 in
1242 2525 1272 2565 re

59 2600 161 2676 publica
181 2604 353 2664 muneribus
371 2604 511 2664 functuri.
553 2606 668 2686 Adjecit
688 2607 734 2666 his
754 2605 899 2668 nonnulla
919 2602 1059 2682 nobisque
1078 2616 1153 2661 recte
1172 2605 1269 2684 perci-

63 2696 151 2774 pienda
171 2701 207 2761 de
229 2725 328 2763 carum
349 2695 486 2778 συνόψει,
509 2721 557 2780 ut,
578 2727 651 2786 quae
669 2706 789 2786 sparsim
805 2707 1064 2782 juvenesatenera
1089 2699 1158 2760 inde
1179 2715 1269 2760 aetate

63 2791 230 2876 didicerunt,
262 2803 331 2863 haec
361 2805 502 2884 colligant
523 2818 551 2864 et
570 2805 722 2864 conferant
741 2803 857 2863 tandem
869 2847 878 2876 ‚
908 2820 965 2880 quo
985 2801 1075 2880 magis
1094 2814 1122 2859 et
1142 2813 1271 2859 mutuam

61 2889 268 2976 disciplinarum
287 2903 486 2981 cognationem
503 2903 685 2984 conspiciant
702 2916 730 2962 et
751 2901 928 2982 perspiciant
948 2897 988 2956 ita
1005 2899 1092 2958 simul
1110 2899 1164 2959 τοῦ
1186 2890 1271 2972 ὄντος

59 2994 190 3056 naturam}
208 3019 266 3078 qua
286 3001 414 3080 perfectd
435 3001 556 3061 eruditis
578 3001 761 3066 institutione
784 2999 910 3058 mundus
927 2989 1034 3078 νοητός
1054 3014 1155 3080 sponte
1177 3000 1270 3060 reclu-

57 3084 133 3152 ditur.
173 3095 230 3156 Sed
252 3097 383 3156 nondum
405 3097 489 3158 nohis
509 3098 683 3158 dimittenda
705 3098 858 3158 dialectica
881 3097 1006 3159 videtur.
1048 3099 1090 3158 De
1106 3096 1271 3176 eloquentia

56 3181 201 3252 diximus
193 3217 225 3274 ιιι
247 3196 464 3275 superioribus,
487 3197 537 3255 ubi
567 3197 604 3256 de
625 3198 695 3257 veri
713 3211 806 3276 amore
836 3195 1008 3276 agebamus,
1037 3198 1188 3277 patuitque
1219 3217 1268 3256 no·

56 3279 109 3359 bis,
129 3289 151 3347 si
179 3271 234 3352 hoc
256 3295 423 3375 principio,
445 3295 498 3354 hoc
518 3317 611 3355 amore
630 3315 675 3354 ars
696 3279 863 3374 gravissima
881 3295 962 3373 quasi
983 3294 1128 3354 animatur
1154 3308 1182 3354 et
1207 3297 1271 3355 foe-

56 3384 209 3464 cundatur,
217 3390 346 3450 nullam
365 3413 422 3451 esse
444 3389 594 3452 hominurn
615 3394 713 3472 generi
735 3393 836 3452 utilem
857 3394 947 3474 magis
967 3405 995 3451 ct
1015 3393 1177 3453 salutarem.
1218 3394 1270 3453 Est
1347 3425 1349 3430 .

55 3494 136 3542 autern
151 3489 283 3567 proxime
302 3489 372 3556 haec
393 3511 439 3550 ars
458 3511 524 3550 eum
546 3489 698 3550 dialectica
719 3491 960 3569 conjuncta,imo
982 3511 1051 3553 vero
1071 3491 1267 3551 tum‘demum

55 3574 105 3639 dici
131 3569 291 3666 haberique
321 3575 374 3648 urs
400 3603 513 3670 potest,
535 3609 624 3669 quum
645 3577 778 3648 adhibita
806 3589 863 3670 ipsi
893 3604 959 3671 apte
989 3588 1141 3649 dialectica
1170 3590 1267 3649 fuerit.

55 3673 124 3739 ldem
144 3681 180 3742 de
207 3685 356 3746 scribendi
384 3689 497 3748 ratione
522 3689 647 3770 optima,
673 3709 758 3767 quam
780 3705 836 3747 suo*
858 3688 927 3748 item
947 3688 1011 3747 loco
1032 3687 1265 3768 exploravimus,

55 3771 202 3840 dicendum
237 3783 374 3846 videtur:
411 3787 468 3846 nisi
504 3788 654 3846 accesserit
682 3785 855 3862 dialectica,
883 3807 930 3844 ars·
959 3784 1078 3845 dicendi
1105 3785 1189 3845 nulla
1216 3799 1268 3849 est.

55 3871 262 3956 Quamobrem,
292 3885 458 3968 priusquam
487 3885 530 3944 ad·
542 3884 764 3966 disciplinarum
784 3888 913 3945 omniurn
934 3875 1057 3960 σύνοψιν
1077 3884 1266 3946 otmundum

55 3968 151 4051 νοητόν
168 3983 388 4058 perveniamus,
415 3983 451 4042 de
472 3983 626 4043 dialectica
644 3996 720 4042 recte
739 4004 804 4042 oum
825 3983 1005 4063 eloquentiae
1031 3999 1093 4044 turn
1120 3983 1267 4044 scribendi

56 4073 142 4136 studio
162 4076 330 4139 adhibenda
351 4081 495 4160 agendum
513 4095 563 4140 est.
605 4082 821 4141 Praemittamus
839 4096 934 4142 autem
955 4081 1093 4144 nonnihil
1110 4082 1147 4141 de
1170 4081 1267 4140 rheto-

56 4169 106 4228 rica
125 4189 199 4234 recte
224 4176 260 4234 ab
282 4177 446 4256 eloquentia
463 4178 665 4239 discernenda.

55 4319 245 4338 ¹-5—1—

87 4393 110 4459 1)
128 4399 172 4452 or.
190 4403 267 4454 raro
282 4421 307 4471 p.
324 4403 382 4457 ase.

84 4475 108 4545 ι)
124 4485 201 4556 sm.
220 4487 268 4574 ιιι
290 4489 318 4541 o.
