2886 5118
180 463 236 522 De
260 461 575 542 metaphy‘feieie
605 464 813 544 Plutonis
841 463 1055 542 dialogis,
1086 468 1177 521 cire

99 565 145 621 'de
176 564 415 622 dialectiea
436 563 632 621 idearum
662 560 1250 640 disquisitioniodhe'bendo.

104 761 144 818 De
162 759 208 817 his
231 758 354 838 dialogis
365 779 466 839 parum
486 759 534 817 vel
550 759 734 818 nihiladhuc
754 758 901 831 diximus;
924 777 978 816 nec
999 771 1095 818 umen
1116 739 1293 816 nihil'attu-

67 858 127 916 lisse
144 857 182 916 ad
202 879 303 916 verum
322 878 421 916 eorum
447 859 625 938 propositum
653 855 862 944 assequendum
885 854 1028 934 videmur.
1070 857 1142 914 Nam
1158 853 1292 934 dialogo·
1360 845 1362 849 ¹
1429 829 1431 868 t

67 977 124 1014 rum
151 955 364 1016 Platonicorum
393 955 464 1015 haec
492 957 565 1014 ratio
592 969 652 1030 est,
673 971 704 1014 ut
724 955 779 1034 legi
802 954 920 1013 omnino
935 969 1081 1013 accurate
1108 954 1146 1014 ad
1169 957 1293 1015 auctoris

67 1054 273 1135 philosophiam
288 1056 519 1135 ,percipiendam
546 1053 690 1126 debeant,
720 1053 847 1133 intelligi
881 1066 976 1111 antem
1002 1065 1064 1112 tum
1081 1051 1197 1112 demum
1217 1056 1292 1130 rite,

67 1165 207 1231 postquam
242 1153 318 1212 hane
348 1155 469 1212 assecuti
496 1154 569 1230 satis,
592 1151 808 1234 philosophiam
832 1152 992 1225 fuerimus,
1023 1151 1144 1232 possint.
1192 1151 1293 1212 Veluti
1361 1205 1365 1208 .

67 1251 344 1325 Theaetetum,
373 1251 627 1332 Sophistam,
654 1251 876 1310 Politicum
904 1247 955 1307 ubi
977 1250 1187 1328 quisprinrum
1207 1249 1294 1330 legit,

67 1350 154 1406 statim
170 1349 381 1423 arbitrabitur,
401 1371 430 1410 se
450 1349 520 1410 inde
540 1350 669 1412 Platonis
692 1348 888 1422 descientia,
907 1347 943 1411 de
963 1346 1137 1427 sophistica,
1157 1349 1194 1407 de
1214 1349 1295 1428 poli-

67 1447 116 1504 tica
134 1448 307 1506 sententiam
328 1451 529 1529 cogniturum:
547 1449 671 1529 legendo
691 1461 805 1522 autem,
828 1446 911 1506 aliud
931 1446 1020 1504 fuisse
1038 1443 1152 1505 videbit
1171 1448 1203 1506 in
1220 1433 1294 1506 seri-

66 1541 162 1603 bendis
179 1545 243 1604 illis
261 1548 393 1622 auctoris
404 1548 569 1607 consilium.
607 1546 669 1606 sed
691 1545 741 1604 ubi
760 1545 940 1627 perspexerit
951 1543 1028 1602 idem
1044 1542 1158 1602 assidua
1169 1544 1294 1605 lectione

65 1662 122 1698 cum
141 1641 324 1702 dialecticam
344 1646 492 1721 Platonis,
509 1659 572 1706 tum
592 1646 752 1718 rationem,
771 1667 827 1723 qua
845 1665 907 1704 eam
935 1641 1074 1701 adhibere
1091 1642 1294 1724 philosophiae

66 1738 188 1816 studuit,
210 1755 271 1801 tum
300 1742 417 1822 demum
447 1758 475 1804 et
495 1745 606 1823 assequi
624 1742 804 1823 ¹philosophi
825 1744 858 1802 in
877 1739 1039 1801 scribendis
1060 1740 1121 1799 illis
1137 1743 1306 1812 consilium¹

66 1851 90 1895 et
105 1852 178 1898 recte
189 1860 236 1898 eos
254 1841 418 1921 intelligere
450 1843 583 1923 incipiet.
618 1840 737 1912 ‚Similis
765 1842 840 1902 ratio
869 1838 1135 1899 Parmenidis
1156 1853 1184 1898 et
1204 1840 1293 1899 Phi-

66 1933 143 1995 lebi
165 1953 218 1998 est.
261 1941 357 2020 Vulgo
376 1939 525 2000 Platonem
553 1941 721 1999 existimant
738 1941 772 1998 in
792 1938 838 1998 his
855 1961 935 1998 suam
960 1959 1073 1998 omnem
1093 1937 1130 1996 de
1150 1937 1224 1998 ideis
1244 1937 1292 1998 de-

65 2054 113 2109 que
133 2036 262 2096 idearum
280 2039 434 2119 principe,
453 2038 524 2098 boni
543 2038 627 2114 idea,
648 2038 821 2098 sententiam
841 2038 1023 2118 exposuisse:
1035 2036 1230 2124 ¹quamobrem
1247 2039 1292 2097 in·

66 2133 154 2192 volare
173 2138 316 2195 continuo
336 2138 368 2195 in
387 2137 438 2197 hos
455 2136 584 2217 dialogos
603 2137 697 2196 solent
708 2181 716 2210 ‚
741 2138 792 2214 qui
816 2136 944 2195 Platonis
961 2134 1167 2200 sublimitatem
1188 2155 1224 2194 ex
1243 2137 1292 2216 ip·
1381 2159 1383 2164 ·

66 2231 116 2289 sius
134 2233 250 2313 seriptis
278 2237 427 2316 percipere
455 2237 589 2317 cupiunt.
631 2236 812 2326 Nos·autem
833 2235 940 2314 egimus
967 2232 1003 2292 de
1023 2233 1097 2292 ideis
1116 2233 1244 2292 Platonis
1264 2248 1292 2295 et

65 2343 185 2388 accurate
207 2331 320 2391 tradere
339 2335 510 2414 primarium
528 2333 651 2402 huncin
671 2335 732 2411 ejus
742 2333 926 2414 philosophia
944 2333 1039 2396 locum
1060 2331 1241 2391 studuimus:
1264 2346 1292 2392 et

66 2439 152 2486 tamen
171 2430 224 2489 vix
244 2430 335 2489 ullam
362 2452 461 2491 eorum
490 2431 671 2512 dialogorum
696 2432 873 2491 mentionem
892 2433 1023 2492 lecimus.
1065 2433 1190 2512 Nempe,
1211 2433 1291 2491 utin

66 2523 212 2586 Theaeteto
231 2530 406 2609 caeterisque
425 2531 586 2590 dialecticis
618 2530 812 2604 sermonibus,
833 2531 874 2590 ita
893 2531 926 2590 in
951 2528 997 2590 his
1015 2531 1114 2604 Plato,
1133 2531 1183 2609 qui
1204 2529 1292 2608 vulgo

66 2624 245 2705 metaphysici
268 2641 425 2702 vocantur,
437 2628 470 2688 id
490 2629 633 2709 spectavit
649 2628 847 2708 potissimum,
869 2642 900 2686 ut
919 2627 1072 2686 adhiberet
1092 2627 1291 2708 philosophiae

65 2720 185 2799 ipsique,
204 2745 291 2802 quam
311 2727 424 2787 tradere
443 2726 596 2800 studebat,
617 2727 679 2787 veri
705 2724 855 2785 doctrinae
885 2724 1066 2784 dialecticam
1085 2745 1174 2784 suam.
1216 2727 1291 2799 Qua·

65 2833 171 2899 propter
187 2844 267 2882 nunc
285 2823 401 2883 demum
410 2871 419 2900 ,
430 2839 579 2906 postquam
598 2837 625 2883 et
645 2822 828 2883 dialecticam
848 2824 978 2883 Platonis
989 2838 1017 2883 et
1037 2825 1097 2882 veri
1118 2823 1291 2899 doctrinam,

66 2937 116 2976 una
131 2941 194 2978 cum
224 2920 351 3000 ejusdem
371 2924 408 2982 de
426 2923 499 2983 ideis
518 2922 651 3004 placitis,
681 2924 842 3002 perspicere
869 2923 1032 3002 coepimus,
1050 2943 1129 2980 nunc
1155 2919 1290 2996 demum,

66 3015 192 3093 inquam,
214 3034 290 3079 reete
310 3023 394 3080 uobis
413 3023 592 3081 intellecturi
613 3035 764 3098 utrumque
784 3021 869 3078 illum
888 3020 1034 3100 dialogum
1054 3019 1197 3080 videmur.

100 3115 303 3198 Nam-proprie
314 3133 382 3179 sunt
393 3141 535 3180 sermones
555 3119 601 3178 illi
612 3119 817 3177 subtilissimae
838 3118 978 3198 quaedam
995 3120 1055 3176 sive
1073 3118 1290 3195 disquisitiones

65 3211 117 3268 sive
135 3217 358 3278 exercitationes
377 3218 557 3278 dialecticae.
600 3217 685 3292 Quod
706 3239 742 3275 ex
769 3219 917 3296 utriusque
937 3219 1082 3298 prooemio
1103 3216 1288 3295 intelligitur.

65 3307 94 3366 ln
113 3312 280 3373 Parmenide
300 3315 415 3396 dialogo
434 3319 639 3392 Parmenides,
658 3310 752 3389 δεινὸς
774 3318 825 3382 ille
848 3311 912 3396 ἅμα
934 3311 1047 3389 αἰδοῖός
1068 3337 1114 3389 τε,
1136 3327 1285 3394 postquam

65 3405 97 3462 ab
115 3408 197 3469 initio
219 3433 284 3472 cum
302 3413 417 3474 Socrate
429 3415 465 3474 de
486 3439 543 3476 uuo
554 3430 581 3476 et
596 3406 697 3477 multis
706 3463 715 3492 ,
734 3418 770 3478 de
781 3419 855 3478 ideis
867 3439 1021 3498 earumque
1033 3421 1065 3477 in
1075 3417 1160 3476 rebus
1174 3407 1286 3492 ‹iporei-

63 3525 128 3578 μασι
146 3532 227 3591 agere
260 3514 403 3588 instituit,
428 3513 585 3574 admiratus
605 3516 692 3592 hujus
720 3511 888 3596 ingenium,
905 3511 980 3598 καλή
1002 3513 1058 3595 μὲν
1082 3508 1148 3589 οὖν,
1174 3516 1289 3594 inquit,

63 3607 105 3666 καὶ
125 3608 208 3683 daia,
232 3601 264 3670 ad
286 3606 368 3684 ἴσθι,
389 3605 411 3690 ἠ
431 3605 529 3693 ὁρμή,
551 3608 590 3694 ἢν
612 3607 710 3698 ὁρμᾷς
731 3613 780 3674 ἐπὶ
800 3611 869 3691 τούς
882 3613 1003 3699 λόγους·
1016 3616 1135 3679 ἕλκυσον
1156 3613 1192 3677 δὲ
1214 3635 1287 3675 σαυ-

62 3704 110 3769 τόν
128 3707 182 3772 κοΐ
209 3707 359 3792 γύμνασον
377 3714 490 3792 μᾶλλον
512 3712 562 3777 ded
584 3718 640 3798 τῆς
667 3711 812 3798 δοκούσης
833 3714 989 3802 ἀχρήστου
1016 3714 1086 3794 εἶναι
1112 3717 1160 3778 καὶ
1181 3720 1287 3779 καλου-

63 3807 145 3894 μένης
160 3805 222 3875 aiud
244 3815 304 3876 taio
324 3816 441 3878 πολλῶν
455 3815 647 3899 ἀδολεσχίας,
662 3819 717 3894 ἕως
740 3815 785 3884 ἔτι
796 3817 860 3896 νέος
880 3817 919 3884 ri·
938 3824 962 3884 el
984 3819 1019 3884 di
1034 3816 1092 3903 poi,
1113 3819 1146 3881 οὲ
1162 3814 1286 3901 deceperi-

62 3913 130 3981 ’ξεται
152 3911 172 3997 q‘
194 3912 335 3999 dlq'dtta·
356 3925 466 3999 pulcer
484 3936 528 3983 att
545 3936 573 3982 et
593 3928 734 3999 dicineus,
763 3928 840 3984 maha·
857 3928 962 3999 crede,
989 3934 1117 4004 impetus
1135 3928 1188 3984 elle
1205 3937 1287 3986 tures.

63 4039 112 4090 quo
130 4023 168 4077 od
187 4042 335 4080 sermones
355 4024 454 4080 tendis
465 4045 477 4092 ,·
492 4026 636 4100 protrahe
656 4035 685 4081 te
704 4032 806 4104 igitar
825 4035 978 4104 ›arog-esque
998 4027 1053 4082 leue
1071 4036 1099 4082 te
1119 4045 1220 4081 aaaron
1230 4025 1285 4097 fo-

63 4117 180 4189 cultata,
201 4139 275 4194 quoe
296 4122 382 4199 uulgo
407 4125 532 4180 irrutiles
563 4125 684 4180 videtur
704 4134 734 4179 et
751 4123 927 4202 garrulitas
952 4135 1089 4195 oraretur,
1109 4125 1179 4181 deam
1192 4129 1286 4195 juve-

64 4219 106 4268 oia
124 4235 172 4271 er:
189 4239 267 4289 rauna,
286 4226 348 4275 οἱοὶ
358 4222 611 4298 stratasque
633 4233 660 4277 te
685 4230 797 4278 veritus
823 4220 874 4298 Ι),ι
906 4225 995 4298 Rogat
1024 4238 1118 4281 autem
1138 4221 1284 4290 Socrates,

63 4383 307 4400 ‘w

94 4485 114 4546 ll
134 4485 215 4538 Poros.
236 4489 290 4540 135.
312 4491 340 4540 l).
