2872 5122
709 253 749 314 to

111 433 139 478 et
158 415 304 476 Phaedrus
324 414 424 489 hicce,
444 415 551 474 amanti
569 435 630 474 non
649 435 708 473 esse
722 414 957 496 gratificandum,
978 414 1029 476 sed
1043 417 1089 490 ei,
1110 417 1238 496 quinon
1255 433 1346 478 amet:

112 517 191 575 hunc
208 514 285 573 enirn
305 533 364 572 esse
382 527 605 594 temperantem,
633 512 718 572 illum
738 514 836 572 furore
855 513 974 593 agitari:
1003 515 1091 592 quasi'
1113 515 1223 574 scilicet
1253 519 1355 577 omnis

112 614 193 672 furor
210 611 372 692 culpandus
387 625 476 670 esset:
498 613 555 671 imo
574 634 642 673 vero
660 605 698 670 τοὶ
713 605 836 691 μέγιστα
849 610 911 673 τοῖν
925 605 1051 691 α’γαθοίν
1070 606 1143 694 η’μῖν
1156 612 1286 694 γίγνεται
1304 610 1355 676 δια

113 708 233 791 μανίας,
258 706 330 793 θείη
355 703 454 787 μέντοι
476 703 559 770 δόσει
581 708 753 795 διδομένης·
775 716 916 774 bonorum
934 722 1068 772 maximo
1086 718 1250 796 obtingunt
1269 721 1357 777 nobis

108 837 168 892 per
177 816 341 889 furorem,
370 814 470 872 divino
499 815 617 892 quidem
643 831 768 902 νιιιιιινο
796 816 911 873 dotum.
953 813 1025 872 Nam
1054 835 1126 892 quae
1154 815 1284 896 Delphis
1314 831 1357 876 est

114 913 235 994 Pythia,
255 931 383 990 quaeque
403 911 539 971 Dodonae
557 927 626 972 sunt
643 915 819 989 sacerdotes,
841 913 938 991 furore
957 911 1076 990 agitatae
1096 912 1187 972 multa
1212 926 1241 972 et
1263 935 1358 995 prae-

116 1012 193 1072 clara
211 1008 348 1090 privatim
365 1008 539 1089 publiceque
554 1011 586 1070 in
601 1011 751 1072 Graeciam
765 1011 953 1070 contulerunt
969 1008 1127 1086 beneficia,
1155 1014 1263 1072 mentis
1284 1034 1356 1074 vero

58 1133 61 1140 ·
115 1122 276 1190 compotes,
302 1107 404 1184 exigua
431 1096 479 1167 vel
503 1108 594 1169 nulla.
636 1109 747 1184 Quodsi
774 1121 962 1168 memorantes
985 1106 1128 1186 Sibyllam
1147 1122 1174 1167 et
1191 1124 1356 1190 quotquot,

116 1207 261 1269 divinitus
286 1204 389 1278 afflati,
419 1205 601 1266 vaticinandi
615 1222 691 1267 ‚arte
718 1209 762 1266 nsi
789 1220 876 1280 sunt,
899 1225 1065 1264 enumerare
1094 1206 1234 1282 velimus,
1268 1230 1358 1287 quam

117 1306 216 1366 multis
245 1303 390 1364 verissime
418 1302 455 1361 de
475 1303 560 1362 rebus
578 1305 685 1365 futuris
703 1305 920 1386 praedixerint,
948 1317 976 1362 et
998 1303 1115 1383 longum
1138 1307 1358 1366 institueremus

117 1421 274 1466 sermonem
292 1415 320 1460 et
339 1399 417 1459 illud
435 1399 612 1477 diceremus,
632 1403 710 1482 quod
739 1404 873 1463 omnibus
895 1416 983 1483 patet.
1025 1403 1109 1461 Hanc
1135 1417 1223 1462 artem
1251 1407 1357 1465 vatici·

117 1503 211 1565 nandi
230 1514 339 1563 veteres
356 1491 479 1579 μανικην
499 1501 656 1576 dixerunt,
678 1522 737 1560 non
756 1495 913 1582 praeterqu,
927 1522 1000 1580 quae
1019 1502 1210 1565 recentiorum
1230 1516 1276 1562 est
1294 1525 1358 1584 per·

121 1603 256 1676 versitas,
277 1597 384 1678 μανίαν
403 1603 510 1682 quippe
530 1599 744 1679 significantes,
765 1627 821 1684 qua
841 1605 926 1663 unice
950 1599 1108 1681 perficitur.
1143 1597 1172 1680 1)
1192 1601 1228 1660 In
1248 1603 1359 1662 avibus

120 1700 308 1762 observandis
331 1702 456 1760 humana
475 1698 622 1777 quaeritur
640 1701 792 1780 cogitatio,
812 1699 1006 1781 intelligentia
1017 1743 1025 1773 ,
1047 1697 1227 1777 disquisitio,
1248 1696 1358 1782 οἴησις,

119 1799 201 1874 νοῦς,
216 1796 343 1880 ἱστορία,
359 1802 437 1860 unde
452 1789 632 1877 οἰονοὶστικη,
648 1821 720 1879 qnae
739 1800 826 1860 hodie
846 1814 965 1861 vocatur
989 1790 1161 1877 οἰωνιστικη.
1172 1798 1204 1880 2)
1224 1801 1286 1874 Sed
1305 1803 1359 1862 hac

120 1917 180 1962 arte
198 1916 305 1981 quanto
322 1900 375 1959 illa
389 1899 516 1959 nobilior
531 1907 573 1958 est
587 1913 615 1958 et
629 1883 746 1957 nomine
764 1913 792 1958 et
801 1921 851 1974 re,
870 1897 1118 1980 tanto'prudentiia
1133 1899 1261 1960 humani
1271 1923 1360 1983 prae-

121 2000 252 2060 stabilior
269 2001 349 2059 furor
368 2013 426 2073 est,
446 1999 496 2076 qui
515 1996 659 2057 diuinitus
674 1998 835 2055 excitatur:
856 1996 935 2076 quod
950 1999 1006 2077 ipsi
1024 1998 1118 2056 testati
1138 2012 1205 2057 sunt
1224 2001 1360 2080 antiqui,

27 2149 28 2152 ,
121 2113 154 2158 nt
172 2120 187 2162 e
205 2098 372 2158 nominibus
389 2094 573 2174 intelligitur.
614 2094 678 2154 Jam
696 2115 764 2155 vero
783 2093 1049 2174 ingravescentibus
1068 2095 1174 2155 morbis
1193 2111 1221 2155 et
1240 2099 1360 2158 calami·

121 2197 247 2272 tatibus,
265 2197 345 2256 furor
365 2216 425 2254 non
439 2193 583 2252 neminem
600 2206 739 2272 occupat,
755 2206 783 2251 et
793 2239 801 2267 ,
817 2214 873 2271 quo
893 2192 954 2251 illis
972 2207 1057 2273 paeto
1076 2193 1193 2252 liberari
1212 2211 1359 2276 oporteat,

122 2296 313 2369 vaticinatus,
328 2292 486 2352 remedium
509 2311 606 2350 eorum
626 2291 751 2351 invenit.
771 2374 774 2378 .
791 2291 972 2371 Confugiunt
992 2289 1038 2350 illi
1057 2291 1095 2351 ad
1113 2293 1238 2352 Deorum
1257 2316 1360 2376 preces

124 2408 152 2454 et
169 2392 297 2451 cultum:
320 2391 398 2449 unde
412 2389 589 2471 expiationes
603 2389 835 2473 initiationesque
850 2391 1014 2465 consecuti,
1032 2391 1136 2470 integri
1155 2392 1281 2470 purique
1297 2392 1362 2462 red-¹

124 2491 234 2550 duntur
253 2490 291 2550 ad
313 2509 446 2570 praesens
468 2500 580 2569 tempus
604 2501 632 2546 et
650 2487 780 2545 futurum
790 2531 799 2562 ,
819 2508 870 2568 per
894 2501 1003 2546 rectum
1022 2488 1101 2547 huno
1128 2487 1255 2548 furorem
1274 2510 1360 2571 prae-

123 2591 248 2649 sentium
265 2587 404 2648 malorum
423 2584 479 2645 sibi
499 2585 699 2644 liberationem
714 2585 907 2646 invenientes.
929 2588 1075 2646 Tertiusa
1091 2586 1183 2646 Musis
1200 2601 1243 2646 est
1257 2589 1356 2661 furor,

124 2689 175 2768 qui
194 2701 325 2746 tenerum
343 2686 538 2763 intactumque
552 2684 680 2742 animum
695 2703 855 2764 occupans,
871 2685 978 2743 excitat
993 2705 1058 2743 eum
1071 2685 1202 2764 afflatque
1221 2687 1358 2745 cantibus

126 2787 260 2865 omnique
283 2785 361 2866 poesi
372 2795 387 2858 ,‘
401 2797 488 2863 atque
505 2784 656 2856 innumera
680 2772 830 2841 celebrans
852 2783 1036 2861 antiquorum
1056 2784 1204 2858 facinora,
1229 2799 1358 2865 posteros

124 2885 260 2945 instituit.
286 2884 456 2961 Quicunque
475 2902 543 2942 vero
561 2881 623 2940 sine
643 2881 790 2940 Musarum
811 2880 908 2938 furore
926 2883 1052 2962 poeticas
1070 2884 1145 2942 fores
1162 2883 1242 2958 adit,
1263 2883 1359 2944 conii-

126 2981 216 3058 dens,
235 2997 294 3041 arte
312 3001 341 3040 se
360 2981 482 3060 quadam
499 2985 611 3060 poetam
630 2999 688 3038 esse
707 2999 860 3038 evasurum
870 3023 878 3052 ,
905 2999 959 3037 nec
979 2980 1040 3038 voti
1059 2979 1110 3039 ille
1129 3003 1242 3062 compos
1263 2983 1315 3042 fiet
1333 2994 1360 3040 et

128 3082 272 3143 evanescit
295 3082 355 3162 ipse
380 3099 445 3138 cum
469 3076 608 3158 prudenti
635 3098 685 3158 sua
712 3077 790 3157 poesi
817 3097 885 3157 prae
912 3076 1031 3136 illorum
1057 3080 1155 3159 poesi,
1176 3081 1226 3160 qui
1255 3081 1359 3142 divino

126 3180 258 3241 afflantur
280 3178 426 3238 nurnine.»
456 3174 487 3255 3)
511 3175 549 3234 Et
573 3175 627 3234 hoc
653 3174 770 3253 quidem
794 3174 932 3234 orationis
961 3195 1046 3234 cursu
1075 3190 1102 3236 et
1128 3179 1209 3258 quasi
1238 3179 1359 3238 flumine

128 3279 258 3361 procedit
283 3277 421 3356 deinceps
439 3273 568 3333 Socrates
596 3272 634 3333 ad
659 3263 804 3347 furorem,
831 3271 881 3351 qui
899 3273 988 3332 amori
1014 3273 1107 3349 inest,
1133 3275 1358 3357 contenditque,

52 3401 54 3408 ’
130 3369 172 3451 οἷς
197 3370 242 3436 ἐπ’
269 3369 393 3459 εὐτυχίη
412 3369 585 3458 τῇμιγίστῃ
607 3365 690 3454 παραὶ
704 3370 787 3432 θεῶν
807 3363 829 3452 η’
850 3364 970 3452 τοιαύτη
991 3370 1084 3451 μανία
1096 3371 1225 3437 δίδοται·
1248 3379 1359 3454 hujuc-

164 3624 188 3691 1)
208 3625 297 3680 Obiter
318 3626 359 3676 iric
385 3622 486 3675 Platoni
505 3620 772 3688 restituamus‚''quod
796 3620 925 3671 excidisse
946 3619 1065 3686 ridetur,
1088 3607 1126 3673 tri
1145 3636 1170 3674 κ.
1192 3604 1371 3690 [σημηίων

130 3705 166 3772 ori
183 3706 239 3795 γὰρ
261 3706 297 3773 ἂν
316 3703 372 3792 την
391 3703 545 3787 καλλίστην
564 3699 687 3786 τέχνην,
709 3695 729 3792 ᾗ
749 3697 786 3765 τιί
805 3698 913 3783 μέλλον
932 3699 1057 3787 κρινίται
1066 3754 1076 3782 ,
1098 3701 1274 3770 maledomim
1289 3697 1356 3768 roai-
1408 3725 1410 3738 ·

128 3837 218 3893 νομα,
237 3808 280 3875 td
305 3815 338 3874 Κ
357 3803 558 3890 ἐμπλέκοντες,
581 3802 736 3889 μανικήν
757 3800 901 3867 ἒκοίλισαν.
916 3854 945 3862 -
969 3814 1025 3866 Not
1040 3817 1103 3867 enim
1114 3817 1290 3885 pulcerrimum
1311 3831 1356 3866 αν-
1405 3794 1411 3810 ’

126 3933 174 3975 tem
187 3955 219 3964 -
234 3923 341 3990 locipso
361 3924 455 3974 nomiae
476 3905 621 3992 (μανίας),
642 3920 737 3972 immeo
759 3909 805 3984 K,
826 3902 950 3990 μανικην
970 3939 1108 3982 mmm,

163 4011 189 4079 2)
206 4014 287 4065 Recte
306 4013 343 4064 sic
356 4012 441 4065 locum
454 4014 569 4066 serravit
580 4021 606 4064 et
616 4013 737 4079 explicuit
748 4015 863 4066 Hermiou
874 4013 980 4066 scholiis
993 4012 1026 4064 ad
1040 4012 1065 4062 h.
1078 4011 1097 4060 Ι.
1117 4011 1176 4062 Vid.
1190 4011 1244 4062 Ast.
1256 4012 1288 4063 ed
1303 4010 1326 4060 ir.
1336 4006 1353 4057 l.

163 4096 189 4164 3)
207 4100 313 4150 Ρίιαιιίν.
339 4096 397 4149 242.
417 4097 447 4149 Β.
468 4131 500 4140 -
518 4097 576 4150 245.
601 4099 632 4150 Δ.
661 4098 718 4151 265.
742 4100 771 4152 Β.
796 4098 834 4151 Gi.
854 4099 927 4151 Plato
948 4099 1006 4150 Ιοιιο
1023 4116 1048 4165 p.
1070 4095 1128 4148 533.
1147 4097 1177 4148 Ε.
1199 4095 1257 4148 534.
1277 4095 1307 4148 Α.
1330 4099 1354 4142 et

129 4186 200 4255 Apol.
213 4187 239 4237 S.
253 4183 330 4235 2213.
345 4183 383 4233 Ex
404 4181 543 4235 Democriti
558 4184 658 4250 placitis
675 4185 819 4251 proiecisse
833 4185 980 4248 Platonem,
994 4182 1163 4251 probabiliter
1180 4177 1354 4234 animadvertit

130 4273 249 4324 Groenius
261 4270 420 4338 Prosopogr.
435 4268 499 4321 Plat.
509 4286 534 4336 p.
547 4268 588 4320 ll.
601 4271 715 4324 Platonis
729 4272 761 4324 de
776 4272 851 4338 poesi
863 4273 1005 4323 sententiae
1016 4270 1082 4322 hanc
1096 4262 1236 4320 Democriti
1252 4264 1353 4334 apponit

132 4357 211 4410 clem
228 4357 302 4409 Alex
320 4357 407 4406 suono.
421 4354 463 4404 Vl
478 4373 503 4422 p
497 4353 572 4406 827
599 4341 735 4454 Ποιητης
756 4340 832 4408 ὃὲ”
812 4369 889 4408 ασσα
909 4343 965 4426 μὲν
985 4341 1021 4408 dr
1028 4339 1145 4432 γράφη
1165 4367 1221 4424 μετ
1221 4337 1353 4406 ’lvdov-

132 4440 257 4520 σιασμοῦ
276 4438 324 4501 καί
345 4436 425 4521 iecori
445 4432 619 4518 πνεύματος,
640 4432 715 4502 καλοί
735 4430 831 4522 κοίοτα
853 4434 940 4498 ἐστίν.
