2832 5120
636 293 692 362 lae

97 453 134 516 Ul
157 449 235 515 huuc
260 452 355 514 amuis
381 444 581 532 philosophiae
610 453 698 522 linem
722 473 932 532 assequeremur
961 451 1141 532 aliquando,
1168 453 1271 517 uersati

59 548 107 612 diu
131 550 163 612 in
185 549 340 633 principiis
364 571 478 626 sumus,
508 547 565 631 qao
590 560 656 618 cers·
675 573 805 621 esrem
816 596 825 626 ‚
853 551 1063 633 principiorum
1088 551 1215 620 orandun
1235 549 1273 612 ad

59 647 200 710 veritatem
229 645 425 728 indagandam
452 647 537 729 longe
550 650 700 732 'princeps
727 663 755 710 et
782 647 1027 723 efficacissimum,
1048 649 1273 730 rexploraremus

55 745 230 826 diligentius.
272 747 422 812 Consecuti
444 761 540 810 autem
558 749 648 823 inde,
675 749 799 830 opinor,
820 750 905 812 etiam
922 747 975 811 hoc
995 769 1108 822 sumus,
1131 761 1179 821 ut,
1201 767 1272 826 quae

55 844 133 908 uobis
161 842 241 906 nuno
268 845 407 908 ocnunuo
432 844 603 926 exponenda
628 861 696 910 sunt
720 848 781 912 sive
808 845 902 908 officia
928 849 988 909 sive
1013 842 1190 910 adminicula
1212 845 1273 910 sive
1364 919 1369 934 ,

53 943 162 1018 modic,
182 965 255 1023 quae
275 944 363 1024 vulgo
381 942 442 1012 dici
461 943 572 1018 solent,
593 943 631 1004 ad
649 945 737 1010 finem
757 944 843 1008 illum
860 943 1080 1024 attingendum,
1102 944 1121 1005 i.
1141 964 1166 1004 e.
1185 941 1271 1002 disci·

53 1041 146 1120 plluac
161 1045 300 1121 majorca,
329 1043 361 1102 in
382 1043 482 1122 primis
503 1041 571 1116 illa,
602 1063 687 1121 quam
709 1042 907 1116 lardarium,
929 1041 1097 1115 dialectiea,
1117 1041 1269 1103 haesimus

54 1138 133 1220 longe
161 1139 277 1208 facilius
302 1139 489 1220 explmmmi.
531 1138 618 1201 Haud
641 1139 727 1208 facile
750 1141 847 1214 enim,
876 1139 1018 1220 quomedo
1043 1139 1097 1203 hae
1121 1139 1217 1206 velere
1235 1136 1273 1201 ul

55 1253 150 1302 verum
169 1237 399 1318 cogmaoendum
418 1237 562 1312 debeam,
590 1253 821 1318 assequeremur,
848 1239 905 1300 nisi
925 1237 962 1298 de
981 1238 1097 1318 propria
1118 1236 1202 1301 uobis
1222 1257 1272 1304 co-

54 1335 208 1414 gnoscendi
226 1335 363 1399 lacultmc
380 1349 537 1400 mactaret:
569 1357 621 1396 nos
640 1350 736 1398 autem
755 1350 782 1398 et
801 1337 988 1416 nosmetipsas
1007 1348 1036 1396 et
1054 1335 1115 1400 veri
1133 1355 1272 1407 amorem,

33 1445 105 1512 'quc
131 1435 235 1498 nutari
261 1433 414 1510 ducimur,
444 1435 647 1517 explorantes,
677 1455 792 1502 sensum
820 1436 986 1508 internum,
1015 1434 1107 1496 ammi
1135 1432 1270 1507 oculum,

52 1552 133 1610 quern
159 1532 241 1596 Plato
267 1534 401 1608 vocavit,
430 1533 526 1612 qualis
549 1533 605 1608 slt,
634 1531 707 1622 quid
731 1531 844 1604 efficere
863 1532 901 1598 ad
922 1552 1022 1597 uerum
1042 1529 1270 1610 cognoscendum

53 1621 175 1706 debeat,
191 1631 401 1709 quodammodo
415 1633 476 1711 jam
490 1631 719 1712 exploravimus.
770 1632 844 1700 Tana
864 1651 932 1692 vero
951 1630 1058 1694 frustra
1077 1627 1215 1710 deinceps
1235 1627 1272 1692 de

53 1726 167 1792 hcendi
187 1728 392 1810 scribendique
410 1743 489 1804 arae,
508 1750 583 1808 quac
602 1731 666 1790 sine
685 1729 839 1796 dialectica
857 1728 939 1802 nulla
960 1740 1019 1804 cst,
1040 1747 1120 1807 agere
1141 1727 1273 1790 institue·
1335 1733 1343 1766 -²

53 1846 159 1902 remus,
188 1828 248 1892 uisi
270 1849 329 1906 quo
346 1826 462 1902 studio,
492 1848 550 1906 quo
568 1829 731 1909 proposito,
760 1847 844 1907 quem
865 1826 898 1890 iu
917 1825 1005 1890 linem
1023 1825 1180 1890 hae-uobis
1198 1838 1272 1889 arses

53 1923 224 1994 emoleudae
252 1925 332 2000 sint,
360 1925 619 2006 investigassemus.
661 1925 766 2000 Quid?
795 1925 874 2004 quod
896 1916 1064 2003 μαιευταιὴν
1081 1923 1271 1994 Socraticam,

51 2044 118 2101 quae
143 2025 207 2090 aine
227 2021 382 2087 nucerina
406 2021 541 2086 adhiberi
566 2023 716 2090 hominum
740 2024 867 2102 ingeniis
890 2025 1050 2104 animisque
1076 2043 1136 2086 uon
1161 2033 1271 2102 potest,

52 2121 192 2202 ipsiusque
209 2135 252 2182 est
271 2121 441 2186 dialeceioae
456 2142 523 2203 pars
540 2121 702 2200 quaedam,
718 2123 780 2198 jam
798 2121 865 2192 deth
883 2123 970 2214 operi
987 2121 1134 2203 explicare
1154 2132 1183 2184 et
1200 2117 1269 2178 hinc

52 2219 151 2288 ducere
175 2239 274 2290 varam
297 2215 491 2302 eloquentiam
514 2239 683 2300 omnemque
706 2219 833 2292 docendi
855 2222 995 2292 rationem
1019 2239 1092 2298 quae
1114 2219 1192 2297 justa
1215 2229 1271 2289 sit,

52 2320 141 2384 conati
160 2337 270 2388 sunua-
306 2319 395 2390 Haud
411 2319 502 2399 igitur
522 2320 563 2384 ita
581 2316 703 2384 difficile
721 2317 806 2386 nobis
825 2319 880 2379 iter
900 2319 973 2394 erit,
994 2315 1072 2397 quod
1092 2335 1171 2382 nuuc
1187 2313 1271 2386 dein·

53 2435 112 2497 caps
133 2417 335 2494 incutiamus,
363 2437 417 2484 uec
442 2437 511 2480 vero
530 2432 593 2482 tum
612 2415 717 2495 cuam,
748 2416 798 2486 ubi
819 2417 857 2486 ad
875 2419 971 2500 ipsum
986 2419 1048 2494 Jam
1066 2413 1154 2484 linem
1174 2433 1270 2483 sumus

54 2517 234 2594 sementen,
262 2529 320 2580 taur
348 2516 403 2580 erit
426 2515 505 2579 illud
531 2534 662 2595 asperum
689 2527 739 2578 aut
763 2514 903 2590 arduum,
929 2535 1014 2595 quam
1034 2512 1123 2592 vulgo
1142 2524 1268 2592 putatur.

54 2613 116 2681 Nan
133 2615 294 2694 seqiubilis
314 2629 356 2676 ast
365 2659 374 2689 ,
406 2627 438 2682 ut
456 2612 494 2678 ah
512 2612 600 2678 initia
618 2611 747 2675 diximus
765 2625 793 2672 et
812 2613 881 2674 satis
893 2614 954 2690 jam
972 2611 1057 2677 nobis
1076 2621 1173 2691 patet,
1200 2607 1270 2688 phi-

11 2749 12 2752 =
55 2709 192 2794 losophiae
216 2710 382 2772 Platonicae
406 2711 573 2793 progressio.
615 2711 680 2770 Non
699 2709 844 2791 extemplo
864 2732 916 2771 nos
935 2710 1035 2784 Plato,
1055 2727 1128 2788 quae
1147 2706 1269 2778 phorum

54 2823 105 2884 est,
125 2812 317 2870 recentiorum
334 2811 367 2870 in
385 2810 486 2890 primis
505 2807 742 2890 philosophorum
751 2852 761 2882 ,
782 2806 975 2882 consuetudo,
997 2809 1030 2866 in
1049 2806 1270 2883 naetoplryaieaa

55 2910 140 2974 nescio
165 2928 254 2988 quem
281 2908 483 2988 labyrinthum
509 2906 609 2980 ducit,
640 2905 720 2974 unde
744 2926 802 2984 ,qun
826 2927 879 2976 nes
896 2905 1036 2986 posumus
1055 2904 1166 2965 ratione
1185 2922 1269 2982 eupe-

54 3003 126 3082 dirc,
146 3028 206 3066 non
224 3007 415 3088 reperiamus:
442 3027 502 3065 uon
521 3004 572 3064 ille
592 3025 644 3064 nos
663 3004 802 3063 continuo
821 3004 966 3084 perhanc
986 3003 1097 3062 scilicet
1116 2999 1267 3081 metaphy-

53 3103 132 3168 asan
150 3107 183 3172 in
202 3104 276 3167 altos
293 3104 418 3171 nubium
432 3117 539 3168 mactus
558 3101 673 3176 auehit,
696 3100 746 3160 uhi
764 3121 816 3163 nos
833 3102 965 3183 suspensi
981 3115 1010 3163 et
1028 3101 1109 3180 quasi
1126 3091 1269 3180 μετέωροι

54 3199 126 3265 hana
142 3201 336 3284 cognoscendi
352 3202 497 3283 principia
515 3200 671 3266 habeamus
687 3197 785 3272 nulla,
803 3197 853 3260 sed
873 3221 1008 3280 vagemur
1023 3213 1137 3260 temere.
1179 3199 1268 3260 Lente

51 3298 98 3360 ille
120 3302 257 3380 quidem,
285 3299 337 3362 sed
365 3299 448 3360 firmo
473 3298 564 3379 gradu
583 3309 803 3374 constanterque
823 3297 973 3378 praemit,
1002 3311 1031 3358 et
1051 3317 1103 3360 nos
1122 3299 1268 3380 profecto,

11 3431 12 3434 ¹
55 3413 192 3480 manuam
218 3399 306 3486 semel
332 3419 384 3478 per
410 3396 631 3477 disciplinarum
660 3393 912 3474 disquisitionem,
943 3417 1008 3456 cusu
1037 3397 1176 3471 aliarum,
1208 3410 1269 3456 tum

55 3498 209 3573 praesertim
226 3497 409 3570 dialecticae,
429 3496 462 3564 in
479 3492 622 3562 mundum
640 3486 762 3573 capacis,
778 3492 822 3551 ad
842 3496 918 3575 ipsas
935 3493 1016 3554 ideas
1035 3496 1268 3577 pervenerimus,

55 3595 102 3653 erit
125 3595 209 3658 nobis
234 3595 305 3654 haec
333 3596 394 3655 sive
413 3593 565 3660 dialectica
583 3595 644 3656 sire
662 3594 857 3675 metaphysica
877 3595 938 3654 sive
958 3614 1131 3673 quocunque
1150 3591 1268 3662 tandem

56 3694 159 3758 nomiae
176 3693 248 3755 haee
268 3692 426 3773 disciplina
447 3691 578 3760 amanda
598 3693 653 3768 sit,
683 3715 743 3754 non
762 3690 968 3772 labyrinthus,
994 3691 1027 3750 in
1045 3712 1102 3770 quo
1121 3711 1269 3757 coecorum

57 3789 135 3852 instar
158 3791 341 3865 oberremus,
370 3789 422 3850 aad
439 3792 520 3870 quasi
538 3791 655 3872 specula
673 3791 729 3854 erit
747 3789 904 3869 quaedam,
941 3788 1019 3850 uude
1038 3789 1219 3869 prospiciens
1236 3789 1268 3848 in

58 3906 142 3954 omnes
158 3904 253 3971 partes
271 3888 461 3970 philosophus

198 3988 281 4052 Hinc
301 3989 455 4054 homiuum
476 4009 594 4069 errores
615 3989 699 4067 louge
721 3988 838 4065 lateque
855 4007 912 4062 per
932 3987 1029 4044 erlem

200 4085 382 4162 Respicere,
404 4096 493 4165 utque
514 4087 643 4154 humiles
661 4093 757 4162 possit
776 4095 962 4144 contemnere
982 4105 1084 4146 euros.

90 4181 141 4251 Sed
164 4207 240 4247 rana
264 4198 307 4244 est
330 4185 423 4247 omnis
446 4183 482 4244 dc
508 4183 674 4266 disciplinis
695 4183 880 4263 disquisitio,
901 4182 957 4252 pisi
978 4180 1046 4252 illes
1066 4177 1270 4252 repudiave-

62 4279 135 4340 f'lfflus
158 4282 245 4358 ium,
274 4282 380 4363 quibus
397 4303 445 4355 eas
463 4282 599 4346 tradituri
618 4303 733 4356 superas,
765 4301 917 4360 eorumque
936 4279 1064 4352 indolem
1081 4291 1165 4356 atque
1185 4277 1270 4360 ‚iege-

64 4377 129 4438 uium
152 4381 390 4463 perspexerimus.
433 4382 495 4440 Hac
519 4381 587 4439 item
611 4381 643 4438 in
668 4401 698 4439 re
717 4379 798 4438 Plato
817 4399 897 4452 non,
927 4377 1005 4457 quod
1022 4389 1119 4458 postea
1142 4362 1271 4446 fuctum,

64 4476 213 4555 alstraete,
239 4493 271 4542 ut
296 4493 433 4554 vocatur,
454 4478 672 4560 philosophatus
696 4492 755 4552 est,
783 4476 833 4538 sed
852 4477 978 4541 hominis
997 4474 1150 4556 praecipue
1171 4471 1270 4530 huma·
