2886 5118
371 1139 795 1218 PHILOSOPHIA
845 1139 872 1216 J
881 1139 1021 1216 USTI

670 1411 746 1460 stvlt

493 1637 553 1698 ou
583 1607 700 1698 vrri
730 1637 900 1697 euers.
954 1667 956 1671 Α

701 1957 771 2026 oo’n
778 1957 840 2025 ἔστι
859 1967 923 2048 θεῳ
940 1954 1115 2044 ὁμοιότερον
1129 1955 1251 2046 allisi*
1274 1958 1310 2038 ὃς

662 2058 699 2126 ἄν
719 2059 808 2147 ἡμῶν
833 2058 874 2127 αὖ
893 2059 1010 2147 γένηται
1043 2057 1090 2126 ὅτι
1117 2059 1307 2138 δικαιότατος.

113 2521 218 2600 Aque!
236 2529 363 2599 tempore
380 2515 451 2579 baec
471 2500 817 2598 seribere'ptezonpteae
836 2520 1017 2581 Platonicae
1033 2527 1128 2578 initio
1149 2518 1250 2599 coepi,
1273 2518 1306 2576 in

83 2613 140 2676 dies
166 2616 241 2678 mihi
260 2617 358 2696 magis·
367 2616 592 2677 instaurandum
611 2640 691 2678 nunc
712 2617 836 2678 maxime
855 2616 1057 2699 philosophiae
1075 2616 1157 2676 illius
1175 2614 1305 2675 studium

79 2731 131 2774 esse
148 2715 255 2796 patuit.
296 2716 368 2774 Nam
394 2715 532 2796 cogitanti
559 2715 632 2775 mihi
649 2736 854 2799 saepenumero
874 2714 910 2774 de
931 2737 1008 2775 nova
1023 2714 1076 2774 illa
1091 2713 1313 2796 philosophanff

79 2809 254 2888 ditatione,
275 2831 347 2892 quae
368 2815 514 2894 superiore
536 2814 651 2875 saeculo
671 2835 724 2895 per
739 2827 829 2874 totam
838 2813 984 2895 Europam
994 2813 1142 2888 invaluit,
1164 2813 1225 2873 vim
1243 2811 1307 2892 qui·

78 2906 137 2970 dem
161 2911 215 2996 illa
243 2911 351 2971 habere
367 2913 534 2974 etiamnunc
553 2927 582 2972 et
603 2913 758 2990 sqlutarcm
775 2911 849 2972 adeo
867 2927 998 2992 magnam
1018 2925 1143 2993 partem,
1174 2910 1236 2972 visa
1254 2923 1305 2970 est.

78 3003 118 3064 td
142 3029 226 3070 usum
255 3009 334 3068 enim
364 3010 461 3087 vitae,
487 3009 565 3091 quod
588 3010 808 3092 praecipiebant
825 3023 907 3070 tanto
927 3008 1023 3069 studio
1042 3021 1177 3090 parentes
1196 3008 1306 3084 nostri,

78 3101 190 3176 inventa
210 3127 263 3167 nos
282 3107 351 3167 item
371 3109 468 3168 omnia
487 3108 751 3185 accommodamus,
777 3128 831 3176 nec
851 3108 1028 3188 quidquam,
1054 3119 1087 3166 ut
1106 3102 1174 3181 ilii,
1192 3118 1307 3184 specta·

43 3269 60 3286 Ι,
78 3219 133 3263 mus
149 3205 257 3285 magis,
276 3226 363 3285 quam
383 3220 415 3266 ut
435 3205 556 3270 humani
575 3209 688 3290 generis
710 3207 798 3267 saluti
819 3207 1036 3289 prospiciamus.
1082 3203 1141 3264 Sed
1159 3205 1286 3286 primum
1296 3241 1306 3272 ‚

79 3299 199 3378 capimus
217 3303 330 3364 fructus
345 3303 564 3388 philosophiae,
584 3327 657 3387 quae
674 3305 773 3388 pueris
789 3304 874 3365 nohis
893 3285 1027 3382 effloruii5
1049 3302 1307 3390 ipsaphilosophia

78 3399 248 3478 temporibus
265 3403 386 3482 ,nostris
404 3397 492 3482 jacet.
534 3407 610 3464 Tum
638 3425 721 3480 vero,
750 3417 782 3462 ut
802 3402 937 3462 salutaris
954 3404 1062 3484 partim
1080 3403 1138 3462 fuit
1156 3423 1232 3464 nova
1253 3402 1306 3463 illa

80 3497 228 3574 superioris
247 3485 356 3559 saeculi
374 3501 604 3584 philosophandi
625 3502 715 3576 ratio,
740 3501 800 3577 ita,
821 3501 919 3583 prouti
938 3501 971 3560 in
988 3498 1189 3582 praecedentis
1205 3500 1305 3580 dispu-

78 3591 187 3679 tationis
203 3597 324 3658 exordio
343 3599 523 3676 monuimus,
543 3600 649 3683 partim
668 3600 754 3659 etiam
774 3613 802 3658 et
819 3612 890 3658 tunc
909 3600 1009 3660 nocuit
1024 3599 1154 3677 Europae
1169 3597 1305 3677 gentibus

79 3691 200 3754 euobis
219 3695 390 3757 etiamnunc·
408 3712 493 3759 nocet
512 3698 706 3780 vehementer.
749 3695 836 3773 Quod
853 3697 981 3778 profecto
996 3694 1077 3756 haud
1092 3693 1179 3753 facile
1197 3695 1230 3754 in
1245 3693 1305 3770 du-

80 3782 152 3848 bium
170 3795 336 3870 vocaverit,
357 3795 524 3876 quicunque
538 3809 719 3878 praesentem
740 3794 940 3878 philosophiae
960 3791 1158 3853 conditionem
1174 3791 1305 3876 diligen-

80 3894 117 3942 ter
151 3888 399 3954 animadverterit.
452 3895 568 3956 Adsunt
597 3893 715 3974 quidem
744 3892 843 3955 ubivis
871 3893 999 3974 germani
1027 3891 1215 3974 philosophi,
1239 3894 1303 3956 -viri

79 3977 229 4048 liberaliter
255 3990 403 4068 instituti,
430 3992 525 4052 literis
550 3990 718 4072 artibusque
736 3991 846 4052 exculti
866 4011 898 4050 ac
917 3989 1075 4073 perpoliti,
1104 3994 1157 4050 nec
1177 3989 1302 4068 desunt,

81 4078 125 4155 qui
142 4084 201 4146 illis
220 4087 350 4165 faveant,
370 4089 491 4172 fierique
503 4111 601 4162 eorum
611 4089 754 4172 sapientia
764 4089 895 4152 meliores
906 4089 1149 4170 sapientioresque
1160 4088 1302 4150 nitantur.

81 4171 130 4240 Sed
155 4183 212 4244 rari
237 4200 305 4246 sunt
323 4187 370 4248 illi
381 4188 423 4274 in
441 4171 565 4270 singulis
583 4189 644 4264 fere
665 4187 814 4270 gentibus,
842 4199 949 4260 et-vox
967 4208 1064 4248 eorum
1083 4187 1237 4268 quominus
1263 4186 1300 4247 ab

81 4277 185 4355 optimis
214 4282 377 4366 quibusque
406 4299 434 4345 et
449 4285 661 4349 honestissimis
678 4285 870 4362 exordiatur,
888 4285 996 4346 clamor
1014 4287 1205 4368 strepitusque
1224 4284 1300 4372 alio-

80 4389 135 4435 rum
151 4378 259 4465 efficit,
278 4383 330 4462 qui
350 4404 379 4444 se
401 4381 475 4462 solos
494 4404 592 4466 sapere
610 4387 724 4466 jactant
735 4430 743 4462 ,
764 4384 852 4464 idque
872 4386 995 4468 profano
1016 4383 1298 4466 vulgopersuauent
