2950 5134
687 289 719 347 ll

131 447 260 509 sednon
287 463 352 524 est,
366 448 444 538 quod
471 446 526 507 tibi
555 447 624 510 haec
652 449 767 526 dicam,
788 452 926 510 Creuzcre
936 495 945 526 ,
965 471 1022 532 quo
1040 473 1123 513 nemo
1152 453 1237 514 facile
1265 453 1318 514 hac

68 549 69 558 ἵ
96 577 182 624 nostm
200 578 289 624 aetate
308 577 335 626 et
357 561 526 624 difficiliora
549 565 674 646 suscepit
693 580 722 625 et
735 579 864 646 suscepta
888 567 998 647 peragit
1013 547 1146 630 facilius.
1185 569 1262 629 Mihi
1282 569 1319 637 de
1391 634 1393 642 ,

94 678 310 759 Wyttenbaehio
323 679 520 754 narrandum,
540 679 635 758 qualis
653 681 761 755 fucrit,
780 693 856 740 certe
875 681 948 740 mibi
968 684 1005 742 sit
1023 684 1192 760 visusfere,
1213 686 1245 744 in
1256 683 1319 744 lite·

94 795 128 852 ris
144 791 317 854 tractandis:
339 795 463 854 necdum
478 794 555 852 enim
574 792 628 852 hac
644 795 676 854 in
692 816 722 853 re
738 795 810 854 mihi
825 795 885 875 ipse
904 797 1039 858 satisfeci.
1061 799 1133 858 Nam
1143 798 1319 879 quaeadhuc

93 907 165 984 dixi,
183 911 344 968 communia
362 909 414 968 illa
441 910 572 988 magnam
598 924 708 990 partem
727 910 831 970 habuit
854 931 919 970 cum
950 911 1111 995 scaligero,
1133 915 1319 989 Gasaubouo,

93 1021 215 1102 Bentlejo
226 1070 234 1098 ,
256 1025 488 1104 Hemsurrbusio,
509 1031 662 1109 Ernestio,
687 1033 813 1114 Heynio.
853 1033 893 1092 Hi
917 1048 1015 1092 omnes
1034 1044 1073 1089 et*
1085 1030 1178 1090 critici
1199 1030 1318 1090 fuerunt

94 1139 214 1219 primarii
233 1154 262 1199 et
285 1139 455 1202 habitarunt
478 1145 512 1204 in
534 1147 581 1206 his
606 1148 714 1224 literis,
736 1167 888 1227 carumque
906 1145 987 1204 ducti
1006 1164 1100 1204 amore
1118 1143 1163 1204 nil
1188 1165 1248 1204 non
1266 1123 1319 1225 pio

93 1253 123 1311 iis
147 1253 338 1334 pertulerunt.
379 1256 476 1318 Fuisse
505 1276 600 1321 autem
627 1264 744 1325 videtur
769 1245 998 1343 Wyttenbacbio
1018 1261 1166 1341 proprium
1194 1260 1267 1339 quid
1290 1275 1318 1320 ct

92 1367 243 1448 singulare,
262 1391 322 1428 non
340 1391 396 1449 quo
413 1373 567 1436 excelleret
586 1378 658 1439 viris
676 1377 738 1437 illis
748 1378 881 1438 omnibus
901 1389 929 1435 et
945 1374 1069 1455 singulis
1086 1389 1114 1434 et
1131 1375 1315 1434 universis-

91 1482 126 1539 sic
145 1482 304 1563 loquuntur
321 1484 451 1546 homines
469 1489 606 1550 rhetorici
626 1507 654 1552 et
679 1493 865 1568 scholastici,
890 1511 960 1571 quos
982 1489 1073 1550 nolim
1092 1489 1245 1549 imitari-
1267 1489 1318 1549 sed

90 1617 138 1674 quo
155 1597 381 1678 distingueretur
400 1601 436 1660 ab
457 1601 526 1665 illis.
566 1606 636 1666 Erat
654 1607 708 1667 boc
718 1654 726 1682 ,
744 1609 768 1668 si
794 1608 867 1688 quid
885 1606 990 1680 video,
1011 1603 1138 1664 studium
1156 1603 1315 1664 Socraticae

89 1709 279 1794 philosophiae
299 1727 327 1772 et
350 1714 533 1797 Platonicae,
557 1722 636 1802 quod
655 1723 822 1783 dominatur
844 1723 876 1782 in
899 1720 1050 1796 omnibus,
1064 1740 1137 1799 quae
1154 1719 1269 1800 scripsit
1288 1731 1316 1777 et

88 1849 286 1894 commentatus
305 1851 363 1912 est,
384 1858 416 1897 ac
435 1852 512 1920 patet
528 1838 724 1917 rescriptorum
734 1835 865 1912 delectu,
886 1857 956 1915 quos
965 1835 1143 1916 potissimum
1151 1833 1315 1895 tractandos

89 1948 136 2008 sibi
153 1951 300 2032 suscepit,
319 1973 333 2010 e
352 1953 448 2014 studio
461 1952 589 2026 Juliaui,
604 1951 750 2032 Eunapii,
770 1951 963 2026 Aristaeneti,
985 1969 1056 2028 quos
1070 1949 1189 2028 juvenis
1208 1949 1240 2008 in
1255 1949 1314 2030 epi·

89 2063 151 2123 stola
170 2065 272 2125 critica
287 2086 322 2125 ex
340 2066 468 2127 Platonis
485 2069 565 2128 fonte
585 2067 751 2128 emendarit
765 2081 793 2126 et
811 2066 987 2139 illustravit,
1009 2085 1045 2123 ex
1066 2064 1187 2125 consilio
1207 2061 1314 2123 edendi

90 2165 245 2256 Plutarchi,
274 2181 381 2242 edendi
410 2183 500 2264 ipsius
528 2181 675 2256 Platonis,
697 2181 776 2268 quod
803 2162 935 2256 lecisset,
956 2193 988 2240 ut
1014 2181 1075 2260 ipse
1095 2179 1227 2260 scripsit,
1256 2178 1314 2238 nisi

92 2291 156 2352 idem
173 2307 241 2354 ante
256 2295 374 2356 molitus
388 2297 488 2357 luisset
503 2297 707 2358 Ruhnkenius.
739 2297 828 2356 Natus
843 2311 903 2356 erat
918 2294 955 2355 ad
965 2295 1063 2356 literas
1069 2291 1233 2354 tractandas
1241 2293 1314 2352 anti·

93 2421 166 2486 quas,
186 2410 237 2469 scd
257 2411 361 2469 natura
379 2413 447 2470 item
467 2409 719 2472 duceaccedebat
738 2410 776 2469 ad
791 2410 995 2492 philosophos,
1009 2409 1172 2470 'Socraticos
1195 2410 1228 2468 in
1251 2408 1316 2490 pri-

91 2523 183 2584 miset
209 2525 383 2586 Platonicos.
421 2525 599 2587 Perlustrans
625 2525 714 2605 igitur
741 2538 853 2585 vastum
884 2526 1032 2587 literarum
1058 2545 1207 2607 campum,
1238 2522 1317 2582 illud

91 2638 245 2700 attendebat
264 2641 387 2700 maxime
397 2687 406 2718 ,
428 2642 506 2722 quod
530 2661 595 2700 cum
614 2639 747 2714 Socrate,
768 2661 833 2698 cum
852 2640 989 2717 Platone,
1011 2661 1076 2700 cnm
1095 2641 1243 2719 utriusque
1259 2638 1315 2697 ele·

92 2755 176 2830 gantia
198 2768 226 2814 et
251 2753 436 2836 philosophia
459 2757 583 2816 maxime
607 2769 679 2814 esset
700 2756 905 2832 conjunctum,
931 2771 959 2816 et
978 2777 1046 2818 vcro
1065 2756 1103 2816 ad
1122 2755 1174 2814 bos
1193 2754 1315 2814 interius
1398 2791 1401 2801 .

91 2868 290 2946 cognoscendos
307 2885 437 2930 accurate
451 2871 726 2952 diligentissimeque
745 2869 858 2949 singula
873 2871 1059 2950 antiquitatis·
1068 2883 1252 2930 monumenta
1266 2887 1314 2927 ex·

92 2980 218 3059 plorabat.
251 2985 399 3064 Ingressus
414 2999 455 3045 est
474 2987 514 3046 ita
533 2985 682 3045 historiam
703 2983 902 3066 philosophiae
911 3031 920 3062 ,
938 2985 970 3045 in
988 3006 1045 3065 qua
1063 2985 1194 3066 regnavit
1208 2983 1313 3065 plane,

59 3123 60 3130 .
92 3095 169 3175 ipsam
186 3100 331 3180 ingressus
350 3113 391 3158 est
416 3100 646 3182 philosophiam,
668 3099 730 3158 sine
749 3120 805 3178 qua
820 3103 881 3179 ejus
899 3075 1016 3160 historia
1035 3099 1175 3181 explicari
1194 3098 1312 3178 nequit:

92 3209 241 3293 factumque
268 3215 307 3272 ita
333 3227 391 3289 est,
412 3229 443 3274 ut
462 3214 584 3275 biennio
602 3227 666 3295 post
685 3213 791 3272 editam
810 3215 957 3296 epistolam
967 3215 1095 3274 criticam
1105 3261 1113 3290 ,
1133 3212 1313 3276 amsteloda-

93 3326 123 3383 mi
148 3326 261 3388 doceret
288 3328 406 3409 publice
426 3351 483 3389 una
511 3351 577 3390 cum
595 3329 715 3389 historia
734 3327 933 3412 philosophiae
960 3330 1080 3411 logicam
1098 3332 1184 3390 etiam
1202 3343 1230 3388 et
1253 3349 1314 3388 me-

93 3439 267 3520 tapbysicam.

126 3555 228 3628 Quodsi
253 3577 318 3615 cum
332 3557 558 3637 Wyttenbachio
577 3556 786 3617 Ruhnkenium
801 3579 1012 3641 comparamus,
1033 3559 1102 3619 baec
1124 3558 1236 3620 indoles
1255 3559 1312 3620 riri

93 3670 169 3748 magis
187 3672 272 3731 etiam
293 3673 404 3752 patebit
419 3675 512 3734 nobis.
543 3673 643 3747 Illius,
662 3673 694 3731 in
712 3693 814 3754 magna
829 3675 1039 3750 similitudine,
1054 3674 1152 3754 dispar
1169 3675 1228 3733 fuit
1242 3695 1311 3753 quo·

95 3779 232 3845 dammodo
253 3787 420 3867 ingenium,
442 3787 541 3870 dispar
564 3787 724 3847 studiorum
744 3789 793 3849 via
811 3804 838 3849 et
857 3791 938 3850 ratio.
978 3790 1002 3848 E
1019 3789 1134 3869 Bergeri
1151 3789 1311 3868 Ritterique

95 3899 223 3973 profectus
241 3898 440 3977 institutione,
463 3917 494 3962 ut
507 3917 558 3962 suo
576 3903 636 3984 ipse
656 3902 773 3983 ingenio
793 3904 911 3984 obsequi
930 3905 1024 3986 coepit
1033 3949 1042 3980 ,
1063 3905 1103 3964 ita
1121 3906 1259 3964 continuo
1278 3905 1311 3963 in

95 4017 179 4088 poitas
195 4015 318 4092 incidit,
339 4018 512 4093 Homerum,
533 4017 707 4093 Hesiodum,
728 4003 914 4094 Humidus,
942 4019 1309 4101 Apolloniumhbodium,

96 4110 307 4206 Callimachum,
325 4131 356 4191 in
375 4132 480 4212 quibus
499 4133 743 4214 interpretandis,
764 4135 971 4211 emendandis,
992 4135 1150 4216 purgandis
1166 4135 1307 4214 Bentleja-

97 4256 154 4298 nam
169 4246 321 4326 usurpabat
341 4249 479 4307 rationem
505 4261 532 4308 et
556 4239 723 4308 audaciam:
753 4251 850 4332 prouti
870 4251 930 4332 ipse
953 4251 1063 4311 Rittero
1082 4249 1239 4330 aliquando
1259 4251 1308 4310 in-

98 4369 177 4428 genue
195 4361 320 4420 animum
338 4361 486 4442 aperiens,
517 4363 550 4421 in
569 4361 689 4444 epistola
708 4364 839 4447 scripsitr
870 4373 932 4424 nisi
948 4367 1025 4424 mihi
1042 4365 1306 4441 Hemrtcrhuciua,

102 4465 304 4536 Valckenarius
324 4480 437 4557 aliique
458 4487 568 4539 summi
587 4481 718 4540 bominac
740 4479 828 4539 verbu
849 4482 937 4556 dent,
959 4483 1060 4541 videar
1076 4489 1111 4540 in
1131 4482 1182 4540 huc
1203 4483 1303 4540 litera·

1448 4703 1450 4807 l
