2950 5134
773 263 811 322 3ι

181 431 293 511 purgati
311 427 477 505 initiatique
495 447 528 488 eo
549 425 700 499 venirent,
721 423 774 484 hos
791 443 857 484 cum
874 425 937 484 Diis
956 423 1144 488 habitaturos.
1173 426 1261 488 ocem
1285 419 1315 484 δ’
1338 421 1397 496 sici,

180 521 253 588 nurci
283 520 340 607 τήν
372 518 449 606 ἐμήν
481 517 588 596 δόξαν,
620 515 674 584 οὐκ
702 515 784 583 ἄλλοι
809 516 844 603 ἢ
857 519 886 582 οἱ
910 519 1180 604 πεφιλοσοφηκότες
1206 520 1321 604 ὀρθῶς.
1363 527 1398 583 lli

181 642 282 690 autem
301 639 390 702 eunt,
412 649 456 686 me
478 629 601 705 judice,
622 646 680 684 non
699 626 774 699 alii,
793 647 883 702 quom
902 634 955 704 qui
972 632 1033 686 n‘te
1060 639 1134 690 nent
1147 630 1357 706 philosophati.
1376 623 1399 702 l)

181 732 258 792 Haec
276 725 477 809 philosophiae
497 725 594 798 notio,
616 737 647 782 ut
673 711 794 782 ubivis
786 745 818 787 ιιι
841 721 1011 798 Phaedone,
1033 725 1073 786 ita
1091 728 1213 788 maxime
1235 728 1268 790 in
1287 725 1400 803 Sympo-
1442 726 1443 772 l

180 830 222 888 sio
239 825 429 907 exprimitur,
450 823 500 882 ubi
529 843 619 882 sermo
642 820 784 882 Dictimae
808 820 844 885 de
862 821 963 901 pulcro
980 837 1009 882 et
1026 844 1139 898 amore,
1165 847 1224 904 quo
1244 832 1400 905 progressus
1442 789 1443 862 l

184 921 357 986 describitur
376 921 464 980 animi
489 921 554 980 ad
546 940 641 1000 ipsum
664 917 895 998 cognoscendum
913 920 1143 1001 intuendumque
1162 923 1315 1004 pulcrum,
1336 933 1401 979 totus
1442 953 1443 990 q

185 1022 237 1082 ille
255 1041 345 1080 sermo
365 1020 442 1078 viam
462 1019 590 1097 sequitur
611 1031 639 1078 et
658 1017 798 1078 rationem
822 1018 1030 1096 mysterioimum
1072 1023 1143 1082 Nam
1163 1021 1319 1101 expositis,
1339 1037 1400 1095 quac
1442 1001 1443 1020 ¹

187 1120 310 1201 primum
334 1131 401 1176 sunt
432 1116 575 1197 agenda
567 1138 599 1176 ιιι
624 1115 722 1196 parvis
746 1115 827 1193 quasi
852 1116 1012 1194 mysteriis,
1032 1117 1071 1178 ad
1089 1119 1193 1195 majora
1218 1119 1357 1197 deinceps
1379 1127 1401 1170 et

187 1211 224 1278 ιιι
252 1207 391 1277 inuret
416 1165 554 1297 prlicedit
576 1212 608 1294 2)

230 1318 316 1380 Abest
336 1318 422 1397 igitur
441 1314 577 1385 multum,
600 1325 631 1370 ut
658 1310 790 1370 doctrina
810 1311 847 1370 sit
869 1311 1009 1389 quaedam
1035 1311 1289 1394 philosophicam
1315 1313 1401 1370 scieu-

189 1421 246 1493 tia,
280 1437 365 1496 quam
393 1413 458 1493 quis
480 1410 596 1470 ediscat.
643 1410 748 1468 Totum
775 1423 929 1469 commutat
948 1410 1110 1485 hominem,
1136 1412 1282 1472 convertit
1309 1429 1400 1468 crima

191 1517 275 1576 rebus
294 1513 413 1593 abjectis
433 1508 647 1570 ctihumilihus
662 1505 700 1566 ad
720 1506 855 1566 sublimia
881 1510 996 1584 omnia,
1022 1507 1134 1583 efficit,
1153 1524 1185 1570 ut
1199 1509 1334 1568 initietur
1352 1525 1401 1584 my·

191 1613 284 1676 steriis
301 1611 429 1670 omnium
447 1607 596 1680 maximis,
615 1620 643 1664 et
653 1651 660 1679 ,
686 1607 736 1683 qui
765 1607 963 1684 mysteriorum
983 1621 1024 1670 est
1043 1608 1175 1682 effectus,
1196 1627 1303 1668 novum
1322 1603 1401 1664 veluti

193 1711 281 1772 vitam
300 1707 487 1789 ingrediatur.
509 1706 587 1764 Haec
606 1717 666 1777 est,
680 1723 766 1782 quam
781 1703 861 1762 Plato
876 1704 1073 1783 significavit,
1090 1707 1299 1782 philosophia,
1315 1721 1401 1782 quam·

192 1829 247 1888 que
264 1829 330 1867 vere
347 1803 469 1868 vocabat
486 1799 541 1884 τήν
561 1798 649 1862 θείαν
671 1797 854 1881 φιλοσοφίαν.
876 1800 907 1882 3)

234 1906 289 1964 Hic
308 1905 386 1964 dicat
404 1905 520 1964 sortasse
548 1904 668 1983 aliquis:
685 1911 766 1976 esto,
785 1902 842 1962 alia
870 1915 910 1960 est
929 1900 998 1960 baec
1025 1899 1226 1981 philosophia,
1245 1900 1303 1963 alia
1314 1945 1322 1973 ,
1342 1916 1403 1976 quac

195 2005 280 2083 vulgo
298 2003 422 2077 dicitur3
445 2016 473 2061 et
499 2001 594 2082 placet
622 2001 743 2060 mirifice
771 2000 900 2060 studium
925 1998 1003 2058 illud
1031 1999 1240 2077 cognoscendi,
1261 1997 1340 2078 quod
1364 2015 1403 2052 na·

196 2101 257 2162 cura
276 2099 391 2160 videtur
408 2099 606 2181 philosophiae
625 2101 741 2182 privum
761 2119 821 2158 esse
843 2112 872 2156 ct
899 2098 1065 2180 proprium,
1086 2097 1136 2156 sed
1159 2097 1319 2178 displicent
1341 2096 1404 2152 inu-
1446 2069 1447 2122 l

172 2265 174 2268 ,
195 2201 291 2279 gines‚
312 2197 469 2278 displicent
487 2198 606 2276 mystica
624 2197 695 2256 illa:
716 2211 784 2256 sunt
794 2243 803 2271 ,
822 2196 907 2256 credo
917 2241 925 2268 ,
946 2216 1082 2278 perquam
1102 2194 1256 2268 sublimia,
1279 2192 1330 2254 sed
1344 2193 1403 2250 inu-

195 2297 258 2356 tilia
288 2309 373 2368 sum,
401 2309 432 2353 ut
459 2297 644 2374 mysticorum
672 2294 821 2356 bominum
849 2295 968 2354 somnia.
1001 2331 1032 2342 «-
1060 2293 1097 2351 Et
1119 2294 1159 2351 sic
1188 2293 1306 2370 quidem
1331 2287 1403 2349 multi

196 2394 413 2466 existimarunt,
434 2394 484 2472 qui
512 2392 592 2452 haud
616 2391 828 2472 distinguerent
853 2390 980 2450 Platonis
1007 2389 1219 2471 philosophiam
1242 2413 1259 2450 a
1287 2387 1403 2471 pbiloso
1447 2449 1448 2456 q

196 2492 265 2572 phia
283 2489 560 2570 Neoplatonicorum.
593 2493 703 2553 Horum
730 2492 836 2570 scripta
865 2488 1107 2568 diligenter-sane
1125 2489 1260 2550 omnibus
1279 2501 1345 2547 sunt
1358 2499 1403 2542 tra·
1447 2497 1448 2504 ’

196 2587 319 2662 ctanda,
348 2588 397 2665 qui
417 2608 531 2668 operam
550 2610 655 2649 navare
674 2588 802 2649 Platonis
821 2601 848 2646 et
876 2587 990 2666 scriptis
1014 2600 1041 2646 et
1067 2586 1181 2666 placitis
1209 2587 1341 2667 cupiunt.
1380 2576 1405 2656 ι)

197 2685 254 2745 Sed
274 2705 381 2759 summa
400 2685 468 2744 huic
487 2687 528 2744 rei
547 2687 701 2765 prudentia
720 2685 889 2745 adhibenda
906 2698 957 2744 est.
999 2685 1071 2747 Nam
1097 2684 1348 2745 accommodatum
1366 2676 1405 2739 illi

197 2785 344 2844 Platonem
362 2783 399 2842 ad
422 2804 502 2843 suam
528 2784 674 2846 sentiendi
700 2783 901 2866 cogitandique
919 2782 1075 2856 rationem,
1095 2803 1152 2860 quo
1173 2781 1205 2846 fit
1215 2828 1224 2857 ‚
1246 2796 1279 2842 ut
1289 2828 1297 2857 ,
1313 2780 1362 2858 qui
1375 2794 1404 2834 cx

199 2883 316 2943 illorum
335 2877 448 2962 scriptis
467 2881 644 2942 Platonicam
664 2882 774 2959 assequi
801 2879 1014 2961 philosophiam
1034 2880 1186 2954 studeant,
1207 2880 1361 2948 nebulam,
1381 2885 1405 2930 ¹1²

199 2982 299 3061 ajunt,
320 2979 503 3060 paulumne
521 2979 739 3058 amplectantur.
781 2979 870 3038 Nobis
896 2992 989 3037 autem
1018 2977 1050 3039 id
1070 2999 1160 3038 unum
1178 2993 1220 3046 est
1239 2977 1405 3060 propositum

189 3079 230 3153 Ιιιι
250 3076 500 3156 disquisitionibus
520 3075 615 3148 hisce,
637 3091 668 3136 ut
693 3077 870 3136 Platonicam
894 3078 1054 3151 rationem,
1074 3077 1168 3155 quoad
1187 3079 1249 3153 eius
1267 3076 1328 3137 sieri
1348 3091 1405 3153 pos·

165 3174 167 3177 ’
199 3177 253 3249 sit,
274 3196 375 3254 puram
400 3175 595 3252 sinceramque
619 3175 775 3236 lectoribus
797 3196 998 3255 proponamus,
1040 3174 1124 3248 Quod
1154 3175 1241 3253 igitur
1260 3171 1405 3254 reprehen-

200 3273 275 3331 dunt
294 3272 412 3350 quidam
430 3273 653 3351 comparationes
676 3272 876 3353 philosophiae
893 3285 929 3331 'et
951 3273 1106 3352 imagines,
1127 3294 1196 3350 quas
1215 3286 1406 3335 commemora-

201 3371 293 3428 vimus
304 3415 313 3442 ,
333 3371 467 3450 mysticae
484 3384 551 3430 sunt
572 3370 640 3428 illae
658 3371 736 3452 apud
756 3371 975 3452 Neoplatonicos
986 3415 994 3445 ‚
1016 3370 1067 3432 sed
1086 3369 1162 3450 apud
1182 3369 1329 3436 Platonem
1349 3373 1405 3422 sunl

198 3475 347 3544 poeticae,
376 3482 406 3526 ut
434 3469 495 3548 ipsa
522 3469 681 3546 antiquitus
710 3469 788 3549 apud
821 3469 943 3528 Graecos
971 3470 1104 3548 mysteria
1131 3475 1244 3549 poeseos
1272 3463 1406 3529 habebant
1448 3487 1449 3490 ¹

198 3567 319 3646 gratiam
339 3580 366 3624 ct
385 3551 599 3626 sublimitatem.
642 3569 699 3628 Nec
724 3589 791 3626 vero
816 3567 915 3641 Plato,
937 3581 968 3626 ut
992 3566 1039 3626 illi
1061 3567 1209 3639 fecerunt,
1231 3587 1275 3624 res
1301 3563 1406 3625 divinat

201 3677 228 3720 et
246 3663 385 3722 humanas
404 3677 506 3722 temere
527 3664 661 3723 confudit
680 3680 707 3724 et
724 3667 918 3724 commiscuit:
941 3687 996 3743 quo
1015 3666 1121 3724 iactum
1141 3679 1254 3745 postea,
1276 3677 1308 3721 ut
1327 3654 1406 3734 uegll·

202 3775 334 3838 gerentur
354 3761 440 3842 plane
460 3763 610 3820 humanae.
653 3761 865 3844 Philosophiam
886 3765 927 3823 uti
953 3765 1084 3838 vocavit,
1106 3763 1144 3822 ita
1163 3763 1247 3820 ctiam
1272 3753 1404 3820 excoluit,

223 3966 370 4031 ,1)Ρ1ιιιιι1
388 3969 429 4020 69.
449 3969 478 4021 C.

233 4052 307 4118 2)V.
325 4055 407 4106 Praei.
423 4056 455 4106 ed
474 4055 557 4107 Alcib.
576 4073 602 4123 p.
623 4057 646 4107 5.
662 4056 686 4108 9.
704 4057 747 4109 61
760 4059 845 4110 oran.
865 4005 956 4125 Preep
976 4057 1009 4109 ad
1031 4057 1097 4110 Plot.
1117 4057 1149 4109 de
1168 4058 1248 4125 pulcr.
1268 4051 1339 4108 cvn.
1354 4041 1407 4098 CXl

204 4142 320 4207 Wylteab.
335 4140 367 4191 ed
386 4139 482 4191 Pbaed
501 4159 526 4208 p
547 4140 602 4192 134.
623 4159 677 4210 sqq.
714 4145 751 4194 De
768 4143 899 4195 Gelderad
919 4144 1017 4196 '.lheon
1036 4145 1134 4210 Smyrn.
1153 4161 1178 4212 p.
1198 4141 1254 4194 123.

230 4223 256 4289 3)
271 4227 379 4276 Pbuedr.
393 4223 451 4276 239.
466 4225 495 4276 B.

234 4309 262 4373 t)
279 4311 401 4363 Probavit
424 4311 474 4362 boc
494 4313 601 4381 egregie
623 4313 796 4366 Oreuzerus'
789 4331 814 4366 ιιι
830 4331 919 4383 praep.
936 4324 962 4367 et
976 4324 1062 4367 annot.
1078 4316 1111 4372 ad
1126 4315 1182 4366 libr.
1201 4313 1294 4365 Plotini
1309 4309 1340 4359 dc
1356 4298 1406 4370 pul·

200 4399 271 4450 crit.:
289 4398 368 4465 idque
383 4404 434 4447 tum
450 4398 558 4448 maxine
573 4399 686 4464 patebit,
702 4401 804 4467 qinndo
820 4401 931 4453 ediderit
944 4403 985 4452 vir
999 4417 1110 4453 summus
1125 4402 1256 4452 historiam
1271 4389 1406 4448 Platonicae

202 4481 585 4571 philosophiaexrecentiorem‚
600 4484 672 4548 ιιιιιι
686 4485 761 4540 nobie
774 4503 847 4554 spem
863 4487 925 4538 iecit
936 4487 993 4538 ine
1006 4488 1069 4538 reu.
1082 4495 1105 4538 et
1118 4485 1267 4538 Plectl’lut.
1276 4481 1322 4534 111.
1332 4467 1404 4527 Pstis·
