2908 5114
701 212 760 270 att

110 389 141 435 ut
162 374 280 455 vigeant
299 387 398 432 auctor
416 387 476 444 est,
497 373 537 432 ita
557 375 589 434 in
608 369 709 456 νοητῷ
725 373 836 433 mundo
855 371 926 432 boni
947 371 1043 432 ideam
1063 371 1196 444 efficere,
1225 385 1256 430 ut
1282 372 1341 430 sint

110 474 208 558 omnia
218 518 227 547 ,
245 487 278 531 ut
298 467 400 532 οόσιάν
419 470 564 530 habeant:
586 475 699 553 poetica
717 473 787 532 haee
799 485 868 531 suut
880 483 970 549 atque
988 491 1024 530 ex
1036 469 1343 550 ardente‚quoflagra-

109 570 160 631 bat
177 570 379 653 philosophus,
397 571 460 633 veri
476 569 604 648 b'ouique
622 592 717 630 amoro
734 570 881 651 profecta,
916 583 1107 629 veruntamen
1137 567 1217 628 abest
1243 566 1343 646 longe,

111 681 143 726 ut
162 669 264 748 pulcra
282 671 402 750 quidem
422 682 450 728 et
470 666 604 746 elegans,
623 669 674 728 sed
690 669 788 729 inanis
806 667 844 726 sit
861 667 1014 727 sententia.
1057 667 1087 725 Si
1108 686 1209 727 verum
1225 665 1344 724 uuiver-

110 766 149 824 sis
166 765 240 825 ideis
259 789 411 827 commune
430 780 472 827 est
490 779 518 824 et
536 767 576 825 sic
595 767 713 846 quidem
742 765 866 846 singulis
895 757 982 844 φύσει
1012 765 1180 846 proprium,
1212 776 1263 837 ut,
1291 763 1344 821 hoc

112 861 225 937 demto,
247 865 326 945 ipsae
344 878 534 925 evanescant:
557 866 581 922 si
601 866 754 925 continent
772 883 873 922 verum
890 865 973 926 ideae
991 865 1112 942 verique
1129 862 1194 920 luce
1208 859 1346 920 muudum

113 954 218 1040 νοητόν
238 962 407 1038 illustrant;
425 982 525 1022 verum
544 977 641 1022 autem
659 962 704 1021 nil
721 960 804 1020 aliud
824 975 884 1036 est,
905 963 963 1022 nisi
984 962 1063 1042 quod
1083 970 1148 1019 eat:
1178 958 1282 1037 quidni
1302 979 1347 1017 eas

112 1060 261 1136 dicemus,
291 1062 324 1119 in
353 1060 456 1140 primis
485 1080 624 1119 summam
648 1060 797 1132 omnium,
818 1049 876 1140 την
896 1059 951 1122 τοῦ
972 1054 1095 1140 α’γαθοῦ
1117 1049 1214 1132 ide'nv,
1235 1056 1268 1117 id
1296 1057 1346 1114 im·

113 1160 216 1238 pertiri
233 1157 337 1233 nobis,
360 1171 391 1216 ut
410 1157 500 1216 sint?
531 1159 641 1232 Quodsi
662 1171 808 1238 praeterea
828 1160 883 1220 hoc
909 1176 1060 1237 tenemus,
1087 1180 1131 1219 res
1160 1177 1259 1216 omnes
1287 1155 1347 1212 sive

112 1257 228 1338 pulcras
246 1257 308 1317 sive
323 1258 437 1334 justas,
459 1270 490 1315 ut
508 1257 609 1316 statuit
626 1256 776 1332 Socrates,
798 1259 855 1318 nisi
876 1261 966 1318 lonae
984 1260 1063 1332 sint,
1092 1255 1209 1316 nullam
1236 1272 1347 1332 anagno-

111 1373 181 1434 pere
200 1354 286 1414 nobis
313 1352 467 1440 utilitatem
496 1354 651 1433 praebere,
681 1353 786 1432 quidni
809 1357 877 1416 item
898 1357 935 1416 de
956 1357 1058 1416 eadem
1079 1355 1131 1414 illa
1153 1350 1210 1414 roci
1230 1346 1349 1431 α’γοθοῦ

111 1445 180 1536 lde-‘p
200 1452 346 1524 dicamus,
367 1450 436 1508 solis
456 1449 538 1509 illam
559 1453 651 1510 instar
671 1471 736 1509 eum
758 1454 877 1512 caeteris
897 1453 972 1514 ideis
993 1455 1092 1513 lumen
1114 1453 1350 1527 affundere,tum

111 1552 247 1612 omnibus
268 1549 388 1608 omnino
409 1545 495 1606 rebus
516 1570 576 1608 non
596 1549 689 1607 solum
712 1563 742 1607 ut
764 1557 846 1624 sint,
868 1550 919 1610 sed
942 1566 974 1611 ut
1003 1561 1179 1633 augeantur
1208 1552 1239 1610 in
1269 1571 1350 1609 usum

112 1647 242 1710 nostrum
253 1693 262 1721 ,
284 1661 316 1705 ut
336 1655 493 1719 croccant,
517 1661 549 1705 ut
569 1655 711 1728 vigeant,
743 1668 856 1706 caussas
877 1651 960 1708 esse?
993 1650 1074 1708 Talis
1104 1650 1193 1729 igitur
1222 1649 1351 1710 Platonis

112 1762 173 1820 est,
204 1746 302 1804 etsie
334 1742 451 1802 videtur
480 1745 655 1826 explicanda
687 1744 724 1802 de
755 1748 854 1804 bono
881 1747 1043 1806 sententia:
1065 1749 1149 1824 cujus
1170 1746 1252 1806 ideae
1274 1745 1351 1825 quod

112 1843 207 1918 nobis,
227 1833 490 1921 tanquamw‘uovg,
520 1842 636 1902 effectius
667 1842 808 1916 tradidit,
837 1843 929 1923 ipsam
956 1865 1024 1904 vero
1053 1844 1167 1904 tradere
1188 1865 1247 1902 non
1268 1865 1353 1904 ausus

113 1956 176 2016 est,
196 1941 373 1999 admiramur
392 1943 425 2001 in
445 1963 478 2001 eo
507 1940 675 2023 philosophi
702 1940 944 2018 verecundiamg
965 1941 1069 2002 sedeo
1096 1942 1194 2001 minus
1220 1945 1355 2001 commit-

112 2037 235 2101 tendum
253 2059 312 2098 esse
332 2037 418 2098 nobis
436 2060 604 2112 censemus,
631 2053 663 2097 ut
682 2058 823 2096 summum
845 2038 922 2098 illud
951 2041 985 2099 in
1014 2040 1126 2100 mundo
1150 2038 1264 2123 νοητῷ,
1293 2044 1353 2102 acsi
1443 2087 1448 2100 .

112 2140 168 2219 ipsi
196 2149 378 2211 teneremus,
409 2139 532 2197 interius
550 2137 654 2210 etiam,
675 2155 762 2214 quam
790 2135 884 2195 voluit
905 2136 1004 2211 Plato,
1031 2138 1180 2217 inquirere
1200 2161 1354 2216 conemur,

114 2237 178 2316 lpse
197 2235 309 2293 scilicet
329 2233 366 2292 de
384 2255 436 2309 eo,
458 2255 515 2312 quo
536 2234 621 2294 nobis
641 2234 733 2310 majus
752 2232 942 2311 diviniusque
960 2249 1127 2314 appareret,
1146 2251 1240 2296 tacere
1250 2259 1356 2316 ,quam

116 2353 217 2414 parum
235 2330 332 2389 dicere
351 2330 465 2390 maluit.

156 2432 267 2488 Tantae
288 2449 348 2486 non
367 2442 436 2486 sunt
455 2430 584 2508 profecto
609 2428 817 2502 sublimitatis,
837 2449 910 2506 quae
929 2421 994 2509 post
1015 2431 1163 2492 Platonem
1178 2433 1358 2514 philosophi,

116 2527 262 2587 Socratica
281 2525 334 2585 illa
355 2539 383 2584 et
404 2525 551 2584 Platonica
570 2527 713 2606 persecuti
723 2570 731 2600 ,
753 2525 792 2585 de
810 2529 1030 2603 summobono,
1050 2530 1131 2605 sive,
1154 2547 1186 2591 ut
1203 2532 1358 2606 vocabant,

117 2627 279 2703 dafinibua
297 2626 440 2685 bonorum
459 2633 489 2681 et
509 2625 658 2682 mulorum
678 2621 881 2703 prodiderunt.
924 2624 1053 2697 Quorum
1072 2630 1230 2688 sententias
1255 2631 1359 2690 Cicero

119 2724 277 2802 diligenter
296 2720 480 2799 disertoque,
501 2741 554 2780 nec
573 2735 669 2780 tamen
690 2719 856 2778 Platonicae
875 2719 963 2797 hujus
989 2721 1216 2804 disputationis,
1246 2742 1278 2787 ut
1307 2732 1360 2788 vi-

119 2821 223 2894 detur,
245 2837 352 2876 memor
370 2820 513 2899 exposuit.
556 2820 627 2878 Nam
649 2817 727 2876 idem
749 2817 781 2874 iu
800 2815 879 2874 hisce
899 2817 1068 2894 Platonem,
1089 2823 1168 2900 quod
1193 2824 1303 2886 Stoicos
1330 2843 1360 2887 et

118 2920 275 2999 Epicureos
295 2929 408 2996 postea,
430 2919 590 2997 spectasse,
611 2937 648 2976 ex
665 2915 769 2974 iisd-em
793 2914 854 2972 illis
872 2913 996 2975 Socratis
1016 2919 1096 2997 apud
1121 2942 1186 2980 eum
1214 2927 1360 2984 mimoni-

119 3018 173 3076 bus
198 3028 286 3096 patet.
333 3014 422 3074 «Hoc
451 3029 566 3090 autem,
595 3014 711 3093 inquit,
740 3012 848 3071 novisti
877 3033 963 3087 sane,
993 3015 1163 3094 vulgaribus
1189 3020 1360 3082 hominibus

117 3119 223 3174 bonum
244 3106 293 3192 q‘d
300 3103 367 3190 ονῆ
375 3136 409 3189 ν,
434 3115 660 3196 elegantioribus
687 3104 885 3191 φρόνησιν
904 3110 1001 3170 videri
1022 3133 1092 3173 esse.
1111 3142 1145 3153 -
1175 3117 1356 3191 Quidni?—

118 3215 193 3272 Tum
213 3215 299 3272 etiam
318 3214 420 3289 hosce,
441 3215 491 3293 qui
513 3215 554 3274 sic
575 3214 743 3273 existimant
763 3212 800 3271 de
819 3232 853 3271 eo
864 3257 872 3286 ,
893 3208 1043 3269 declarare
1065 3233 1124 3270 non
1153 3235 1252 3294 posse,
1282 3237 1361 3295 quae

88 3314 90 3318 ’
118 3315 155 3372 sit
181 3304 338 3390 φρόνησις,
350 3311 401 3371 sed
422 3313 485 3392 cogi
504 3311 621 3370 tandem
641 3312 746 3385 fateri,
767 3309 822 3370 τοῦ
844 3304 966 3389 ἀγαθοῦ
998 3302 1146 3390 φρόνησιν
1176 3333 1245 3374 esse.
1265 3341 1299 3352 -·
1321 3317 1362 3376 Et

115 3431 254 3491 perquam
272 3433 340 3472 sane
360 3410 541 3470 ridicule-
561 3409 675 3485 Quidni
698 3433 767 3471 vero
786 3411 937 3470 ridicule?
959 3430 1049 3487 quum
1067 3413 1265 3494 vituperantes
1285 3436 1361 3489 nos,

104 3508 197 3587 quod
218 3510 383 3589 ignoremus
402 3511 507 3567 bonum
518 3554 526 3582 ,
546 3508 582 3568 de
604 3511 674 3567 luno
696 3531 795 3568 rursus
807 3508 985 3580 nobiscum,
1017 3522 1155 3588 tanquam
1186 3510 1362 3592 intelligen-

118 3605 197 3665 tibus
214 3607 311 3683 illud,
334 3608 517 3686 loquantur?
535 3608 628 3684 Ajunt
643 3608 722 3666 enim
743 3610 928 3680 bonumesse
950 3599 1096 3686 φρόνησιν
1117 3603 1254 3688 drudoni:
1275 3613 1362 3689 quasi

120 3706 305 3780 noverimus,
335 3705 407 3785 quid
434 3705 490 3784 ipsi
516 3703 618 3762 dicant
645 3726 711 3763 cum
739 3702 793 3764 τοῦ
820 3698 939 3783 ἀγαθον
972 3728 1076 3767 nomen
1105 3709 1363 3790 pronunciant.-

120 3799 198 3857 Vera
216 3800 396 3880 loqueris...
417 3800 497 3876 Quid
524 3803 620 3862 vero?
651 3805 701 3882 qui
723 3809 829 3864 bonum
850 3792 964 3884 ἡδονήν
985 3823 1044 3864 esse
1073 3805 1240 3882 definiunt,
1270 3828 1362 3866 uum-

30 3972 34 3983 (
119 3896 192 3976 quid
212 3899 308 3958 minus
318 3945 328 3974 ,
348 3920 434 3978 quam
453 3899 520 3973 illi,
542 3903 665 3960 errant?
688 3923 787 3962 nonne
806 3918 834 3962 et
852 3905 884 3963 hi
897 3917 1047 3984 coguntur
1065 3903 1170 3978 fateri,
1190 3905 1363 3980 voluptates

119 4015 179 4053 esse
194 3997 308 4056 malas?
319 4025 353 4036 -
374 4000 523 4076 Coguntur
540 4017 709 4076 prorsus-
730 4000 839 4061 Evenit
855 4002 912 4077 iis,
933 3999 1040 4074 credo,
1061 4013 1094 4058 ut
1111 4000 1214 4059 eadem
1233 4014 1262 4058 et
1280 4001 1362 4061 bona

117 4104 146 4150 et
164 4093 239 4152 mala
258 4116 317 4154 esse
337 4096 502 4154 fateantur:
526 4099 694 4190 nounelj·
715 4097 853 4176 Quidni?
866 4141 897 4148 -
918 4098 1039 4178 Magnas
1060 4096 1149 4177 igitur
1169 4097 1206 4156 de
1225 4098 1262 4156 iis
1279 4099 1363 4157 mul-

118 4201 216 4268 tasque
235 4194 445 4253 controversias
462 4212 540 4272 esse,
561 4197 696 4253 constat?
709 4227 739 4235 —
763 4197 908 4256 Constat.»
937 4194 967 4274 1)

155 4383 179 4454 r>
199 4386 236 4434 oe
249 4386 309 4450 nep.
329 4385 370 4434 vr.
391 4383 448 4434 sos.
469 4382 497 4433 Β,
517 4383 545 4434 o.
