2950 5134
669 289 705 348 21

89 455 185 512 sitatem
205 451 350 530 quandam
360 497 368 526 ,
394 452 448 532 ipsi
469 451 586 530 quidem
606 451 708 510 naturl
733 473 792 512 non
817 455 983 534 propriam,
1010 453 1060 514 sed
1085 470 1163 535 quae'
1177 455 1302 518 efficeret
1319 491 1324 500 ·

88 582 184 642 umen,
204 581 234 626 ut
254 566 384 656 acerbius
403 564 528 626 subinde
547 568 580 636 iu
596 567 672 626 viros
687 567 773 626 etiam
789 567 976 628 inveheretur
991 591 1049 628 non
1065 573 1301 634 contemnendos.

88 683 168 741 Homo
184 695 259 755 erat,
279 701 364 760 quem
381 683 503 740 amicum
517 681 678 756 coluimus,
694 682 832 741 Crcuzere
841 727 849 758 ,
865 703 925 742 non
936 685 1061 765 perlecta
1082 699 1194 746 natura.
1217 688 1302 762 Quod

88 811 169 856 autem
185 797 316 874 antiquos
334 795 510 876 loquuntur,
531 817 602 876 quos
626 797 733 856 imitari
757 796 903 856 debuisset
921 797 1185 878 Wyttenbacbius,
1210 803 1303 862 imita·

88 928 126 972 tus
141 925 179 972 est
196 911 362 974 Ciceronem
388 930 471 972 suum
481 958 489 988 ,
511 925 542 972 ut
563 911 648 996 modo
674 913 848 986 memoravi,
869 913 920 990 qui
939 912 1025 978 nulla
1041 934 1101 972 non
1129 919 1303 996 opportuni-

88 1039 137 1084 tate
152 1025 182 1083 in
199 1023 349 1085 Graeciam
368 1027 538 1090 excurrebat
560 1039 589 1085 ct
611 1027 719 1111 vivere,
730 1025 787 1086 sihi
807 1026 930 1086 maxime
944 1025 1008 1087 tum
1026 1025 1303 1110 videbatur,'quum

88 1142 196 1200 maxime
221 1161 250 1201 se
269 1142 455 1202 transtulerat
479 1144 512 1206 in
532 1140 656 1202 Socratis
674 1156 702 1201 et
720 1139 848 1199 Platonis
869 1153 1006 1222 tempora.
1047 1141 1095 1200 Sic
1115 1146 1216 1224 optimi
1234 1148 1302 1226 qui-

87 1277 134 1334 que
149 1259 339 1317 Romanorum
366 1255 474 1316 literati
501 1271 529 1316 ct
552 1239 734 1337 philosophi,
754 1255 801 1314 illi
827 1256 964 1332 omnino,
984 1257 1035 1335 qui
1053 1257 1146 1317 literis
1172 1259 1304 1321 colendis
1365 1309 1366 1314 ,

30 1429 31 1456 3
88 1385 111 1429 et
129 1372 232 1451 patriae
257 1385 285 1430 et
303 1372 423 1453 posteris
441 1387 469 1431 et
484 1372 568 1434 uobis
585 1371 671 1432 etiam
688 1370 834 1452 praeclare
849 1371 1065 1434 consuluerunt.
1096 1371 1153 1433 Sed
1173 1377 1304 1453 quamvis

30 1493 31 1496 ’
87 1455 397 1566 Wyttenbachius'non
411 1488 437 1546 is
452 1500 522 1548 esset
537 1487 600 1548 sive
613 1487 717 1546 natura
731 1487 793 1548 sive
807 1487 885 1548 vitae
905 1487 1134 1569 consuetudine,
1150 1501 1182 1548 ut
1200 1488 1305 1550 lubens

87 1602 114 1658 in
126 1600 238 1661 circulis
248 1616 284 1660 set
303 1602 445 1663 conviviis
463 1601 547 1662 horas
563 1622 627 1660 suas
639 1603 828 1682 transigeret,
849 1601 900 1661 sed
918 1581 1017 1662 mallet
1030 1603 1078 1665 vel
1093 1602 1171 1664 domi
1183 1605 1230 1666 vel
1241 1607 1302 1665 ruri
1323 1635 1327 1642 ·

86 1714 223 1794 degustare
232 1717 345 1796 antiqui
361 1717 532 1778 suavitatem
541 1718 624 1792 aevi,
645 1716 724 1777 haud
738 1731 835 1812 umen
853 1716 910 1777 sibi
925 1717 1044 1778 vivebat
1057 1719 1121 1778 soli.
1152 1720 1305 1800 Hospites,
1385 1763 1388 1780 .

86 1829 230 1906 confiteor,
246 1852 306 1892 nou
325 1851 423 1893 omnes
437 1832 463 1890 ei
478 1832 551 1911 grati
566 1845 649 1892 crant
662 1845 691 1891 et
709 1834 837 1914 accepti:
857 1851 947 1892 vanos
966 1832 1096 1896 homines
1111 1847 1139 1892 et
1156 1847 1288 1896 ventosas
1296 1881 1305 1913 ,

87 1946 180 2024 quique
193 1944 249 2005 hac
264 1968 323 2006 una
340 1946 377 2005 de
396 1967 493 2006 caussa
507 1946 659 2021 renuent,
679 1962 711 2007 ut
731 1948 786 2028 ipsi
806 1946 1053 2022 demonstrarent,
1074 1949 1176 2026 quanti
1195 1947 1306 2008 scilicet
1388 1943 1391 1954 '

31 2123 32 2130 χ
88 2074 168 2120 essem
186 2061 264 2136 viri,
284 2060 337 2120 hos
354 2061 395 2119 ita
414 2080 474 2120 non
492 2075 603 2141 poterat
626 2061 701 2120 ferre
711 2107 720 2136 ,
742 2075 775 2120 ut
801 2083 867 2136 eos,
891 2061 915 2120 si
935 2061 1081 2136 licuisset,
1102 2060 1224 2121 aedibus
1244 2065 1305 2124 suis

30 2179 32 2202 ³
88 2173 241 2235 exclusisset
256 2176 291 2236 in
309 2187 488 2256 perpetuum.
510 2177 567 2237 Sed
584 2191 723 2257 quotquot
743 2197 808 2236 cum
823 2175 937 2255 judicio
952 2191 980 2235 et
994 2197 1089 2236 rerum
1105 2177 1226 2235 scientia
1246 2197 1303 2237 mo·

91 2287 194 2348 destiam
212 2291 347 2351 afferrent
366 2305 394 2350 et
410 2278 638 2366 humanitatem,
659 2291 712 2350 hos
725 2291 787 2372 ipse
806 2305 835 2350 et
856 2291 1074 2371 perhumaniter
1094 2292 1258 2372 excipiebat
1276 2307 1305 2352 ct

88 2405 173 2480 juvare
190 2407 272 2466 omni
292 2403 451 2466 officiorum
470 2426 573 2487 genere
591 2403 733 2465 studebat.
770 2405 884 2464 Amicos
898 2403 1003 2464 habuit
1021 2425 1143 2486 paucos:
1164 2407 1222 2466 nisi
1240 2408 1307 2486 quis

30 2549 32 2568 ι
90 2519 133 2580 hoc
151 2524 267 2584 nomine
290 2522 368 2582 dicat
391 2523 516 2582 fautores
526 2567 534 2597 ,
554 2521 759 2596 admiratores,
780 2520 923 2594 cultores,
945 2519 1096 2581 ueletiam
1115 2522 1222 2600 quibus
1241 2524 1302 2602 ipse

91 2634 151 2695 bene
168 2636 259 2696 vellet
279 2649 307 2695 ct
323 2603 456 2716 prodesse
479 2636 623 2696 studeret:
644 2636 701 2696 hos*
720 2633 845 2695 babebat
863 2655 915 2715 per
933 2649 1021 2694 totam
1040 2636 1185 2716 Europam
1205 2658 1304 2696 nume·

91 2771 116 2809 ro
132 2752 214 2812 lerme
232 2750 382 2810 infinitos<
413 2751 463 2810 sed
490 2773 560 2830 quos
579 2759 689 2809 amicos
708 2751 829 2813 vocabat
846 2770 927 2824 suos,
948 2752 1113 2830 praesertim
1132 2751 1307 2830 quibuscum

89 2866 213 2940 juvenilis
235 2887 302 2924 eum
321 2879 415 2939 aetas,
437 2887 495 2925 una
519 2865 571 2924 illa
580 2867 714 2929 maxime
738 2865 776 2924 ad
798 2863 1025 2924 contrahendam
1045 2865 1201 2926 amicitiam
1221 2881 1306 2948 apta,

91 2983 285 3058 conjrmxerat,
299 2980 401 3061 borum
419 2981 574 3040 amicitiam
594 2994 622 3039 et
640 2995 737 3040 sancte
754 2978 844 3038 coluit
863 2992 891 3037 et
910 2993 1073 3038 constanter
1090 2980 1128 3040 ad
1147 2994 1307 3040 extremum

92 3094 154 3154 vitae
171 3096 269 3156 linem.
299 3096 336 3155 In
354 3095 459 3174 quibus
477 3094 612 3154 censebat
629 3109 658 3154 et
677 3095 748 3157 alios
767 3108 795 3153 et
813 3092 967 3154 Boschium
984 3115 1067 3152 suum
1087 3109 1114 3154 et
1133 3097 1305 3155 Parisienses

93 3211 180 3270 amicos
208 3210 423 3284 Villoisonum,
454 3209 706 3286 Sanctocrucium,
735 3208 924 3269 barcherum:
955 3211 1005 3289 qui
1028 3210 1214 3289 quanticum
1234 3211 1307 3270 face-

94 3339 162 3400 rent,
181 3347 266 3406 quam
294 3345 359 3384 eum
385 3326 511 3385 vicissim
540 3323 714 3404 diligerent,
735 3325 796 3404 ipse
820 3343 883 3382 sum
904 3339 1057 3404 expertus,
1078 3345 1167 3403 quum
1190 3327 1310 3404 juvenis

95 3440 208 3500 venirem
233 3441 376 3500 Lutetiam
395 3459 497 3520 eosque
516 3439 677 3500 salutarem.
699 3437 954 3518 Amplectebantur
973 3459 1017 3498 me
1035 3440 1192 3514 continuo,
1212 3461 1308 3518 qnam-

95 3552 130 3610 vis
152 3554 280 3634 ignotum
298 3556 387 3636 ipsis,
415 3569 552 3614 etenum
573 3554 716 3616 vocabant
736 3567 855 3636 sponte,
876 3567 908 3612 ut
927 3552 1104 3634 discipulum
1124 3575 1168 3613 me
1187 3575 1245 3614 csse
1265 3575 1309 3613 co·

95 3684 237 3743 groveraut
261 3670 482 3750 Wyttenbachii
510 3671 564 3730 sui.
605 3669 662 3730 Sed
685 3669 741 3729 tibi
767 3668 839 3749 quid
867 3689 971 3744 narro,
1001 3671 1157 3742 Crantore,
1178 3690 1234 3747 quo
1258 3667 1310 3728 ille

97 3781 219 3843 fueritin
245 3787 351 3846 amicos
370 3788 485 3862 animo,
505 3807 590 3865 quem
610 3786 642 3843 in
670 3783 788 3866 paucis,
809 3805 880 3862 quos
902 3782 1061 3861 diligebat,
1082 3783 1182 3842 amicis
1200 3779 1310 3864 insigni

96 3892 183 3957 habuit
201 3899 288 3961 loco?
309 3902 385 3960 Mihi
401 3915 495 3960 autem
513 3921 579 3960 cum
594 3899 665 3960 alias
678 3900 772 3981 patuit
781 3898 851 3958 haec
871 3899 931 3977 ejus
951 3899 1054 3957 caritas
1071 3897 1104 3956 in
1123 3911 1154 3957 tc
1171 3912 1198 3957 et
1212 3899 1310 3958 amici-

98 4009 145 4084 tia,
162 4015 292 4076 tum‘illo
314 4018 479 4097 praesertim
498 4031 641 4097 tempore,
662 4035 750 4094 quum
772 4029 805 4074 tu
827 4013 883 4095 ipsi
902 4011 1011 4092 collega
1030 4011 1115 4072 datus
1134 4012 1249 4086 dicam,
1270 4035 1307 4072 an

100 4133 228 4189 otmarus?
256 4152 323 4190 mox
350 4114 530 4192 valetudinis
549 4145 663 4190 coactus
691 4131 875 4203 necessitate,
895 4127 1022 4188 reditum
1051 4148 1175 4208 parares·
1191 4126 1309 4188 Heidel-

100 4234 206 4320 ὕψη.
236 4245 293 4305 Sed
320 4246 411 4306 nolim
428 4266 566 4306 renovare
588 4244 717 4306 dolorem
737 4243 888 4317 acerbum,
907 4251 994 4322 quem'
1012 4243 1127 4322 optimis
1145 4241 1307 4320 quibusque

101 4357 206 4418 naimo
223 4361 320 4420 attulit
346 4360 486 4420 discessus
510 4360 561 4422 ille
581 4373 655 4419 tuus.
695 4359 750 4420 Ille
773 4358 891 4438 quidem
915 4351 989 4418 iacis
1019 4351 1133 4418 thart
1156 4377 1187 4434 ys
1213 4358 1310 4442 θυμῷ

102 4467 256 4550 ledimisit,
280 4477 388 4558 quippe
406 4477 443 4536 id
467 4490 567 4557 optans
590 4475 730 4550 maxime,
751 4473 829 4553 quod
853 4474 908 4536 tibi
932 4491 1002 4538 esset
1027 4475 1168 4548 salutare:
1198 4489 1226 4535 et
1252 4497 1304 4534 nos
