2838 5120
723 277 783 340 278

213 445 598 507 characterismus
618 443 885 522 dialecticae
909 440 1180 513 Socraticae,
1200 437 1284 496 Pla·

255 550 444 616 tonicae,
466 541 811 601 Aristotelicas:
835 550 932 619 qaia
950 544 1159 618 propriae
1179 547 1240 598 eet

487 638 1024 698 Platonicaecharacter?

176 839 213 899 Et
231 838 302 898 haec
322 835 460 918 quidem,
488 837 581 918 ipsius
597 835 727 896 Platonis
745 835 864 911 canni,
890 855 956 895 cum
977 832 1015 895 de
1033 833 1179 894 Socratica
1199 829 1359 908 ὤιίειιίιιι,

135 939 183 998 eui
204 936 306 996 debuit
323 935 377 994 ille
395 934 539 1009 multum,
559 950 622 995 tum
640 935 677 994 de
695 935 878 996 Aristotelian
888 979 897 1010 ,
919 935 952 992 in
972 953 1058 1013 quam
1077 933 1139 1012 ipse
1157 931 1219 991 vim
1238 949 1358 1008 magnam

100 1035 259 1110 statuit,
280 1032 381 1115 paullo
401 1033 492 1092 letius
509 1034 643 1114 persequi
658 1033 790 1112 ¹juvabat.
830 1032 1004 1092 Suffecerint
1023 1049 1055 1090 ea
1066 1070 1075 1106 ,
1101 1027 1225 1110 opinor,
1245 1041 1276 1086 ut
1298 1027 1361 1086 Pla·

136 1135 250 1196 tonicae
279 1131 451 1192 dialecticae
480 1131 588 1192 claram
607 1129 818 1211 quodammodo
843 1144 939 1193 mente
970 1129 1118 1190 uodonem
1145 1127 1358 1207 conciperemus.

137 1229 195 1292 Sed
224 1228 371 1290 efficacem
392 1229 468 1288 hanc
486 1250 546 1290 esse
572 1231 697 1290 maxime
725 1229 763 1290 ad
790 1228 955 1290 acuendum
974 1227 1143 1310 ingenium,
1165 1245 1223 1304 quo
1242 1225 1358 1290 acutior,

136 1351 195 1414 quo
210 1321 444 1410 εὑριταώτιρος,
466 1341 500 1388 ιιι
517 1328 667 1403 aitPlate,¹
681 1327 732 1389 liat
747 1327 832 1388 homo
840 1371 849 1403 ,
859 1347 972 1408 qunque
983 1338 1170 1386 convertatur
1179 1323 1268 1402 magis
1277 1335 1356 1380 mente

137 1421 290 1511 animoque
308 1443 385 1490 totus
403 1428 441 1489 ad
462 1428 630 1504 veritatem,
651 1425 684 1487 id
704 1447 802 1504 nunc,
819 1427 853 1486 ni
873 1425 1004 1486 fallimur
1014 1469 1023 1499 ,
1044 1443 1082 1482 ex
1099 1421 1203 1482 mum
1222 1419 1358 1480 methodo-

136 1546 200 1590 rum
219 1529 432 1611 comparatione
458 1523 572 1586 efficere
593 1523 679 1585 nobis
697 1525 775 1586 lieet.
818 1524 932 1600 Quibus
951 1524 984 1582 in
1001 1516 1222 1602 comparandis,
1241 1527 1361 1578 meante

136 1646 153 1689 a
172 1625 318 1690 Socratica
335 1627 450 1688 ratione
467 1623 647 1685 Platonicam
668 1623 862 1704 distinguere,
883 1620 1006 1682 difficile
1033 1618 1181 1698 negotium
1199 1631 1250 1678 est
1300 1617 1363 1676 Nau

139 1726 218 1808 apud
235 1725 385 1785 Platonem
403 1723 533 1804 analysis
550 1723 683 1803 proxime
700 1735 761 1796 est,
783 1736 815 1782 ut
832 1721 1034 1803 exposuimus,
1055 1735 1120 1778 cum
1139 1708 1283 1800 ἐπαγωγῇ
1301 1737 1364 1776 con·

134 1829 237 1904 juncta
248 1867 257 1899 ‚
278 1845 331 1882 nec
355 1821 415 1882 ulla
440 1823 563 1883 estsine
583 1813 724 1901 ἐπαγωγή
743 1821 805 1881 sive
831 1820 950 1883 omnino
969 1817 1143 1892 dialectiea,
1162 1837 1236 1897 qnae
1263 1839 1279 1876 a
1306 1835 1361 1875 ecr-

137 1921 230 1983 nendi
246 1920 449 2001 jungendique
477 1920 575 1984 nnete
598 1936 626 1982 et
656 1933 716 1982 'arte
743 1921 830 2003 plane
857 1919 895 1978 sit
921 1919 1081 1996 sejuncta„
1102 1917 1166 1991 Quo
1193 1913 1319 1988 accidit,
1337 1923 1362 1970 ut

138 2043 191 2103 peu
209 2021 285 2082 hanc
302 2019 445 2080 rationem
465 2041 544 2082 suem
563 2021 693 2086 Socrates
714 2021 747 2081 in
767 2038 879 2078 morum
896 2015 1056 2096 discipline
1079 2026 1122 2074 tot
1141 2033 1175 2073 ac
1191 2025 1275 2072 tanta
1290 2012 1360 2072 inte·

139 2121 225 2180 nent.
267 2105 477 2198 Σνλλογισῐικῆ
499 2132 594 2180 autem
622 2118 804 2192 Aristotelis,
830 2132 962 2196 quaeque
988 2115 1104 2204 proprie
1130 2111 1279 2193 synthesis
1301 2109 1359 2170 dici·

138 2232 205 2294 ter,
224 2220 287 2300 ipsi
312 2221 480 2280 continetur
499 2217 629 2279 Platonis
647 2219 777 2292 ratione,
801 2233 876 2294 quac
901 2213 1006 2295 partina
1034 2224 1145 2272 nonant
1174 2209 1356 2290 ommutuit·

139 2331 169 2377 et
187 2336 256 2376 sane
276 2335 328 2376 nec
357 2316 487 2376 Socrates
517 2313 729 2396 comparando,
749 2335 803 2374 nec
823 2311 971 2372 cernendo
987 2309 1070 2372 Plato
1098 2309 1258 2372 invenisset
1290 2307 1359 2389 quid·

139 2435 246 2494 maur,
264 2415 322 2474 nisi
339 2421 501 2491 janoeicsrt
520 2427 661 2494 uterque,
681 2412 759 2492 quad
778 2411 856 2472 idem
875 2423 917 2472 est
943 2422 1027 2488 atque
1047 2404 1290 2489 ovidoyifrudnr.
1316 2409 1362 2468 Nos

141 2520 212 2572 hero
226 2512 328 2571 harum
338 2511 539 2592 methodorum
552 2532 632 2572 nnnc
647 2513 773 2572 maxima
789 2511 997 2596 characterato
1006 2509 1238 2572 animadvertere
1256 2508 1363 2572 studen-

118 2641 119 2648 ι
139 2625 201 2686 tes,
223 2609 255 2670 id
275 2625 374 2670 notare
394 2611 427 2669 in
446 2610 569 2690 singulis
588 2609 750 2692 oportebit,
770 2627 832 2668 non
849 2605 928 2688 qnod
941 2629 1032 2667 unum
1046 2609 1206 2687 unicuique
1224 2608 1363 2691 proprium

140 2718 200 2784 est,
222 2707 274 2768 sed
290 2731 347 2788 quo
368 2725 429 2768 uno
445 2707 615 2789 praesertim
632 2707 764 2788 ungdmr
773 2753 782 2783 ,
803 2707 936 2787 quamtis
963 2706 1054 2767 multa
1070 2705 1199 2768 habeant
1225 2727 1294 2766 curn
1309 2703 1364 2764 aliis

141 2807 322 2882 mmmunia,
343 2827 360 2866 a
378 2807 497 2866 caeteris
520 2805 752 2886 distinguentem.

184 2905 389 2983 Simplicitate
409 2925 437 2964 se
456 2902 637 2968 commendat
654 2903 781 2964 Socratis
800 2903 883 2965 ratic.
905 2900 1034 2982 'Smntc
1060 2901 1113 2963 illu
1137 2902 1191 2964 sui
1208 2902 1247 2962 atl
1266 2901 1363 2967 min

140 3020 197 3065 tem
215 2984 283 3064 cison
299 3003 363 3085 ipse
380 3001 573 3084 procedebat,
594 3015 657 3062 tum
682 3003 755 3062 alios
778 2999 952 3060 adducebat.
993 3001 1090 3078 Quam
1108 3015 1230 3062 natusne
1248 3000 1362 3060 facilite-

140 3112 199 3162 mm
217 3104 250 3162 in
267 3100 418 3161 Platonica
433 3099 502 3160 item
520 3099 674 3163 dialectica
695 3121 756 3160 non
776 3097 975 3160 desidemmus
985 3122 995 3176 3
1017 3099 1069 3160 ted
1088 3099 1203 3162 accedit
1229 3117 1362 3168 wem,

142 3223 199 3280 quo
218 3201 287 3260 haec
307 3197 500 3283 estinsignis
543 3201 641 3260 Artem
660 3199 751 3266 multo
770 3198 862 3278 magis
881 3196 915 3256 in
933 3193 1048 3278 analysi
1072 3197 1221 3274 Platonis,
1238 3195 1362 3278 quanin

141 3299 267 3360 ὃωιιιιὶι
291 3295 462 3358 inductione
492 3298 691 3375 agnoscimus,
719 3298 865 3376 refertque
881 3295 935 3356 illa
953 3315 1016 3356 eam
1043 3298 1148 3358 mentis
1164 3297 1362 3376 -·sagacitaten,

142 3397 330 3470 felicitatem,
359 3387 529 3473 εὐστοχίαν,
556 3416 643 3474 quam
669 3407 794 3470 vocam,
822 3415 896 3473 quac
919 3395 1037 3456 invenit
1065 3407 1094 3453 et
1122 3416 1202 3456 nota
1226 3395 1260 3454 in
1283 3395 1361 3454 locem

141 3495 260 3577 profert.
301 3496 463 3556 l1·istotelis
481 3515 549 3558 octo
567 3496 656 3570 ratio,
678 3477 849 3574 quamquam
869 3513 923 3554 nec
941 3493 1003 3574 ipsa
1029 3513 1046 3552 a
1073 3506 1175 3554 natura
1195 3493 1293 3554 aliena
1320 3511 1361 3552 ne·

143 3615 198 3674 qne
218 3595 351 3654 acumine
369 3594 540 3670 'destitntm
566 3597 762 3674 diligentiam
788 3606 886 3658 nmen
903 3592 995 3672 magis
1010 3590 1158 3670 studiique
1176 3589 1360 3652 assiduitatem

143 3694 276 3774 requirit.
325 3695 390 3769 Qrto
418 3693 589 3754 accidit‘in
616 3691 738 3752 historia
765 3689 1023 3772 philosophorum,
1054 3701 1103 3764 nt,
1132 3689 1185 3769 qui
1212 3687 1362 3750 Aristotelis

143 3793 283 3850 rationem
302 3805 507 3872 sequerentur,
528 3811 648 3852 numero
668 3791 728 3848 fere
748 3788 860 3850 infiniti
885 3797 997 3848 essent:
1018 3789 1188 3869 pauciores,
1207 3791 1259 3868 qni
1277 3789 1361 3850 Plato-

144 3889 190 3948 nis
209 3889 321 3970 analysi
342 3903 511 3967 uterentur3
541 3890 592 3970 qui
612 3908 680 3949 vero
708 3887 852 3948 Socratem
881 3886 1041 3960 referrent,
1072 3885 1151 3946 omni
1182 3907 1253 3955 aevo
1282 3893 1360 3946 essem

142 3988 209 4046 rari.
251 3991 379 4046 Acumen
397 3989 476 4048 enim
495 4010 556 4048 non
574 3987 616 4046 ita
635 3986 806 4066 infrequens
825 3998 867 4044 est
886 3986 918 4043 in
938 4004 1043 4064 genere
1061 3984 1205 4060 humano,
1221 3985 1359 4067 pluresque

143 4087 248 4145 iccirco
275 4087 448 4146 exstiterunt
478 4085 675 4167 philosophi,
705 4085 756 4164 qui
772 4075 864 4146 ¹acttte
893 4081 1042 4142 cernendo
1063 4079 1272 4164 jungendoque
1298 4063 1360 4142 nove

142 4185 322 4264 proferrent,
342 4205 429 4264 quam
449 4185 519 4264 qui,
541 4197 574 4242 ut
593 4183 738 4260 Socrates,
767 4182 812 4242 nil
831 4181 889 4243 visi
907 4181 1063 4261 perficere,
1092 4179 1264 4262 perficerent
1288 4193 1357 4258 quau

142 4283 266 4363 plurima
293 4297 320 4341 et
348 4285 465 4364 optima.
507 4281 659 4342 Rationem
686 4295 781 4341 autem
805 4282 904 4360 sequi,
934 4301 1019 4360 quam
1040 4279 1209 4348 A1·istotelet
1237 4277 1355 4344 induxit,

144 4403 195 4440 nec
215 4381 405 4462 singularium
425 4381 512 4462 plane
528 4395 584 4440 est
604 4401 658 4440 nec
673 4401 843 4461 *paucorum
872 4378 1034 4439 hominum.
1076 4378 1167 4452 Nam,
1197 4391 1229 4437 ut
1249 4379 1279 4437 in
1304 4391 1355 4454 pro·

142 4462 343 4558 hando‚quod
365 4479 518 4540 inventum
539 4493 694 4559 est,atquc
714 4500 749 4538 ex
769 4479 892 4538 aliorum
911 4476 1041 4538 inventis
1060 4451 1245 4538 confidendo
1260 4465 1353 4552 aliquid
