2908 5114
548 261 557 272 “
657 293 717 354 aas

70 457 158 542 scola
187 447 333 539 ᾰλῆθειαν
364 453 414 515 καὶ
441 452 510 515 νοῦν
535 450 767 537 παρασχομένη·
793 451 842 515 rai
869 445 915 514 iss
943 453 993 514 ist
1010 449 1130 542 ,radron
1155 453 1228 518 idcir
1253 453 1308 519 τόν

70 557 216 641 μέλλοντα
243 551 404 640 ἐμφρόνως
432 550 553 637 πράξειν
578 551 599 638 ἢ
625 555 689 642 ἰδίᾳ
715 551 737 639 ἢ
765 553 913 640 δημοσίᾳ·
941 563 1046 640 quodsi
1073 561 1250 619 adscensum
1270 563 1311 620 ool

71 683 182 743 supera
202 681 361 740 eorumque
378 681 454 740 quae
471 679 566 737 supro
583 667 655 718 sunt
675 661 956 737 contemplationem
966 703 974 732 ,
996 665 1094 715 animi
1112 679 1173 716 esse
1191 659 1309 717 diceris

71 772 105 822 in
135 761 283 820 mundum
313 760 541 840 intelligibilem
569 766 789 833 escensionem,
810 757 894 814 baad
913 757 1069 814 aberrabis
1087 777 1106 812 o
1125 776 1175 832 spe
1196 777 1261 815 neec
1281 767 1321 815 st*

72 866 241 934 sententia,
273 865 301 918 si
329 860 425 932 banc,
456 858 558 936 qualis
584 865 644 931 sit,
676 876 853 937 cognoscere
879 860 976 930 cupis.
1018 851 1121 929 Deus,
1143 877 1217 914 num
1237 877 1309 915 osra

72 969 132 1035 stt,
163 965 268 1018 norit:
299 978 376 1036 quac
404 977 472 1014 uero
499 956 576 1013 milei
603 956 768 1030 videntur,
799 953 974 1030 hujusmodi
1000 961 1092 1010 sunl:
1122 961 1156 1011 in
1183 955 1311 1031 mundo,
1339 1010 1346 1026 ,

73 1065 128 1138 qui
155 1063 251 1114 menti
274 1057 315 1114 ad
335 1055 568 1135 cognoscendum
585 1061 687 1132 potet,
707 1061 893 1130 postremum
912 1057 1044 1128 conspici
1060 1059 1091 1109 et
1104 1039 1195 1132 aegre
1221 1058 1313 1116 boni

73 1157 116 1215 id
127 1177 210 1214 eam
218 1175 233 1226 ,·
264 1165 300 1213 ut
316 1163 418 1212 autem
437 1162 592 1229 conspectu
614 1162 659 1211 sst
669 1196 678 1226 ,
700 1153 778 1210 banc
799 1170 893 1207 unam
912 1148 1078 1208 babendum
1098 1172 1159 1210 csse
1178 1157 1314 1215 omnibus

73 1262 209 1314 omnium
247 1263 398 1311 rectorum
437 1253 635 1330 bonorumque
672 1271 829 1324 caussam,
858 1255 960 1324 utpote
988 1267 1064 1324 quas
1093 1255 1127 1305 in
1156 1253 1313 1327 spectabili

74 1354 187 1411 mundo
207 1351 302 1409 lucem
319 1357 442 1428 ejusque
459 1357 612 1406 auctorem
626 1355 796 1428 pepererit,
817 1352 852 1403 in
872 1345 983 1402 mundo
1001 1355 1103 1403 autem
1120 1349 1313 1432 intelligibili

75 1456 132 1511 sust
158 1457 226 1527 ipsa
253 1456 438 1506 auctoritate
474 1454 635 1505 ueritatem
672 1446 971 1533 intelligentiamque
997 1445 1159 1520 praebeat:
1189 1451 1311 1508 eundem

75 1559 180 1607 autem
208 1548 319 1605 bancos
347 1547 502 1621 adspicere
522 1546 590 1604 illos
610 1527 732 1620 decim,
753 1549 926 1622 quicunque
945 1549 1101 1621 sapienter
1118 1553 1224 1604 acturi
1244 1567 1313 1606 cum

27 1633 36 1654 ’
73 1653 225 1724 privatim
236 1689 245 1720 ,
266 1655 332 1703 tum
350 1645 468 1722 publice
488 1651 589 1704 erunt.
602 1668 616 1700 n
642 1641 671 1723 1)

114 1744 167 1804 Est
187 1744 276 1824 igitur
293 1740 493 1820 hujuscemodi
514 1740 594 1823 apud
613 1742 763 1801 Platonem
782 1739 911 1799 mesndus
928 1737 1144 1819 adspectabilis.
1166 1741 1314 1804 Cavernae

74 1843 122 1902 isti
149 1839 254 1901 similis
283 1853 343 1899 cst:
375 1837 510 1918 quodque
542 1840 574 1898 in
603 1837 656 1898 illa
685 1838 781 1918 ignis,
812 1836 845 1894 iu
874 1835 929 1894 boo
955 1835 997 1894 sol
1017 1835 1117 1898 efficit.
1160 1839 1200 1899 Ut
1221 1841 1314 1902 oculis

74 1939 269 2021 percipiamus
295 1957 368 2017 quae
395 1935 519 2011 adsunt,
550 1935 619 1996 solis
648 1935 714 1996 luce
739 1953 811 2016 opus
840 1947 896 2004 est,
933 1953 991 2010 quo
1021 1933 1223 1995 illustrentur:
1245 1954 1312 2000 suut
1411 1978 1417 1986 -

75 2051 169 2098 autem
189 2036 277 2119 plane
288 2081 296 2111 ,
318 2049 350 2094 ut
368 2035 431 2094 illic
452 2032 624 2109 simulacra,
647 2033 686 2092 ita
706 2033 756 2094 hic
788 2022 974 2110 patrissare,
1000 2051 1074 2109 quae
1092 2051 1151 2091 esse
1171 2033 1312 2096 videntur

78 2156 165 2210 vcra,
195 2134 247 2194 scd
276 2133 359 2193 inani
387 2152 439 2192 uos
463 2151 668 2212 saepenumero
694 2129 789 2211 specie
820 2129 938 2192 fallunt.
980 2129 1123 2206 Quocirca
1151 2141 1314 2208 opinamur

75 2233 106 2292 in
135 2233 191 2292 hoc
219 2251 306 2313 specu
335 2244 452 2305 nostro,
480 2250 540 2288 non
567 2235 687 2290 scimus.
729 2227 855 2309 Nonacri
875 2249 945 2289 vcra
962 2228 1066 2288 mundi
1086 2228 1143 2318 alia
1164 2231 1237 2289 ratio
1254 2244 1314 2306 est,

75 2351 128 2390 nec
159 2327 302 2389 declarari
334 2327 386 2386 ille
416 2327 531 2409 aptius,
562 2346 649 2404 quam
679 2347 694 2386 e
720 2328 925 2410 spectabilium
954 2347 1050 2387 rerum
1077 2327 1189 2407 specie,
1210 2341 1313 2409 potest.

75 2425 160 2503 Quod
182 2425 278 2487 iubis
297 2423 340 2484 sol
360 2439 421 2500 est,
443 2423 507 2483 iilic
532 2436 561 2481 et
582 2436 624 2481 est
644 2437 672 2482 et
691 2427 782 2490 efficit
804 2419 894 2507 η’τοῦ
907 2419 1030 2504 iperet
1043 2418 1125 2497 tata,
1147 2432 1215 2486 boni
1226 2429 1314 2503 idea,

75 2527 184 2607 quippe
204 2538 277 2604 quae
298 2523 339 2583 sic
361 2523 511 2584 veritatem
532 2521 649 2600 νοητοΐς
669 2526 804 2587 omnibus
815 2573 824 2602 ,
847 2539 879 2586 ut
897 2525 941 2586 sol
960 2524 1046 2583 rebus
1066 2523 1314 2605 adspectahilibus

76 2623 170 2682 lucem
188 2621 322 2681 afflindis.
363 2619 463 2700 Itaque
474 2666 483 2696 ,
505 2635 537 2680 ut
554 2623 669 2702 opinari
688 2622 855 2684 desinamus
875 2622 1035 2702 aliquando
1055 2635 1140 2702 atque
1161 2621 1311 2682 adrerum

76 2721 227 2782 scientiam
252 2720 399 2801 ipsamque
429 2719 581 2780 veritatem
606 2720 776 2780 accedamus
787 2765 796 2796 ,
818 2722 877 2780 buc
897 2719 982 2780 nobis
1001 2741 1016 2778 c
1036 2740 1123 2799 specu
1141 2719 1194 2779 illo
1212 2740 1308 2781 escen·

76 2817 206 2879 dandum
236 2819 396 2878 necessario
427 2832 477 2877 est.
521 2817 630 2876 Verum
649 2838 790 2896 quaenam
812 2833 853 2879 cst
872 2817 943 2892 ille,
965 2837 1051 2896 quam
1072 2820 1311 2895 memoravimus,
1360 2823 1367 2882 ζ

77 2917 141 2975 boni
158 2917 251 2976 ideal
273 2916 353 2991 Quid
374 2911 509 2976 universe
528 2917 606 2975 ideis
624 2918 766 2996 spectavit
784 2917 892 2978 Plato'l
925 2914 1040 2990 Quibus
1057 2913 1142 2974 bomo
1158 2917 1311 2996 gradibus

77 3014 113 3074 ad
141 3014 208 3074 illas
235 3013 389 3075 escendit?
420 3013 523 3088 Qualis
552 3014 623 3072 haec
644 3013 852 3094 ipsahominis
872 3014 965 3074 estin
985 3004 1092 3092 νοητὸν
1112 3013 1254 3075 mundum
1273 3017 1312 3078 ed

78 3109 156 3172 ideas
176 3111 348 3194 spectandas
366 3111 520 3172 escensio?
534 3153 569 3162 -
597 3109 673 3171 Sunt
691 3111 782 3187 baec,
804 3112 910 3186 oredo,
932 3113 963 3172 in
981 3111 1165 3196 philosophia
1182 3115 1312 3174 Platonis

78 3209 108 3268 in
128 3211 230 3293 paucis
247 3230 313 3270 cum
334 3209 579 3290 gravissimarum
600 3208 637 3268 ad
655 3209 909 3292 interpretandum
930 3207 1116 3271 difficillima.
1138 3212 1195 3272 Sed
1211 3211 1311 3272 eadem

78 3309 132 3368 uisi
160 3323 256 3368 mente
273 3307 485 3389 perceperimus
503 3308 637 3388 penitus,
658 3330 711 3368 nos
730 3329 800 3368 sane
819 3329 873 3369 uec
893 3310 1005 3389 assequi
1023 3309 1225 3391 philosophiae
1242 3311 1312 3371 Pla²
1381 3382 1384 3388 Ι

78 3408 190 3467 tonicae
217 3405 323 3481 finem,
355 3425 408 3464 nec
439 3425 508 3465 vero
536 3398 673 3466 fructum
690 3427 792 3486 capere
821 3407 860 3468 ad
889 3407 965 3468 vitae
994 3429 1076 3467 usum
1106 3409 1311 3468 esublimium

78 3487 179 3563 herum
198 3523 294 3563 rerum
313 3503 558 3584 contemplatione
578 3504 745 3583 poterimus.
767 3505 917 3585 Perciperc
937 3521 1031 3566 autem
1050 3527 1083 3566 eo
1104 3505 1220 3566 facilius
1241 3506 1310 3567 haec

79 3599 198 3678 licebit,
219 3623 276 3681 quo
294 3601 428 3682 plenius,
447 3621 520 3682 quae
539 3601 576 3661 dc
595 3600 819 3682 disciplinarum
838 3603 868 3662 vi
886 3617 914 3662 ct
931 3605 1078 3685 proposito
1097 3625 1183 3684 supra
1198 3605 1310 3664 monui·

79 3719 158 3777 mus,
180 3701 212 3759 in
228 3699 393 3758 maneriam
414 3699 654 3759 revocaverimus.
689 3699 845 3759 Ordiamur
864 3714 960 3760 autem
981 3723 997 3759 a
1017 3713 1160 3782 postremo
1181 3701 1309 3762 illorum.

175 3893 231 3952 De
260 3896 447 3979 bominis
471 3903 514 3954 in
542 3895 736 3954 mundum
766 3891 927 3977 νοητόν
958 3905 1210 3958 escensione.

119 4087 320 4170 Philosophiae
356 4089 577 4170 verissimasque
613 4087 748 4165 παιδείας
781 4094 918 4176 princeps
945 4107 1005 4170 cst,
1037 4093 1078 4155 uti
1107 4093 1252 4168 vidimus,
1276 4091 1310 4174 2)

83 4182 206 4245 officium
217 4233 226 4263 ,
245 4178 288 4246 'ut
307 4181 458 4269 postquam
478 4188 560 4249 falsis
579 4193 841 4273 praejudicatisque
861 4192 1070 4274 opinionibus,
1091 4212 1161 4271 quas
1180 4191 1311 4271 legendis
1342 4187 1345 4196 ’

118 4392 140 4455 ι)
159 4396 196 4447 us
217 4397 278 4466 asp.
298 4396 351 4450 vu.
370 4397 428 4449 sir.
448 4397 552 4449 s-c

116 4477 141 4542 a
161 4481 236 4533 rasse
257 4498 282 4549 ρ.
300 4481 360 4544 31⁷,
379 4480 438 4534 320.
