2950 5134
1340 309 1370 348 xl

141 478 214 559 Qua
234 488 267 536 in
290 497 442 536 revereor
463 497 499 532 ne
524 481 587 533 sint
616 495 691 559 quae
710 473 910 551 displiceant:
922 475 1032 547 fateor
1054 472 1270 552 difficillimum
1288 495 1371 554 nego·

141 621 224 670 tium
233 615 338 687 fuisse
348 655 357 685 ‚
377 609 495 668 medum
515 615 563 664 ita
581 627 696 684 semper
713 589 852 679 serrare,
873 595 909 663 ut
926 577 1065 664 constans
1085 615 1164 665 esset
1181 626 1286 664 rerum
1307 627 1371 670 *mc-

146 747 300 802 simarum
328 751 357 800 et
373 748 629 823 gravissimarum
653 739 883 798 animadversio.
915 735 976 796 Nec
997 746 1097 797 temen
1121 745 1215 797 totius
1238 738 1371 816 disputa·

146 883 237 934 tionis
246 869 381 934 ordinem
397 841 554 932 barborum
573 874 719 930 brevitate
737 867 973 932 contrahendum
992 871 1073 929 nothi
1080 868 1234 932 essedum.
1264 870 1305 929 Id
1318 874 1372 950 qui

144 1030 165 1066 a
191 1030 235 1066 me
259 1009 332 1080 fieri
356 1004 528 1083 potuisset?
559 1011 627 1082 qais
644 1002 845 1081 postulasset?
875 1009 926 1060 oui
952 1011 1078 1082 gratum
1096 974 1261 1078 fecissem?
1299 1001 1372 1082 Ipsa

143 1142 268 1221 legenda
292 1149 381 1214 sunt,
402 1159 477 1218 quas
489 1139 615 1214 flauere
641 1149 676 1194 eu
696 1138 846 1194 diuturna
866 1157 972 1195 rerum
991 1146 1295 1228 argumentorumque
1314 1159 1370 1196 me·

48 1319 52 1326 .
142 1275 309 1332 ditatione:
338 1280 406 1348 ipsa
423 1273 554 1350 petenda
581 1279 627 1330 est
649 1279 678 1328 ot
704 1272 901 1348 percipienda
929 1275 1119 1347 expositionis
1147 1277 1241 1368 ratio3
1264 1278 1371 1328 nativo

143 1411 289 1462 sermonis
308 1374 487 1478 facilitate,
519 1403 733 1479 simplicitate,
765 1408 983 1475 concinnitate,
1011 1409 1040 1460 ci
1070 1393 1182 1485 quoque
1203 1411 1232 1460 et
1256 1410 1369 1480 impetu

143 1538 228 1594 haud
247 1558 317 1595 rare
333 1513 476 1616 insignis.
509 1533 591 1614 Quae
612 1535 730 1613 quidem
748 1556 810 1592 una
828 1541 909 1592 ratio
928 1543 990 1609 est,
1012 1497 1149 1613 qualnon
1176 1536 1270 1593 solum
1286 1543 1369 1616 inge·

142 1677 208 1729 niis
230 1675 354 1748 parati,
376 1670 426 1727 sed
445 1669 554 1726 imbuti
573 1674 684 1726 animis
705 1667 745 1724 ad
767 1677 847 1725 recte
866 1669 1023 1748 legendum
1041 1669 1211 1754 Platonem,
1232 1675 1285 1746 qui
1304 1675 1369 1745 ejus

139 1824 203 1861 esse
229 1803 354 1862 studiosi
381 1774 493 1875 uelint,
515 1769 669 1859 ascedant.
709 1796 824 1878 Easque
851 1802 884 1859 hi
910 1823 924 1858 e
954 1801 1077 1858 lectione
1098 1801 1170 1892 *illa*
1191 1808 1255 1859 sine
1282 1802 1369 1860 dubio

132 1938 271 2009 fructus
289 1938 418 2010 ferent,
439 1897 566 2012 quorum
595 1921 760 1990 ubertctem
781 1954 839 1990 nan
865 1934 990 1992 latuisse
1016 1954 1061 1992 eos
1088 1940 1291 2012 cognocimus,
1314 1941 1367 2011 qui

132 2075 303 2144 juventute
321 2074 531 2144 perceperunt.
561 2062 671 2144 Itaque
681 2066 834 2139 favebunt
864 2066 955 2140 mihi,
977 2085 1078 2144 spero,
1101 2072 1282 2142 quicunque,
1298 2087 1368 2144 per·
1417 2069 1420 2082 '

140 2201 227 2258 lectis
248 2198 402 2272 Initiis‚
422 2218 515 2275 quum
533 2197 661 2274 recolere
680 2198 803 2276 singula
820 2199 934 2276 sibique
953 2208 1050 2283 mente
1068 2219 1181 2257 omnem
1201 2219 1306 2257 rerum
1324 2221 1368 2259 co·

142 2339 225 2408 piam
246 2351 408 2410 proponere
431 2337 575 2408 capiant,
596 2333 714 2409 aliquid
734 2333 860 2390 subsidii
877 2339 1026 2408 paratum
1045 2332 1199 2406 videbunt,
1220 2353 1275 2410 quo
1300 2332 1367 2410 phi·

142 2455 359 2541 losaphicarum
375 2463 621 2540 disquisitionum
643 2465 699 2521 sibi
718 2470 861 2522 memoria
879 2470 1082 2522 instauretur.
1112 2462 1264 2522 lubenter
1284 2471 1364 2522 enim
1449 2459 1457 2467 ’

139 2616 171 2653 se
180 2601 370 2674 interrogari
383 2569 564 2672 poliantur,
583 2603 619 2652 at
636 2596 719 2674 apud
728 2603 855 2653 mentem
867 2605 997 2669 constet,
1019 2617 1091 2654 num
1112 2598 1185 2675 quid
1201 2603 1366 2674 praeteris·

139 2736 188 2810 rit
222 2737 278 2786 out
310 2729 489 2810 aufugerit,
520 2729 596 2806 quod
623 2729 864 2786 animaduertere
886 2749 920 2786 ac
948 2735 1049 2786 tenere
1073 2735 1250 2806 oportuisset
1258 2749 1271 2804 ‚¹
1292 2751 1366 2787 num

139 2881 201 2940 qua
220 2881 304 2917 secus
314 2867 498 2937 acceperint,
521 2882 593 2918 num
609 2866 750 2920 initiatos
767 2868 883 2927 omnino
904 2882 933 2919 se
953 2867 1088 2920 sentiant
1108 2863 1148 2919 ad
1165 2835 1279 2919 rectam
1297 2869 1364 2942 upi-

137 3013 244 3070 oersae
259 2992 462 3069 philosophiae
480 2993 653 3055 Platonicae
677 2994 923 3073 intelligentiam.
967 2990 1063 3071 Quam
1081 2993 1296 3081 philosophiam
1316 2996 1366 3053 ubi

137 3125 261 3206 legendo
290 3129 477 3200 potissimum
506 3124 631 3185 Platone
651 3127 773 3200 sontem
808 3147 912 3184 rerum
944 3133 1126 3218 optimarum
1158 3083 1382 3205 cognoverint,s

134 3267 265 3339 gratum
281 3263 342 3314 erit
356 3276 448 3333 porro
467 3262 671 3337 inuestigare,
692 3279 767 3336 quae
782 3264 878 3336 ipsius
892 3258 1057 3336 philosophi
1073 3259 1234 3336 praeclara
1253 3267 1364 3317 merita

125 3394 262 3466 fiterint
270 3434 279 3463 ‚
301 3389 404 3466 qualia
422 3397 547 3448 canctus
557 3399 786 3470 consecutusque
803 3371 845 3448 sit
850 3412 864 3460 ;
886 3399 974 3468 atque
982 3437 990 3466 ‚
1010 3397 1111 3448 atuni
1121 3397 1220 3449 omnia
1230 3394 1363 3450 tribuere

139 3532 280 3596 caveant,
302 3541 475 3597 comparare
490 3528 519 3578 ei
531 3529 717 3599 praesertim
729 3523 873 3597 juvabit,
895 3531 947 3609 qui
966 3531 1122 3581 antaeum
1143 3533 1254 3600 etpost
1274 3532 1362 3583 eusti-

135 3663 245 3712 terunt
264 3660 446 3712 enimiarum
468 3654 592 3713 laudum
613 3659 699 3728 socii,
723 3652 877 3713 Socratem
897 3664 925 3713 et
941 3653 1145 3715 Aristotelem.

176 3785 287 3864 Itaque
307 3785 407 3843 altera
425 3786 495 3844 haec
514 3788 607 3845 exibit
627 3757 834 3846 Initiorum
852 3788 958 3863 editio,
977 3796 1067 3866 atque
1088 3779 1121 3844 be
1142 3807 1250 3846 manus
1267 3787 1363 3846 hemi-

132 3942 210 3999 num
227 3926 382 4006 perveniet
390 3939 404 3988 ,⁴
417 3886 544 3994 sormd,
566 3942 624 3978 non
638 3927 784 3996 materie,
797 3922 954 3980 dissimilis
970 3927 1079 4000 priori.
1111 3919 1191 3980 Nam
1207 3941 1362 3998 perpauca

129 4061 258 4113 mutata
285 4049 370 4126 sunt,
401 4049 548 4110 nonnulla
576 4053 699 4127 addita,
723 4064 832 4128 cuneta
856 4056 891 4112 ab
918 4058 1014 4130 ipsius
1042 4059 1177 4112 auctoris
1205 4053 1362 4110 industria

127 4187 280 4264 prqseota.
312 4183 411 4244 Meum
429 4185 509 4242 nihil
528 4195 585 4260 est,
606 4206 699 4263 neque
714 4207 774 4244 osse
790 4194 891 4264 potuit
906 4195 1031 4262 praeter
1048 4193 1244 4244 memoratam
1262 4205 1360 4264 argu-

130 4325 303 4416 mentorum
319 4319 462 4392 indicem,
482 4324 624 4376 criticam
648 4318 778 4378 locorum
798 4321 985 4397 quorundam
1009 4319 1231 4378 Platonicorum
1249 4291 1289 4376 ac¹
1308 4314 1361 4376 θέε

129 4456 365 4509 ceronianorum
384 4457 646 4528 investigationem
667 4459 697 4507 et
724 4451 775 4510 hoc
800 4459 890 4511 triste
911 4453 1079 4530 praefandi
1107 4472 1227 4510 munus.
1265 4447 1361 4526 Cujus
1466 4460 1471 4472 ‘

670 4545 678 4570 N
