2872 5122
670 277 708 336 67

83 428 204 516 ἀλλήλων
229 437 291 508 τοῖς
311 427 492 514 ἀνθρώποις.
536 438 583 497 At
603 437 655 496 hoe
674 439 744 497 inde
763 449 892 518 tempore
910 449 1038 504 innotus
1064 459 1109 507 est
1134 449 1300 512 homiuibus

80 559 155 596 amu
171 547 306 597 mutuus.
327 562 329 564 ·
348 537 420 596 Nam
440 535 543 596 divisis
563 535 625 596 illis
644 537 676 595 in
701 535 773 617 duas
795 551 908 620 partes,
928 563 1011 602 suum
1030 567 1216 627 unaquaeque
1235 571 1300 630 pars

80 635 247 712 quaeritabat
266 635 439 710 dimidium,
459 636 668 714 inventumque
684 635 846 694 vehementi
864 638 961 700 studio
974 642 1200 724 amplexabatur.
1222 649 1300 708 Hinc
1352 661 1356 668 '

80 735 142 793 mira
160 734 211 793 illa
230 735 327 794 omnia
337 755 437 812 ,quae
457 735 490 794 in
508 754 602 793 amore
622 733 788 792 etiamnunc
805 733 950 806 obtinent.
979 740 1097 814 Quoties
1115 745 1192 803 enim
1210 747 1299 806 alicui

81 832 231 912 contingit,
253 846 284 890 ut
304 834 336 891 in
355 847 465 914 partem
483 833 547 906 sui,
569 832 602 890 in
621 832 665 890 sui
686 830 841 891 dimidium
855 847 883 892 et
900 829 1047 917 ξύμβολον
1066 840 1196 918 incidat,
1217 844 1300 906 ambo

82 929 120 988 illi
138 929 342 1011 obstupescunt
369 932 527 1006 continuo,
553 928 701 989 discedere
723 950 740 988 a
767 951 796 989 se
821 931 948 992 invicem
976 934 1100 1012 nolunt,
1121 959 1174 997 nec
1204 940 1300 1001 dicere

82 1043 197 1105 queunt,
217 1027 290 1108 qnid
304 1027 366 1088 'sibi
384 1051 401 1087 a
418 1050 447 1088 se
464 1029 591 1088 invicem
609 1041 763 1108 expetant:
785 1049 845 1088 non
865 1031 942 1089 enim
958 1031 990 1091 id
1008 1053 1067 1092 esse
1081 1035 1198 1096 videtur
1214 1060 1299 1099 vene·

83 1148 138 1186 reus
153 1128 263 1201 coitus,
281 1127 383 1206 quasi,
403 1127 490 1203 hujus
507 1126 624 1200 caussd,
637 1139 737 1184 mutua
755 1126 964 1188 consuetudine
982 1143 1131 1213 tantopere
1155 1133 1299 1196 delecten-

83 1240 139 1300 tur,
151 1226 200 1285 sed
218 1225 301 1285 aliud
319 1224 392 1303 quid
413 1225 560 1303 utriusque
578 1224 691 1284 animus
708 1223 854 1302 anquirit,
872 1224 950 1303 quod
966 1228 1051 1306 quale
1070 1231 1107 1290 sit
1125 1231 1221 1292 dicere
1238 1257 1300 1298 nou

12 1391 13 1396 ἵ
83 1337 180 1403 potest,
208 1322 259 1383 sed
287 1325 368 1402 quasi
391 1323 567 1384 vaticinatur
593 1321 666 1400 quid
680 1322 806 1402 ¹cupiat,
827 1336 855 1381 et
881 1321 1000 1384 obscure
1028 1327 1154 1414 indicat.¹
1189 1333 1300 1406 Quodsi

84 1421 158 1496 illos,
179 1443 208 1481 se
236 1435 336 1480 mutuo
360 1421 524 1501 amplexos,
545 1419 660 1480 adstans
686 1441 752 1479 cum
779 1420 977 1482 instrumentis
995 1423 1147 1486 Vulcanus
1171 1445 1298 1510 rogaret:

84 1519 204 1597 quidest
225 1519 361 1594 tandem,
380 1519 510 1579 homines
520 1563 529 1593 ,
549 1518 627 1598 quod
651 1517 733 1579 vohis
752 1517 815 1578 lieri
832 1540 849 1578 a
867 1519 1007 1581 vobismet
1024 1523 1152 1585 invicem
1179 1528 1299 1589 relitisl

84 1631 109 1677 et
134 1618 305 1698 ambigentes
342 1617 409 1678 illos
447 1619 551 1677 iterum
583 1629 841 1698 percunctaretur:
875 1616 996 1679 hoccine
1030 1621 1219 1702 desideratis,
1250 1641 1300 1703 ut,

84 1713 167 1794 quoad
185 1718 246 1794 ejus
264 1715 327 1774 fieri
344 1716 452 1797 possit,
473 1716 595 1774 maxime
613 1715 675 1774 sitis
694 1735 771 1789 una,
792 1728 825 1774 ut
850 1714 912 1775 dies
935 1730 1087 1798 noctesque
1117 1744 1301 1803 nunquama

85 1814 157 1873 vobis
175 1815 301 1874 invicem
320 1813 501 1875 discedatis?
530 1801 602 1873 Nam
620 1811 653 1873 id
671 1813 696 1872 si
714 1811 902 1886 desideratis>
916 1813 1006 1874 velim
1026 1836 1143 1900 vosego
1161 1822 1195 1881 irr
1210 1844 1300 1883 unum

83 1912 216 1987 conflue,
246 1926 297 1986 ut,
327 1912 458 1991 quamvis
487 1912 563 1986 duo,
584 1923 660 1970 unus
683 1911 761 1970 sitis:
783 1924 811 1969 et
840 1911 978 1988 quamdiu
1005 1914 1130 1991 vivatis,
1155 1921 1240 1981 ambo
1268 1936 1300 1983 ut

84 2031 151 2070 unus
169 2012 301 2092 idemque
319 2011 444 2085 vivatis,
463 2024 491 2069 et
508 2023 657 2091 postquam
675 2007 780 2067 mortui
799 2009 897 2084 eritis,
917 2009 979 2069 illic
998 2011 1094 2073 denuo
1114 2016 1146 2075 in
1165 2038 1232 2078 orco
1248 2041 1300 2101 pro

84 2107 186 2169 duobus
205 2131 281 2169 uuus
303 2105 384 2184 sitis,
405 2107 593 2168 communiter
621 2106 736 2166 mortui.
776 2105 836 2166 Vos
854 2128 923 2172 vero
940 2107 1056 2185 videte,
1077 2134 1147 2172 num
1165 2114 1220 2175 hoo
1246 2139 1301 2176 cu·

85 2207 179 2286 piatis,
201 2206 339 2286 vobisque
358 2204 500 2280 sufficiat,
518 2206 544 2267 si
562 2204 616 2264 hoc
636 2204 836 2283 assequamini.
856 2205 910 2264 His
928 2205 1054 2282 auditis,
1074 2211 1191 2288 scimus,
1211 2215 1300 2275 nemi·
1334 2203 1342 2222 '

86 2326 144 2364 nem
162 2306 193 2366 id
212 2320 401 2386 negaturum,
420 2318 471 2364 aut
492 2301 574 2394 aliud
592 2302 665 2382 quid
683 2303 876 2383 appetiturum
886 2327 894 2381 3
917 2304 968 2366 sed
993 2306 1080 2386 plane
1103 2331 1132 2368 se
1156 2312 1300 2374 audivisse

11 2427 12 2434 ¹
86 2404 301 2467 existimaturum
320 2401 499 2482 illud,quod
513 2400 624 2462 dudum
642 2400 875 2477 desideravisset,
891 2416 923 2461 ut
940 2405 1112 2481 conjunctus
1130 2429 1195 2468 curn
1210 2426 1301 2472 amato

86 2515 110 2562 et
126 2504 291 2562 commixtus
309 2521 345 2560 ex
363 2500 477 2562 duobus
504 2520 580 2559 unus
607 2497 697 2558 fieret.
739 2499 834 2578 Hujus
860 2503 902 2561 rei
922 2522 1019 2561 caussa
1043 2517 1103 2580 est,
1131 2507 1208 2585 quod
1234 2510 1301 2570 talis

86 2599 136 2659 fuit
152 2614 232 2664 retus
249 2615 353 2660 natura
372 2613 488 2672 nostra,
507 2598 669 2676 fuimusque
688 2595 846 2676 aliquando
864 2599 979 2680 integri.
1021 2601 1196 2682 Integritatis
1213 2605 1300 2688 hujus
1324 2643 1328 2652 =

85 2697 209 2778 cupidini
226 2710 255 2756 et
272 2696 414 2757 desiderio
432 2717 516 2755 umor
531 2715 636 2755 nomen
653 2706 721 2754 est.»
748 2692 778 2775 l)
1252 2689 1255 2696 ¹

120 2795 239 2858 Fabulae
257 2795 456 2876 interpretari,
476 2814 549 2874 quae
567 2791 646 2874 apud
665 2791 812 2854 Platonem
839 2809 1011 2869 occurrunt,
1032 2795 1208 2860 difficillima
1232 2822 1300 2888 sane

87 2913 125 2952 res
140 2908 189 2956 est.
229 2895 302 2955 Nam
321 2894 363 2952 uti
381 2892 515 2952 nolumus
533 2890 600 2950 illas
617 2889 746 2971 accipere
765 2905 797 2950 ut
816 2893 994 2953 narrationes
1016 2895 1154 2973 quasdam
1180 2898 1299 2977 inanes,

87 2990 181 3068 quihus
203 3011 357 3073 puerorum
381 2991 471 3050 instar
491 2989 667 3049 oblectemur
694 2988 911 3064 tantummodo,
939 2991 980 3050 ita
997 2993 1159 3053 cavendum
1177 3009 1219 3055 est
1237 3019 1299 3058 ma-

88 3090 172 3165 xime,
191 3112 228 3150 ne
253 3090 289 3148 iis
307 3109 419 3148 sensum
445 3087 740 3168 significationemque
767 3087 945 3163 tribuamus,
973 3110 990 3148 a
1016 3090 1181 3175 philosophi
1206 3109 1300 3156 mente

87 3187 286 3248 abhorrentem.
316 3185 374 3246 Sed
399 3188 431 3246 in
450 3186 512 3268 ipsa
532 3185 617 3245 etiam
643 3184 822 3264 exquirenda
845 3187 969 3246 auctoris
987 3203 1083 3248 mente
1107 3203 1135 3250 et
1159 3195 1299 3254 sententia

88 3283 163 3346 lacile
179 3286 399 3360 committimus,
425 3298 475 3359 ut,
495 3283 586 3343 forma
609 3282 756 3362 neglecti,
776 3282 962 3344 destituemus
987 3306 1033 3344 eas
1053 3289 1131 3347 omni
1159 3292 1248 3369 gratia
1272 3305 1300 3352 et

90 3398 244 3460 venustate,
264 3385 321 3443 imo
339 3385 370 3444 vi
388 3384 529 3456 maxima,
548 3402 620 3460 quae
638 3381 748 3456 forma,
768 3381 887 3457 habitu,
909 3384 1033 3464 imagine
1056 3387 1141 3448 unice
1165 3391 1299 3470 exprimi·
1341 3401 1343 3406 ’
1392 3427 1396 3440 =

89 3493 130 3539 tur
145 3498 170 3543 et
187 3484 278 3546 veluti
299 3481 390 3541 oculis
407 3480 587 3562 proponitur.
609 3476 642 3558 2)
661 3479 741 3553 Quid
759 3481 871 3560 igitur?
900 3482 937 3541 ln
959 3481 1142 3565 philosophia
1160 3487 1299 3547 tradenda

91 3577 204 3641 Platonis
228 3579 404 3641 enarrandae
429 3579 513 3638 nobis
535 3576 732 3638 tantummodo
745 3591 842 3654 sunt,
863 3599 935 3658 quae
962 3580 1041 3662 apud
1060 3603 1122 3640 eum
1147 3600 1300 3646 occurrunt

91 3677 218 3740 lahulae?
239 3681 300 3740 Imo
327 3698 395 3739 vero
422 3675 611 3757 explicandae
639 3674 778 3736 videntur
803 3676 936 3737 simulet
959 3677 1166 3767 illustrandae,
1186 3683 1237 3744 sed
1264 3704 1300 3742 ex

92 3775 145 3856 ipsa
161 3777 338 3858 antiquitatis
356 3789 384 3834 et
402 3774 529 3834 Platonis
548 3773 667 3832 ratione.
709 3773 810 3833 Exstat
828 3775 861 3834 in
879 3773 977 3834 eodem
989 3778 1137 3857 ,symposio
1158 3779 1217 3840 alia
1234 3782 1301 3842 item

93 3870 124 3931 de
139 3894 225 3934 amore
243 3873 360 3947 fabula,
380 3872 497 3932 brevius
515 3885 664 3946 enarrata,
685 3871 736 3930 sed
756 3893 815 3932 uon
829 3873 924 3932 minus
938 3873 1025 3953 plena
1044 3875 1187 3936 interioris
1206 3879 1298 3960 philo·

93 3970 205 4050 sophiae.
229 3994 244 4026 a
254 3971 285 4031 Si
304 3970 483 4060 quaerimus,
504 3970 545 4028 ait
563 3969 705 4045 Dictime,
726 3969 804 4029 unde
822 3984 899 4029 onus
917 3971 954 4029 sit
972 3992 1068 4048 amor,
1083 3975 1186 4035 Porum
1200 3977 1302 4038 habuit

125 4225 147 4293 ll
163 4231 301 4302 somnia
315 4227 448 4296 c.-193.
461 4228 492 4280 l).
512 4227 543 4280 Ut
555 4237 686 4294 caeteros,
699 4230 735 4281 ita
744 4229 811 4281 hunc
822 4229 848 4280 in
862 4227 1101 4297 primisserruouem
1110 4234 1300 4304 elegantissime

97 4319 211 4368 euomuit
229 4319 307 4384 Wytt.
340 4315 404 4368 rut.
425 4313 467 4367 Cr.
490 4313 509 4366 l.
527 4315 547 4364 Ι.
570 4311 612 4366 38
648 4312 702 4366 Nos
728 4331 760 4366 ex
784 4315 979 4381 costentinus,
1003 4334 1069 4386 quae
1093 4322 1200 4373 mammo
1221 4323 1301 4391 philo-

97 4399 192 4466 !qu
204 4408 356 4469 spectarent.

126 4481 150 4548 2)
165 4484 218 4538 vit.
233 4489 311 4554 Wytt.
323 4487 350 4538 iu
364 4486 444 4554 Epist.
461 4485 600 4551 specimini
611 4501 669 4536 meo
685 4484 749 4538 Plut.
767 4488 906 4552 praemissa
918 4503 945 4556 p.
956 4486 998 4541 37.

1035 4573 1070 4631 5*
