2886 5118
726 275 787 338 hlh

139 440 307 519 Protagorae
327 439 461 511 effatum,
482 445 617 498 omnium
638 461 744 498 rerum
766 440 913 496 hominem
935 457 1110 496 scansurum
1129 457 1190 495 esea
1200 456 1213 504 ,·
1243 434 1357 496 Platoni-

138 559 199 598 cam
222 551 316 597 autem
334 537 527 611 sententiam,
549 558 585 596 ex
606 538 744 598 interiore
766 550 886 596 naturae
904 534 1046 594 humanae
1061 534 1227 615 cognitione
1240 532 1359 608 ductam,

139 635 238 695 Deum
263 658 323 695 esee
349 637 529 695 mortalibus
556 644 690 696 omrrium
712 657 818 695 rarum
839 654 1033 708 mensurum,
1063 655 1124 693 nou
1146 633 1314 712 respicerent
1331 653 1359 692 ac

138 737 291 813 rejicerent
322 733 404 794 adeo.
446 736 505 793 Nec
536 756 604 796 vcro
634 735 665 794 hi
695 756 808 816 quoque
840 731 1017 815 repudiandi
1038 732 1124 793 nobis
1153 752 1267 811 prorsus
1292 746 1361 791 sunt.

111 895 113 900 ,
138 832 237 892 Acutis
258 853 355 890 eorum
377 833 573 911 accuratisque
595 833 631 892 de
647 833 787 914 physica,
809 852 895 911 quam
916 843 1040 903 vocant,
1059 829 1188 888 hominis
1208 829 1363 890 conditione

138 927 392 1009 disquisitionibus
403 975 412 1003 ,
431 929 468 990 ad
479 931 624 991 hominem
636 930 868 1011 cognoscendum
878 929 1002 988 multum
1012 925 1150 985 debemus
1158 950 1166 1001 ς
1188 941 1363 988 veruntamen

139 1026 339 1108 usurpandum
359 1028 467 1107 pariter
497 1028 534 1088 de
564 1031 667 1090 iisdem
695 1030 877 1089 Platonicum
903 1042 964 1101 est,
995 1017 1182 1104 δοξοσόφοος
1206 1047 1252 1086 eos
1269 1027 1363 1105 magis,

138 1149 224 1206 quam
242 1118 433 1205 φιλοσόφους,
453 1130 474 1188 i.
490 1150 515 1188 e.
534 1126 589 1208 τῆς
603 1123 759 1213 ἀληθείας,
779 1121 871 1188 αὐτοῦ
888 1125 943 1188 τοῦ
959 1113 1056 1204 ὄντος,
1075 1119 1363 1208 φιλοθεάμωνοςοεοο.

139 1226 173 1284 Et
197 1247 282 1303 sane,
304 1227 382 1308 quod
403 1227 489 1287 modo
509 1230 782 1305 animadvertimus,
804 1251 861 1309 quo
878 1231 945 1307 jure
966 1230 1078 1288 censeri
1094 1230 1127 1288 in
1137 1227 1363 1309 philosophorum
1437 1233 1438 1244 ¹

140 1327 227 1412 choro
260 1330 282 1388 ii
311 1340 445 1409 possunt,
475 1329 526 1406 qui
556 1343 667 1410 partem
688 1328 890 1412 philosophiae
912 1326 997 1407 longe
1018 1328 1216 1407 gravissimam
1237 1321 1365 1383 difficilli-

139 1447 286 1506 mamque,
317 1449 389 1507 quae
420 1429 557 1486 interiore
578 1428 746 1508 indaganda
764 1428 891 1488 hominis
911 1440 1015 1485 natura
1034 1427 1221 1499 continetur,
1244 1422 1364 1502 neglcxo

139 1529 231 1586 runt?
274 1524 332 1586 Sed
352 1540 384 1585 ut
402 1525 439 1586 de
460 1526 606 1603 antiquis,
627 1527 668 1586 ita
688 1524 725 1583 de
746 1527 793 1586 his
813 1525 899 1584 etiam
918 1523 1057 1605 sophistis
1067 1537 1198 1598 ,utrum
1216 1521 1366 1582 assentien-

139 1621 210 1683 dum
239 1625 296 1697 sit,
327 1645 365 1682 an
386 1624 515 1683 Platonis
535 1624 721 1706 philosophia
743 1620 952 1707 praeferenda,
984 1619 1073 1701 penes
1095 1621 1217 1680 lectores
1234 1618 1366 1697 judicium

140 1735 208 1780 esto.
250 1722 326 1796 Nos«,
356 1723 470 1781 cunctis
491 1723 553 1782 illis
573 1723 605 1782 in
627 1724 738 1784 mundo
759 1720 890 1793 visibili,
911 1739 1041 1778 errorum
1062 1718 1144 1794 sede,
1176 1718 1305 1791 relictis,
1324 1717 1366 1774 iter

140 1831 269 1876 nostrum
280 1819 311 1878 in
321 1840 409 1900 regno
430 1822 560 1882 veritatis
580 1842 802 1903 persequamur,
824 1834 871 1894 ut,
894 1815 968 1897 quid
984 1814 1103 1877 tandem
1121 1817 1247 1876 scientia
1257 1862 1266 1892 ,
1287 1804 1365 1874 urirou‘
1439 1869 1440 1888 ,

142 1912 198 1974 sori
219 1904 304 1986 ὄντος
324 1919 444 1978 scientia
465 1920 521 1996 sit,
548 1921 697 2001 percipere
719 1917 804 1979 nobis
826 1919 922 1978 liceat.
1439 1897 1440 1906 ἵ

247 2112 398 2192 Qualis
425 2125 489 2173 eet
515 2115 739 2190 Plutonia,
771 2135 876 2194 quae
901 2114 1025 2191 vulgo
1052 2113 1281 2190 appellari

370 2213 440 2270 hoc
470 2217 635 2270 nomino
666 2213 795 2286 solet,
827 2210 1154 2288 metaphysica?

183 2405 221 2466 Et
242 2407 402 2487 superiores
419 2403 630 2481 disputationes
651 2421 764 2465 nostrae
782 2405 819 2466 de
838 2406 948 2466 mundo
968 2403 1081 2488 νοητῷ,
1102 2408 1139 2466 de
1159 2405 1252 2482 ideis,
1272 2406 1306 2466 de
1320 2403 1366 2462 ho·

144 2505 232 2560 minis
261 2504 298 2561 ad
322 2503 471 2562 veritatem
499 2503 707 2578 conversione,
738 2518 766 2562 et
784 2505 855 2562 haec
874 2505 954 2585 ipsa,
975 2526 1062 2583 quam
1083 2504 1168 2565 modo
1186 2503 1224 2562 de
1243 2504 1365 2584 opinione
1441 2575 1442 2588 χ

142 2612 171 2658 et
189 2599 309 2658 scientia
328 2600 524 2675 instituimus,
547 2598 738 2681 disceptatio,
760 2624 793 2661 eo
813 2603 1001 2662 tetenderunt
1019 2604 1096 2678 lere,
1126 2615 1158 2660 ut
1179 2603 1366 2681 gravissimum

142 2697 224 2756 huno
241 2698 272 2756 in
290 2696 436 2756 Platonica
457 2697 643 2777 philosophia
663 2699 778 2771 locum,
807 2701 859 2777 qui
879 2714 921 2760 est
941 2702 979 2760 de
1000 2702 1141 2775 scientia,
1170 2700 1367 2780 explicaremus

140 2795 299 2874 aliquando
320 2795 415 2875 plene.
453 2793 587 2853 Idearum
605 2809 701 2854 autem
719 2795 903 2875 disquisitio,
925 2800 957 2857 in
976 2820 1033 2878 qua
1052 2798 1217 2858 Aristotelis
1232 2795 1367 2876 metaphy-

140 2893 228 2952 sicam
256 2913 321 2951 cum
349 2893 498 2952 Platonica
525 2893 636 2952 ratione
666 2895 863 2971 contulimus,
895 2898 1028 2977 proxime
1057 2919 1109 2956 nos
1129 2896 1202 2955 illuc
1224 2895 1368 2954 adduxisse

141 2989 282 3050 videtur:
310 2992 382 3050 Nam
401 2992 523 3050 assecuti
542 2991 737 3071 comparando
756 2992 811 3052 hoc
832 3015 948 3067 sumus,
979 3017 1040 3054 non
1057 2994 1160 3053 cadere
1181 2994 1215 3052 in
1234 2991 1369 3051 hominem

140 3089 366 3170 metaphysicam
384 3091 446 3152 sive
465 3111 629 3150 caussarum
649 3093 800 3152 seientiam
821 3093 984 3155 Aristotelis
994 3118 1002 3169 ;
1035 3092 1186 3151 Platonem
1207 3112 1272 3151 vcro
1289 3109 1370 3170 prae-

138 3188 248 3267 cepisse
276 3188 463 3264 hominihus,
493 3203 525 3247 ut
544 3181 583 3248 coi
604 3183 712 3269 νοητὰ,
735 3179 773 3249 toi
796 3183 881 3264 ὄντα,
904 3207 936 3252 ut
955 3193 1054 3264 ideas,
1073 3188 1228 3271 pulcrum,
1249 3190 1369 3261 honum,

135 3284 265 3360 justum,
287 3300 411 3345 caeteras
431 3289 585 3367 cogitando
599 3283 766 3371 agendoque
788 3305 970 3372 spectarent:
992 3289 1096 3348 harum
1117 3301 1212 3347 autem
1233 3288 1284 3346 rite
1300 3285 1371 3344 dili-

138 3395 295 3460 genterque
313 3384 557 3465 explorandorum
577 3388 707 3447 studium
728 3405 757 3449 et
777 3389 878 3449 cadere
898 3391 931 3449 in
949 3389 1093 3448 humanae
1112 3399 1234 3446 naturae
1253 3384 1371 3444 faculta-

138 3492 182 3538 tes
211 3493 239 3540 et
266 3502 325 3540 esse
353 3483 425 3543 adeo
450 3483 562 3546 homini
592 3485 630 3545 ad
649 3488 726 3546 recte
748 3486 935 3568 cogitandum
954 3484 1154 3566 agendumque
1176 3484 1370 3543 necessarium.

138 3577 197 3637 Sed
217 3581 380 3659 quaerimus
400 3582 448 3642 htc
458 3629 468 3657 ,
489 3584 584 3662 qualis
606 3585 692 3645 nobis
711 3588 830 3647 tandem
860 3586 989 3645 Platonis
1009 3585 1071 3643 sive
1092 3581 1370 3663 metaphysica

138 3677 177 3735 sit
189 3699 267 3766 quae
287 3680 375 3760 vulgo
395 3681 577 3763 appellatur,
604 3685 666 3743 sive
685 3683 821 3748 doctrina
841 3685 903 3744 veri
922 3701 1096 3764 quocunque
1120 3680 1240 3740 tandem
1260 3679 1370 3739 nomine

138 3777 356 3857 nuncupanda,
387 3801 442 3858 qua
462 3779 498 3840 ad
519 3783 696 3860 assequenda
720 3782 790 3858 illa,
812 3780 850 3843 ad
870 3783 952 3857 veri,
983 3779 1038 3840 τοῦ
1065 3772 1167 3857 ὄντος,
1200 3767 1294 3839 οότοῦ
1320 3771 1373 3836 τοιἶ

138 3863 223 3946 ὄντος
253 3876 403 3937 scientiam
432 3881 644 3960 perveniamus.
688 3881 728 3940 Ut
756 3880 811 3940 hoc
841 3882 1045 3957 inveniamus,
1083 3881 1263 3962 dialogorum
1292 3877 1372 3937 nobis

138 3973 370 4052 Platonicorum,
392 3979 442 4056 qui
459 3979 649 4060 metaphysici
670 3979 813 4060 appellari
833 3980 947 4057 solent,
977 3983 1009 4041 in
1029 3983 1131 4062 primis
1151 3978 1328 4040 Parmenidis
1346 3988 1373 4034 et

137 4063 265 4148 Philehi',
290 4077 363 4135 ratio
384 4077 438 4135 erit
455 4077 601 4138 habenda.
644 4076 701 4159 Sed
721 4079 847 4159 primum
867 4079 1082 4140 consideremus
1100 4078 1199 4140 denuo
1226 4074 1372 4157 metaphy-

136 4173 223 4233 sicam
243 4172 413 4233 Aristotelis.
688 4163 691 4174 ’

178 4269 301 4352 Superat
326 4272 397 4349 haec
425 4275 544 4334 omnino
576 4290 695 4336 naturae
729 4289 841 4336 nostrae
859 4277 1046 4338 facultatem:
1068 4277 1109 4335 sic
1133 4297 1220 4358 snpra
1237 4293 1296 4332 eam
1314 4283 1372 4344 est,

139 4382 171 4428 ut
191 4369 358 4450 Protagorae
390 4370 524 4433 doctrina
552 4374 630 4433 infra
661 4371 910 4454 esse'diguitatem
931 4389 1057 4435 nostram
1077 4373 1204 4436 videtur.
1247 4373 1315 4432 Nam
1332 4383 1373 4427 est
