2832 5120
607 265 669 324 209

75 432 126 490 Nec
145 451 213 490 vero
232 430 292 509 ipse
312 429 447 486 Horatius
466 448 481 484 a
502 427 607 487 studiis
631 427 760 488 Platonis
779 441 807 486 et
825 426 1033 488 Socraticorum
1052 432 1165 493 alienus
1186 405 1255 496 erait.

39 528 133 586 Hausit
151 528 219 586 hinc
238 525 316 586 idem
336 539 364 584 et
382 525 449 584 aliis
469 525 664 585 hauriendum
685 527 817 606 putavit:

74 625 227 685 deridendi
243 636 341 699 reete,
361 645 466 703 capere
486 635 531 683 est
549 635 580 682 et
593 633 784 704 principiam
801 635 831 682 et
840 627 933 700 fons:

73 725 143 784 Rern
162 729 217 784 tibi
244 707 505 783 'Socraticae
532 733 677 802 poterunt
694 724 846 782 ostendere
866 725 999 786 chartae.
1025 725 1054 808 l)

38 821 88 881 Sed
115 825 147 883 in
175 823 321 883 Ciceronis
348 822 495 896 oratione,
528 821 579 880 ubi
607 822 643 883 de
672 821 768 881 laudis
798 821 961 902 gloriaeque
981 825 1094 900 studio,
1125 826 1162 886 de
1189 830 1257 888 lite-

38 943 122 981 rarum
151 943 245 982 amore
255 967 264 997 ,
285 919 321 980 de
338 922 369 981 vi
387 919 490 980 horum
509 920 671 980 studiorum
689 919 727 979 ed
748 920 825 980 vitae
844 921 1015 982 suavitatem
1033 923 1257 1006 felicitatemque

38 1021 106 1099 agit,
127 1021 192 1100 quis
218 1035 277 1095 est,
298 1020 371 1099 quin
397 1016 469 1077 haec
495 1018 594 1099 legens
614 1019 705 1100 ipsius
725 1017 869 1092 Phaedri,
890 1018 1050 1080 alacerrimi
1065 1023 1203 1101 juvenis,
1224 1028 1257 1087 in
1294 1009 1298 1014 Ι

38 1116 176 1176 literarum
195 1118 289 1178 studia
308 1114 438 1184 ardorem
457 1131 590 1197 agnoscat
600 1163 609 1192 ,
631 1131 714 1195 atque
736 1115 835 1174 eodem
855 1115 954 1176 videat
973 1133 1112 1180 oratorem
1132 1124 1257 1184 ardere?

38 1215 107 1288 Quid
126 1215 162 1274 de
179 1216 330 1298 Symposio
350 1214 444 1274 dicant
454 1261 462 1289 ,
484 1236 541 1294 quo
560 1216 591 1273 in
610 1215 713 1295 primis
729 1213 810 1274 Plato
828 1215 1052 1277 immortalitatis
1071 1239 1167 1300 spem,
1185 1243 1259 1302 quae

38 1313 76 1371 his
100 1314 205 1375 studiis
235 1315 342 1389 alitur,
373 1314 539 1393 expressit?
574 1312 679 1372 Nonne
706 1312 794 1371 refert
819 1311 907 1392 plane
936 1313 1072 1376 divinum
1101 1340 1258 1381 sermonem

38 1411 113 1470 illum
140 1413 210 1472 haec
240 1411 387 1472 Ciceronis
416 1411 584 1472 sententia?
629 1409 666 1470 Si
694 1412 776 1468 nihil
794 1418 917 1470 animus
935 1423 1140 1490 praesentiret
1157 1425 1258 1497 inpo-

38 1520 162 1586 sterum,
184 1522 215 1570 et
234 1519 279 1585 ei,
302 1513 409 1589 quidus
438 1513 614 1590 regionibus
642 1519 723 1568 vitae
752 1514 887 1587 spatium
909 1518 1176 1592 circumscriptum
1195 1531 1258 1595 est,

37 1611 131 1667 itidem
159 1631 257 1668 ornnes
284 1617 481 1689 cogitationen
510 1615 694 1667 terminaret
723 1603 892 1688 paau'nec
923 1619 1020 1670 tantis
1050 1635 1079 1671 ee
1109 1615 1259 1678 lateritiae

33 1710 211 1789 frangeret,
233 1731 326 1788 neque
353 1716 501 1766 tetrarte
520 1709 698 1788 vigiliisque
717 1719 902 1789 angeretur,
923 1731 1016 1788 neque
1036 1720 1123 1771 toties
1139 1715 1174 1772 de
1193 1725 1258 1774 vita

39 1813 95 1881 epea
115 1810 287 1866 dimicaret.
330 1804 419 1864 Nunc
436 1808 549 1865 insidet
568 1809 713 1886 quaedam
735 1814 768 1863 in
788 1813 895 1884 optimo
914 1830 1025 1888 qaoque
1044 1817 1162 1886 virtus,
1183 1837 1259 1892 qnae

38 1915 126 1962 noctes
155 1915 185 1963 et
210 1908 273 1964 dies
302 1913 438 1964 animam
463 1907 581 1986 gloriae
609 1907 743 1963 stimulis
767 1914 899 1964 concitat
916 1916 1006 1985 atque
1024 1911 1178 1986 admonet,
1199 1937 1257 1972 non

39 2023 96 2059 euin
114 2012 197 2063 vitae
218 2016 347 2081 tempere
367 2026 427 2062 esse
445 2005 658 2062 dimittendam
676 2001 981 2064 eornmemo'rationem
999 2015 1131 2066 nominis
1144 2021 1259 2089 nostri,

40 2103 80 2158 sed
107 2125 176 2162 cnm
194 2111 275 2162 anani
291 2111 468 2180 posteritate
487 2104 723 2183 adaequandum.
746 2099 778 2182 2)
819 2105 883 2162 Non
904 2102 989 2179 dico,
1010 2097 1170 2168 mutuatum
1189 2111 1259 2171 haec

40 2219 88 2258 esse
108 2223 123 2260 a
144 2202 263 2262 Platone
283 2203 466 2276 Ciceronem,
489 2215 520 2260 ut
540 2201 666 2260 rhetores
695 2201 807 2277 solent,
829 2223 886 2282 quo
904 2201 1015 2263 scilicet
1035 2222 1150 2268 ornaret
1169 2212 1259 2270 orati-

40 2317 112 2356 onem
142 2321 241 2376 suam,
265 2300 316 2359 sed
344 2323 360 2358 a
380 2301 478 2381 pueris
497 2300 549 2359 ille
570 2313 670 2381 captus
688 2299 818 2359 Platonis
837 2321 949 2374 amore,
970 2301 1122 2364 sinautem
1139 2323 1259 2389 captuS,
1275 2369 1280 2378 ,

42 2409 84 2470 ut,
103 2401 200 2477 prouti
221 2381 368 2458 Phaedrus
397 2399 530 2478 Lysiam,
553 2399 592 2457 ita
622 2399 683 2478 ipse
704 2398 853 2457 Platonem
881 2399 1033 2476 omnibus,
1054 2404 1104 2482 qui
1132 2427 1258 2488 unquam

15 2492 168 2556 ,dixerant
198 2498 427 2578 scripserantve,
459 2509 666 2577 anteponeret,
692 2497 835 2575 deumque
859 2499 1099 2576 philosophorum
1126 2520 1259 2582 vocaret,

42 2608 130 2671 sponte
157 2596 189 2654 in
219 2595 308 2673 hujus
335 2616 364 2654 se
393 2593 540 2674 cogitandi
571 2593 776 2672 scribendique
804 2595 944 2654 rationem
973 2598 1013 2656 sie
1043 2600 1261 2681 insinuaverat,

45 2704 70 2747 ut
93 2692 214 2752 colorem
244 2693 314 2752 inde
343 2692 452 2750 inscius
481 2692 512 2750 in
543 2692 621 2750 omni
651 2692 808 2771 scriptione
841 2691 976 2752 duceret:
1006 2697 1057 2775 qui
1083 2721 1150 2759 sane
1180 2703 1260 2763 color
1304 2709 1307 2718 '

47 2788 156 2850 Platonis
185 2805 328 2850 amantem
353 2805 414 2850 tum
434 2790 560 2849 advertit
578 2790 702 2848 maxime
713 2809 729 2864 ,·
743 2789 794 2847 ubi
811 2791 931 2849 minime
950 2787 1062 2852 imitari
1077 2798 1177 2858 Cicero
1195 2801 1258 2862 Pla·
1319 2851 1332 2870 .

46 2897 124 2946 tanen
152 2891 278 2949 videtur.
303 2890 420 2968 ,Itaque
450 2909 515 2946 cum
546 2889 578 2946 in
597 2887 649 2947 hac
668 2888 705 2946 de
726 2887 819 2946 literis
832 2888 1081 2972 ,humanitatisque
1101 2895 1258 2980 disciplina

45 2987 157 3046 oratione
196 2989 345 3062 Platonem
383 2987 524 3067 expressit
553 3007 654 3060 suum,
684 2999 745 3043 tum
772 2985 857 3045 libris
887 2986 923 3046 de
951 2989 1116 3070 eloquentia
1144 2999 1260 3078 scriptis

45 3080 136 3164 dialogi
164 3087 317 3167 usurpavit
345 3087 465 3145 formam
478 3130 486 3158 ,
515 3085 623 3165 quippe
652 3104 724 3162 quae
752 3097 902 3165 tantopere
925 3087 980 3168 ipsi
1005 3091 1037 3150 in
1055 3092 1174 3154 Platone
1191 3097 1258 3177 pla-

46 3198 146 3258 cuerat,
177 3200 239 3244 tum
268 3205 336 3245 vero
364 3197 391 3242 et
420 3185 451 3242 in
482 3183 527 3242 his
557 3184 676 3263 primis,
707 3205 778 3264 quos
807 3184 939 3266 scripsit,
960 3186 1084 3270 dialogis
1102 3203 1130 3250 et
1150 3191 1180 3253 in
1205 3196 1259 3271 iis,

46 3281 84 3356 qui
102 3281 151 3340 hos
169 3284 315 3343 consecuti
335 3295 417 3355 sunt,
439 3281 586 3340 Phaedrus
604 3282 659 3362 ipsi
678 3281 809 3362 dialogus
826 3286 981 3366 praecipue
1002 3288 1038 3346 ob
1052 3305 1176 3350 mentem
1196 3316 1259 3353 ver·

48 3393 110 3436 satus
137 3401 194 3440 esse
223 3381 351 3440 videtur.
394 3378 481 3438 Unde
501 3378 552 3437 illa
572 3380 731 3439 continuo:
774 3401 832 3438 ear
850 3404 908 3439 nen
929 3390 1110 3462 imitamur,
1133 3389 1258 3468 Crasse,

50 3475 184 3538 Sacram,
213 3482 321 3553 illum,
354 3487 406 3557 qni
436 3487 479 3537 est
510 3485 543 3535 in
572 3461 714 3537 Phaedro
745 3479 909 3562 Platonis?
931 3481 963 3562 3)
1001 3499 1028 3544 et
1057 3489 1176 3546 nullum
1205 3493 1257 3550 hee

42 3577 180 3656 frigidius
198 3581 320 3654 flamen
350 3584 465 3657 attigi:
488 3574 519 3656 l)
570 3576 727 3636 Fibrenum
758 3577 943 3658 significans,
968 3603 1051 3660 quem
1080 3605 1145 3644 eum
1175 3588 1259 3648 Ilisso

47 3677 158 3734 confert:
189 3691 248 3736 tum
280 3697 347 3736 vero
378 3697 507 3754 quereus
537 3676 610 3750 illa,
642 3697 715 3755 quae
747 3676 832 3735 nobis
866 3676 1018 3758 platanum
1052 3684 1139 3743 refert
1169 3686 1257 3767 plane

48 3772 136 3848 patulis
163 3775 295 3834 diffusam
326 3776 430 3849 ramis,
451 3796 536 3854 quam
555 3796 616 3834 non
636 3788 695 3833 tam
715 3775 774 3855 ipsi
795 3776 920 3853 aquuld,
942 3799 1026 3856 quam
1044 3779 1173 3842 Platonis
1192 3803 1258 3844 ora·
1287 3815 1290 3820 ·

49 3869 111 3928 tione
127 3875 247 3932 crevisse
266 3873 410 3948 censebat.
434 3871 465 3953 5)
485 3933 490 3940 ,
507 3873 660 3953 Attigimus
679 3872 748 3950 haec
768 3894 872 3953 supra,
896 3871 927 3954 6)
958 3875 1007 3936 sed
1026 3878 1129 3938 iterum
1150 3881 1258 3945 viden-

75 4043 95 4106 ll
113 4049 168 4100 tot.
185 4065 225 4100 vs.
243 4047 302 4100 309.

75 4129 96 4191 2)
113 4131 162 4186 Cic.
178 4153 225 4202 pro
242 4135 339 4184 Archia
356 4151 378 4186 c.
405 4133 444 4184 ll.

76 4214 97 4279 3)
114 4220 147 4287 tte
163 4221 232 4272 Orat.
250 4219 269 4272 l.
289 4219 312 4270 7.

76 4301 98 4362 ll
115 4305 147 4355 De
163 4306 231 4374 Lepp
251 4305 281 4356 ll.
299 4303 324 4355 3.

78 4385 99 4447 tl
116 4389 147 4439 tte
164 4392 231 4443 Orat.
251 4390 300 4456 l.‚l.

79 4471 100 4534 li)
116 4476 182 4528 initia
199 4496 224 4546 p.
238 4479 278 4530 77.
