2908 5114
726 231 785 292 326

137 389 213 460 αὐτοὶ
235 389 355 456 δοκοῦσι
378 410 441 472 σοι,
463 390 556 456 καίτοι
579 393 693 475 νοητῶν
709 386 804 456 όντων
818 388 895 472 μονα
910 387 1020 474 ἀρχῆς·
1047 385 1211 454 διάνοιαν
1231 386 1265 450 δὲ
1279 393 1370 456 καλεῖν

136 519 188 576 μοι
217 497 313 570 δοκοῖς
339 489 394 576 την
423 492 485 554 τῶν
511 494 717 578 γεωμετρικῶν
744 517 775 557 τι
804 493 854 556 καὶ
878 487 935 576 τήν
961 494 1022 556 ταῖν
1051 485 1195 556 τοιούτων
1219 489 1291 568 tto,
1313 488 1371 554 ἀλλ’

136 591 189 660 οὖν
221 599 251 682 l)
278 590 319 671 ὥς
347 582 458 675 μεταξύ
484 620 513 658 τι
540 591 631 681 δόξης
656 619 688 660 το
717 595 767 660 καὶ
793 594 848 658 rori
873 590 929 677 την
956 589 1128 670 διάνοιαν
1155 586 1261 656 οὖσαν·
1283 617 1371 672 quum

137 721 206 760 νονο
222 683 313 759 iidem
334 721 392 758 ιιοιι
413 701 454 758 orl
465 708 660 778 principium
680 702 855 773 accendant,
877 701 928 758 aad
942 701 978 757 ol
997 691 1161 760 duodicem
1183 697 1371 770 descendant,

137 820 261 876 copore,
281 795 350 858 νοῦν
372 791 467 876 ἴσχειν
486 800 544 856 etot
558 807 592 858 ι’νι
613 802 661 861 lu'e
680 821 739 860 nort
759 800 918 872 rideatur,
940 809 1134 878 quantoties
1155 803 1192 859 ab
1210 805 1272 876 ipm
1287 800 1371 870 prim

136 905 214 977 cipio
237 909 336 958 niente
362 907 591 978 percipiuntur.
634 900 720 980 Ergo
750 889 882 956 διάνοιαν
915 920 1020 958 cocere
1049 901 1127 958 milri
1153 903 1372 979 geometrarum

137 999 346 1075 similiumque
375 1006 527 1056 rationem
553 999 688 1074 viderie,
719 1021 777 1060 non
805 1019 874 1056 vero
902 995 991 1074 νοῦν,
1023 1006 1132 1078 quippe
1158 1015 1229 1054 eum
1264 982 1372 1052 derisore

94 1103 102 1118 ⁰
137 1095 270 1154 meditem
301 1105 403 1154 terreat
433 1104 518 1154 iotae·
546 1101 714 1173 opinionem
744 1107 775 1156 et
800 1095 870 1156 νοῦν
898 1101 1005 1158 locum.
1030 1117 1075 1146 -·
1111 1094 1282 1157 Plenissime
1306 1091 1372 1150 baec

138 1193 292 1276 percepisti
304 1176 318 1250 ι’
343 1195 442 1275 accipe
480 1205 577 1252 autem
616 1191 737 1275 iusuper
773 1196 811 1256 ad
839 1212 963 1276 quatuor
991 1195 1059 1254 illas
1085 1191 1228 1253 sectiones
1256 1203 1372 1270 quatuor

138 1287 262 1366 haecce,
292 1311 366 1374 quae
395 1294 428 1352 in
456 1292 554 1352 animo
594 1305 680 1352 suut:
714 1285 843 1376 νόησιν
877 1297 915 1357 ad
944 1311 1126 1377 supremam,
1155 1289 1195 1350 ad
1222 1285 1372 1348 secundam

136 1381 323 1468 διόνοιαν;
352 1393 453 1454 tertiae
482 1387 604 1452 etiarm
630 1393 745 1471 tribue,
773 1397 890 1456 infimae
909 1406 1004 1454 autem
1026 1384 1208 1451 citrariae·
1237 1385 1308 1444 baec
1325 1404 1372 1464 pro

139 1505 238 1554 mutua
263 1493 375 1554 latione
396 1507 424 1552 ct
443 1492 631 1574 proportione
648 1492 771 1569 ordina,
794 1509 846 1570 ut,
867 1507 1010 1574 quatenus
1027 1491 1203 1573 participare
1222 1509 1239 1546 a
1259 1483 1372 1545 veritate

139 1583 277 1670 possunt,
308 1605 428 1660 catenus
455 1609 514 1650 esse
542 1591 689 1654 existimes
719 1593 860 1652 claritatis
889 1591 1054 1673 participia.
1071 1629 1106 1640 -
1134 1587 1200 1647 lim
1225 1581 1372 1659 intelligo,

139 1686 253 1766 tibique
272 1690 413 1749 assentior
431 1701 459 1748 et
478 1687 603 1764 ordino,
625 1702 656 1749 ut
677 1689 817 1760 dixisti.»
837 1687 869 1770 2)

180 1786 356 1865 Hujusmodi
385 1787 474 1866 igitur
503 1799 546 1845 est
575 1799 603 1846 ct
628 1787 675 1847 bis
703 1787 842 1867 gradibus
866 1787 1002 1868 procedit
1030 1783 1159 1844 hominis
1184 1781 1218 1839 in
1237 1775 1373 1838 mundum

140 1882 359 1964 intelligibilem
377 1885 442 1944 iter.
472 1883 639 1964 significari
659 1899 754 1944 autem
771 1885 875 1945 iisdem
894 1885 941 1944 bis
959 1881 1099 1966 gradibus
1118 1879 1232 1961 duplex
1248 1870 1374 1945 παιδείας

140 2000 248 2059 genus,
275 2003 398 2061 quorum
416 1982 539 2041 alterum
560 1981 651 2042 altero
670 1982 854 2058 illustretur,
874 2003 958 2042 nemo
978 1995 1021 2042 est
1031 2027 1039 2057 ,
1058 1980 1131 2059 quin
1148 1992 1252 2060 sponte
1272 1976 1373 2040 videat.

140 2077 278 2137 infimum
305 2079 475 2160 vulgaribus
504 2079 673 2140 hominibus
700 2075 859 2156 convenit,
887 2081 938 2160 qui
966 2081 1053 2139 unice
1082 2078 1222 2138 delectari
1242 2074 1374 2136 inanibus

140 2177 309 2258 speciebus,
332 2176 395 2237 illis
422 2178 564 2252 maxime,
596 2199 668 2257 quas
695 2180 766 2260 ipsis
791 2177 892 2260 podiae
910 2192 995 2259 atque
1014 2191 1139 2237 oratores
1156 2174 1373 2256 proposuerint,

140 2274 243 2334 solent.
285 2275 369 2334 Hauc
399 2275 480 2333 Plato
508 2271 678 2337 alueolos
706 2277 855 2357 appellat,
875 2275 1022 2337 ducto'ab
1043 2273 1220 2354 imaginibus
1240 2271 1373 2341 nomine,

140 2391 214 2450 quae
245 2373 278 2430 in
309 2371 436 2448 umbris,
465 2375 498 2434 in
526 2378 627 2456 aquis,
657 2378 690 2437 in
718 2374 844 2457 speculis
872 2388 1023 2455 apparent.
1066 2369 1266 2432 Converteudi
1295 2369 1374 2450 igitm

28 2475 30 2480 ’
70 2535 71 2538 ¹
142 2470 283 2560 contiuuo
302 2468 340 2527 ab
359 2469 406 2528 bis
423 2473 574 2551 speciebus
591 2474 630 2534 ad
648 2495 681 2534 ea
700 2485 785 2548 sunt,
807 2471 914 2552 quibus
934 2472 1043 2533 similes
1062 2483 1148 2530 sunt:
1170 2489 1230 2548 quo
1249 2465 1372 2526 nondum

139 2564 260 2645 'quidem
286 2567 325 2626 ad
351 2567 521 2645 seientiam,
550 2584 742 2632 veruntamen
770 2569 809 2630 ad
835 2565 933 2630 πίστιν
961 2567 1169 2641 adducuntur,
1195 2565 1307 2646 quippo
1324 2582 1374 2621 ma·

140 2677 243 2724 nentes
277 2664 309 2723 in
341 2664 451 2728 mundo
487 2667 661 2749 spectabili,
691 2670 723 2729 in
752 2691 810 2750 quo
838 2669 979 2750 quamdiu
1009 2679 1183 2740 versantur,
1212 2670 1374 2742 opinantur

141 2760 291 2836 homines,
322 2782 382 2821 non
407 2763 446 2824 ad
473 2773 634 2825 erientiam
660 2780 688 2827 ct
715 2775 877 2827 vamtatem
895 2767 1049 2827 accedunt.
1090 2763 1222 2824 Alterum
1248 2756 1374 2831 παιδείας

142 2877 234 2938 genus
259 2859 320 2918 illis
348 2859 550 2922 adhibendum
578 2865 661 2926 Plato
689 2880 807 2942 censet,
837 2868 907 2947 qui,
932 2865 1025 2924 missis
1044 2861 1148 2922 mundi
1167 2861 1335 2943 spectabilis
1351 2873 1374 2918 ct

144 2956 306 3016 simulacris
334 2971 362 3017 ct
388 2960 498 3021 umbris
528 2962 767 3040 simulacrorum,
787 2965 875 3024 altius
896 2961 1049 3024 escendere
1070 2975 1154 3040 atque
1170 2961 1248 3041 ipsas
1263 2977 1374 3022 cernere

143 3054 224 3115 ideas
252 3056 387 3138 cupiunt.
430 3057 471 3118 Ut
500 3053 553 3119 illi*
575 3083 591 3120 a
615 3059 765 3141 speciebus
793 3062 830 3123 ad
858 3083 910 3137 ca,
939 3059 1046 3140 quibus
1075 3059 1130 3118 bae
1160 3059 1268 3118 similes
1295 3069 1373 3128 sunt,

44 3187 50 3202 ι
143 3167 373 3229 convertuntur,
405 3155 444 3214 ita
471 3155 501 3215 bi
520 3179 574 3239 per
592 3159 685 3240 ipsius
704 3161 836 3221 veritatis
853 3158 1027 3240 disciplinas
1043 3178 1059 3216 a
1078 3157 1179 3223 smmis
1198 3173 1373 3217 numerorum

144 3245 357 3356 figurarumque
377 3253 643 3316 mathematicaeum
662 3255 700 3316 ad
718 3259 794 3339 ipsos
815 3279 949 3318 numeros
964 3257 1098 3336 ipsasque
1116 3254 1221 3334 figuras
1236 3251 1372 3328 educendi
1391 3257 1394 3264 '

142 3361 229 3406 sunt:
249 3369 307 3426 quo
324 3349 454 3410 διάνοιαν
476 3367 677 3433 assequuntur.
707 3356 799 3417 Iidem
821 3375 888 3416 vero
899 3401 907 3430 ,
929 3369 980 3429 ut,
1001 3353 1162 3433 repudiatis
1182 3351 1372 3422 immisistis,

144 3447 237 3507 missis
264 3449 350 3526 item,
377 3473 451 3530 quae
470 3452 516 3511 his
535 3452 703 3534 disciplinis
721 3455 854 3535 propriae
875 3468 962 3530 suut,
991 3443 1168 3528 ὑποθέσεσι,
1198 3449 1237 3520 ad
1262 3443 1373 3530 νόησα,

144 3543 181 3603 ad
213 3547 342 3628 ipsarum
369 3570 422 3631 per
450 3551 560 3610 banccc
589 3549 720 3611 idearum
744 3553 1038 3633 contemplationem,
1058 3552 1096 3612 ad
1115 3573 1210 3612 rerum
1229 3552 1372 3611 scientiam

144 3701 402 3716 ————-—.-

177 3781 202 3845 1)
222 3783 309 3853 Aegre
326 3788 432 3840 immuto
449 3786 525 3836 hocce
549 3770 612 3836 ἄλλ’
632 3769 703 3837 οὖν·
726 3802 785 3838 uam
801 3787 952 3853 planebacc
965 3789 1041 3840 dictio
1057 3787 1186 3840 Platonica
1205 3796 1258 3839 cst:
1277 3788 1372 3846 sarm,

142 3870 305 3932 commenita,
328 3880 424 3920 tumen:
444 3884 495 3936 quo
517 3888 596 3926 sensu
616 3875 713 3926 centies
737 3874 851 3924 occurrit.
887 3874 921 3925 At
936 3892 1028 3927 sensus
1047 3876 1136 3927 locist
1152 3873 1245 3928 allusio
1260 3873 1293 3925 ad
1309 3869 1373 3924 vocis

140 3939 258 4006 διάνοια
280 3962 406 4012 rationem
429 3961 459 4022 ,id
487 3964 591 4017 videtur
617 3969 772 4035 requirere,
799 3966 868 4034 quod
893 3970 1021 4023 vertendo
1042 3971 1169 4037 expressi.
1206 3969 1330 4036 Scripsit,
1351 3968 1371 4022 ni

144 4056 235 4124 tollor,
262 4059 352 4114 Plato:
375 4045 541 4114 διάνοιαν
567 4050 603 4115 δὲ
631 4057 728 4114 rolris
753 4075 804 4132 μοι
833 4052 928 4128 δοκοῖς
948 4050 1004 4136 την
1026 4103 1057 4114 -
1080 4051 1143 4117 oill'
1164 4050 1201 4116 ori
1221 4053 1316 4130 νοῦν,
1338 4045 1373 4125 ὠς

143 4137 256 4222 μεταξύ
281 4167 309 4205 τι
338 4138 432 4226 δόξης
457 4169 487 4206 το
515 4147 563 4208 καὶ
583 4148 652 4209 νοῦ
671 4144 727 4231 την
754 4141 919 4210 διάνοιαν
940 4141 1040 4211 οὖσαν.
1084 4159 1194 4228 Legisse
1219 4161 1255 4212 ita
1279 4159 1371 4210 Ficious

142 4241 253 4292 ridetur.
280 4241 377 4292 Videris
389 4249 471 4290 autem
485 4241 545 4292 mili
553 4245 758 4308 geometricorum
772 4251 795 4293 ct
808 4243 925 4295 similiter
940 4261 1025 4294 rerum
1037 4243 1143 4294 toditem
1158 4243 1370 4310 cogitationen

140 4328 254 4394 potius
279 4325 469 4395 appellare,
493 4343 583 4392 ηααοι
603 4327 816 4390 intellectum,
840 4333 960 4396 σασα·-

177 4409 203 4474 2)
222 4414 259 4464 De
277 4413 339 4480 liep.
360 4410 401 4460 Vl.
419 4409 477 4462 ⁵09.
496 4409 526 4462 D.
539 4412 643 4464 -511,
662 4414 692 4467 E.
