2832 5120
554 249 556 262 '
649 245 701 302 151

68 403 221 475 studentes,
248 425 312 462 eum
333 403 590 485 progrediebantur
615 404 721 478 facile,
751 419 812 464 tum
839 404 905 466 illos
927 385 1075 466 'faciebant
1101 412 1286 488 progressus,

65 503 129 580 qni,
156 502 370 581 qualescunque
395 501 529 576 tandem,
559 503 686 582 ipsorum
706 502 812 564 indoli,
829 518 1004 582 naturaeque
1032 517 1124 576 essent
1153 504 1284 584 congrui.

64 601 169 658 Caruisse
188 614 283 658 autem
303 600 422 660 uidetur
446 598 574 660 Socrates
599 601 708 680 magis,
730 620 767 658 nc
785 615 980 682 corrumperet
1001 603 1119 681 ingenia
1143 603 1283 684 intempe-

62 699 132 757 stivo
147 697 321 757 emendandi
338 697 433 758 studio
442 744 451 773 ,
471 719 557 776 quam
567 743 575 772 ,
597 712 629 759 ut
655 698 771 756 eximiis
788 699 961 776 quibusdam
981 698 1168 768 facultatibus
1188 700 1283 760 eluce-

62 808 139 869 reut,
159 793 270 854 efficere
290 796 441 856 studuisse.
481 792 545 857 Καὶ
565 794 653 856 τοῦτο
676 791 807 878 ἐναργὲς,
830 799 871 857 uit
891 799 923 856 in
941 788 1087 877 praeclara
1105 798 1158 858 illa
1179 817 1283 878 μαιευ-

60 891 136 973 ταῆς
159 895 370 974 descriptione,
397 886 443 956 ὅτι
468 891 538 979 παρ’
559 895 636 975 ἐμοῦ
657 892 744 958 οὐδὲν
764 890 882 958 ποίποτε
902 887 1069 973 μαθόντες,
1095 891 1157 958 ἀλλ’
1177 891 1303 960 adnot*

60 991 132 1072 παρ’
156 987 275 1055 αὑτοῖν
293 991 389 1062 ,πολλά
411 996 460 1058 καί
473 991 549 1072 ,καλοὶ
570 993 740 1083 εὑρόντες
758 1021 790 1060 τε
807 996 857 1059 καί
874 991 1057 1076 κατέχοντες.
1074 997 1161 1059 Illud
1179 1011 1281 1061 mani-

51 1100 179 1172 festum,
200 1099 362 1174 discipulos
375 1121 396 1156 ο
411 1123 456 1160 me
470 1111 615 1180 accepisse
632 1105 714 1162 ertit
720 1148 729 1178 ,
748 1105 798 1161 sed
811 1110 890 1179 e'psm
903 1123 927 1157 α’
940 1123 970 1159 ae
985 1110 1015 1158 ec
1030 1101 1129 1157 multa
1148 1109 1178 1168 et
1188 1121 1279 1177 proe-

57 1198 139 1253 elera
156 1197 305 1259 didicisse.
324 1196 491 1278 l)Videru1·
508 1201 585 1260 hanc
601 1201 762 1259 cautionem
771 1245 780 1275 ,
805 1198 882 1260 hanc
899 1198 1118 1273 abstinentiam,
1139 1220 1196 1277 qua
1210 1219 1280 1280 pro-

57 1294 128 1353 fecto
148 1295 225 1353 nihil
248 1309 289 1368 est
308 1294 425 1356 docenti
451 1295 622 1373 difficilius,
641 1297 786 1358 diuinitus
803 1296 858 1357 sihi
875 1296 971 1356 datam
991 1316 1068 1371 esse,
1084 1296 1278 1356 existimasse:

2 1415 3 1418 ¹
56 1405 128 1450 certe
141 1413 190 1451 suo
200 1393 261 1473 ipse
272 1394 356 1472 genio
365 1395 514 1455 retinendi
524 1395 746 1475 evertendique,
759 1417 819 1455 non
829 1394 995 1454 concitandi
1005 1395 1065 1453 vim
1074 1393 1229 1454 tribuebat.
1247 1393 1279 1475 2)

93 1491 126 1548 ln
144 1504 202 1551 tota
223 1490 278 1549 hac
299 1491 428 1551 Platonis
447 1492 483 1552 de
510 1514 577 1556 vera
596 1494 779 1553 institutione
803 1493 953 1566 doctrina,
975 1513 1047 1570 quae
1071 1492 1130 1550 sint
1148 1491 1278 1566 Socrati,
1316 1531 1317 1535 κ
1376 1483 1379 1492 ¹

55 1609 122 1666 quac
140 1589 194 1668 ipsi
214 1589 327 1648 Platoni
346 1591 482 1672 propria,
502 1612 574 1669 quae
594 1594 662 1650 item
681 1613 696 1650 e
716 1592 891 1672 Pythagorae
911 1604 939 1650 et
958 1590 1197 1670 Pythagoreorum
1215 1590 1277 1670 pla·

55 1687 115 1744 citis
133 1686 238 1762 ducta,
260 1700 321 1747 tum
339 1687 424 1748 nobis
443 1689 601 1770 quaerendi
623 1690 677 1750 erit
696 1690 793 1763 locus,
814 1689 931 1767 quando
951 1689 1080 1747 criticam
1099 1707 1194 1747 sumus
1212 1689 1278 1770 phi·

54 1784 192 1866 losophiae
212 1785 376 1845 Platonicae
392 1786 630 1867 disquisitionem
655 1789 826 1848 instituturi.
868 1788 952 1846 Nunc
979 1786 1010 1847 id
1034 1787 1143 1866 agimus
1172 1787 1277 1860 unice,

3 1895 4 1900 ’
54 1897 82 1940 ut
109 1883 227 1943 lectores
254 1885 287 1944 in
313 1884 399 1969 hujus
422 1885 622 1967 philosophiae
643 1887 808 1946 interiorem
837 1886 976 1945 rationem
1005 1883 1193 1959 inducamus3
1216 1901 1274 1962 quo

53 1980 101 2040 illa
126 1982 315 2063 pertinebunt
343 1984 486 2058 maxime,
512 2005 587 2064 quae·
611 1984 647 2043 de
678 1984 865 2063 eloquentia,
894 2003 981 2062 quam
1007 1981 1142 2062 probavit
1170 1980 1270 2053 Plato,

53 2079 234 2140 monebimus.
255 2111 257 2116 .
275 2079 574 2142 Animadvertendum
594 2096 688 2140 autem
712 2082 850 2141 hocloco
873 2079 990 2141 videtur
1000 2125 1009 2156 ,
1031 2077 1128 2139 eorum
1139 2125 1147 2154 ,
1169 2079 1218 2158 qui
1240 2079 1273 2138 in

53 2176 278 2258 philosophando
306 2179 453 2240 Platonem
482 2181 571 2254 secuti
592 2194 677 2255 sunt,
698 2181 751 2241 uin
773 2197 944 2259 quemquam
970 2179 1076 2253 fuisse,
1097 2177 1169 2256 quin
1195 2175 1270 2234 hanc
1357 2177 1360 2183 ’

54 2274 209 2357 philosophi
237 2275 399 2335 doctrinam
424 2299 489 2336 cum
517 2277 651 2358 probaret
678 2278 879 2352 uehementer,
900 2290 964 2356 tum
984 2295 1127 2356 exponere
1148 2287 1175 2333 et
1197 2271 1273 2333 illu-

53 2386 133 2431 strare
157 2388 316 2433 conaretur.
358 2376 400 2434 De
426 2376 639 2436 reminiscentia
662 2377 753 2436 animi
776 2375 1005 2454 suscitandisque
1026 2370 1186 2434 rationibus
1201 2371 1288 2430 olim

52 2473 203 2552 perceptis,
224 2473 327 2534 festive
345 2469 490 2532 Maximus
508 2475 614 2554 Tyrius
638 2476 677 2537 sic
704 2475 851 2556 disputat,
872 2487 905 2532 ut
923 2485 1100 2552 praesentem
1123 2469 1270 2528 conditio-

53 2589 111 2626 nem
128 2583 250 2628 nostram
268 2572 365 2646 nocti,
386 2563 509 2630 mentem
532 2586 626 2630 autem
645 2573 808 2652 imperatori
828 2572 974 2644 conferat,
996 2569 1102 2628 milites
1122 2567 1270 2634 dormien-

52 2679 90 2724 tes
106 2655 400 2741 esomno'excitanti.
427 2670 605 2728 «Homerum
621 2679 771 2748 sequamur
781 2715 790 2744 ,
811 2670 868 2744 ait,
892 2667 1032 2748 fingamus
1060 2677 1171 2723 noctem
1191 2684 1270 2737 esse,

51 2764 220 2845 quietemque
240 2767 273 2825 in
293 2768 392 2827 castris
410 2767 603 2848 profundam,
624 2767 750 2847 aliosque
770 2786 868 2827 omnes
892 2755 994 2824 ordine
1020 2783 1120 2822 somno
1142 2759 1269 2842 sepultus

52 2862 177 2923 altissimo
191 2865 305 2942 jacere:

191 2956 266 3023 Ἀλλ’
287 2957 338 3024 oda
358 2957 517 3046 Ἀτρείδην.
529 2958 744 3043 Ἀγαμέμνονα,
767 2957 890 3041 ποιμένα
911 2957 1003 3032 λαῶν,

192 3056 282 3138 ὕπνος
303 3059 378 3146 ἔχεν·
788 3117 790 3131 1
975 3121 982 3130 „

53 3165 98 3224 Hic
116 3182 207 3226 autem
231 3167 334 3227 ordine
358 3188 455 3227 omncs
479 3169 602 3242 excitat,
625 3169 770 3247 aciemque
789 3169 915 3227 instruit.
961 3161 1105 3226 Τοιοῦτον,
1122 3155 1196 3242 ἡγοῦ
1216 3158 1264 3219 καί

52 3263 107 3346 περὶ
135 3261 189 3347 τήν
219 3258 324 3347 ψυχήν
352 3263 501 3345 γίνεσθαι,
532 3260 622 3326 νύκτα
651 3261 773 3347 πολλήν,
805 3263 853 3326 καί
884 3257 974 3326 ὕπνον
1000 3258 1101 3344 βαθίν
1126 3260 1188 3324 τῶν
1211 3285 1266 3343 της

53 3367 142 3448 ψυχῆς
167 3362 336 3450 νοημάτων·
364 3362 418 3429 τείν
445 3364 480 3428 δὲ
497 3361 593 3448 ’λόγον
613 3363 717 3448 αὐτόν,
744 3363 799 3429 τείν
821 3361 987 3450 στρατηγδν
1009 3361 1080 3428 ὅντα
1101 3361 1123 3448 ἢ
1143 3360 1264 3445 βασιλέα

53 3463 68 3548 ἢ
81 3463 109 3544 d,
122 3493 149 3530 τι
164 3455 218 3550 περ
242 3463 402 3552 ὀνομάζων
417 3469 541 3553 χαίρεις,
565 3465 685 3532 ἐπιόντα
700 3464 812 3532 τούτων
822 3467 942 3532 ἕκαστον
955 3468 1003 3530 καί
1019 3467 1201 3551 ἐπεγείραντα
1210 3467 1263 3548 ,καὶ

52 3567 247 3634 σοντάττοντα.’
266 3557 359 3635 Κάλίι
383 3569 419 3632 δὲ
443 3568 496 3634 τείν
522 3571 578 3652 μὲν
598 3567 689 3635 ίίπνον
709 3567 823 3655 λήθην,
845 3567 900 3654 τήν
921 3570 957 3632 δὲ
978 3565 1134 3632 α’νάστασιν
1165 3565 1265 3631 αὐτῶν

52 3664 211 3759 ίνάμνησιν,
225 3670 348 3758 μνήμην
362 3673 397 3736 δὲ
411 3670 466 3757 την
488 3672 621 3758 φυλακην
641 3674 689 3738 καὶ
709 3671 766 3757 τήν
783 3673 932 3757 σωτηρίαν
946 3673 1009 3736 τῶν
1024 3667 1261 3752 σονταχθέντων.

56 3776 75 3836 Τ
75 3781 114 3836 ale
131 3781 203 3858 quid
215 3787 363 3838 'existima
383 3790 413 3838 ec
427 3788 460 3836 ire
471 3781 650 3856 animofieru'
665 3789 783 3852 nostro,
804 3787 916 3836 noctem
926 3778 1261 3852 oe'dele'cetaomneemque

2 3929 3 3934 ,
53 3883 77 3932 in
91 3900 129 3952 eo,
144 3886 196 3956 quei
205 3887 399 3958 cogitationes
410 3887 475 3956 ejus
484 3886 635 3954 opprimat
641 3923 649 3952 ,
660 3877 983 3953 adoririprrffrmdum:
995 3881 1144 3931 ratione-m
1159 3884 1260 3930 autem
1281 3953 1285 3962 ,

54 3980 245 4052 imperatorem
268 4000 346 4051 ease,
372 3989 542 4056 corregam
562 3988 616 4032 aut
630 3978 821 4054 quodeunque
841 3995 904 4030 eam
923 3975 1075 4050 appellere
1095 3973 1186 4045 velia,
1208 3979 1260 4049 quei

2 4123 3 4134 ,
55 4077 168 4154 singulos
194 4078 299 4149 adeat,
330 4085 437 4152 sopitos
465 4083 590 4148 excitet,
620 4082 764 4131 excitator
791 4074 894 4130 ordine
909 4073 1068 4162 *disponat
1116 4069 1258 4127 Somnum
1308 4129 1311 4137 ,
1407 4123 1409 4135 ,

59 4227 288 4240 Ἢ

84 4331 103 4394 ll
123 4337 210 4388 Tlteetel.
231 4337 287 4416 l50.
307 4336 357 4386 D.'

83 4417 103 4482 ll
119 4421 172 4474 llud.
190 4421 247 4474 151.
267 4423 296 4473 A.
321 4422 406 4488 l'lrenp.
428 4421 484 4470 128.
506 4421 535 4471 D.
555 4421 618 4472 Mun.
639 4421 695 4486 l'yr.
715 4423 771 4470 de‘ss.
791 4419 844 4470 XlV
866 4428 890 4470 et
908 4421 958 4470 XV.
