2832 5120
748 94 775 156 b

761 199 837 310 m·

169 421 315 502 praesagio
339 427 439 490 acute,
459 413 633 494 quibusnam
662 409 708 471 illi
730 412 774 472 usi
794 409 957 492 proficiant.
998 415 1129 490 Quorum
1156 415 1260 476 multos
1276 415 1373 480 Prodico

168 516 298 592 tradidi,
319 515 423 575 multos
443 513 510 572 aliis
536 508 726 592 sapientibus.
740 523 770 570 et
782 508 902 578 ¹divinis
920 511 1002 572 viris.
1025 541 1057 554 ·—
1079 514 1156 574 Haec
1178 513 1252 589 tibi,
1271 517 1372 595 optimc,

168 616 222 676 hac
238 615 274 676 dc
292 633 391 674 caussa
412 613 504 670 fusius
524 608 676 668 enarravi:
698 608 858 688 suspicatus
872 609 997 686 scilicet,
1017 624 1060 688 te,
1081 611 1316 691 quemadmodum
1327 614 1373 694 ipse

168 717 278 793 putas,
289 723 495 791 praegnantem
518 708 670 789 parturire.
713 707 863 766 Committe
890 720 918 766 te
939 709 1028 788 igitur
1047 698 1119 769 mihi
1130 725 1139 786 ,²
1161 724 1194 769 ut
1214 709 1275 770 filio
1297 710 1373 770 obste-

167 810 249 869 tricis
260 822 288 868 et
309 809 364 889 ipsi
383 807 565 868 obstetricias
585 805 655 864 artis
675 804 783 885 perito,
803 825 932 884 quaeque
952 825 1019 886 rogo
1029 851 1039 881 ,
1064 805 1102 866 ad
1122 807 1193 867 haee
1214 829 1266 889 pro
1277 809 1374 870 viribus

166 904 318 990 responde.
348 905 459 981 Quodsi
475 905 593 964 fortasse
614 923 725 976 eorum,
746 923 819 981 quae
839 901 931 978 dices,
952 903 1108 985 explorans
1124 905 1257 984 aliquid,
1281 905 1374 965 simula·

166 1023 247 1065 crum
277 1025 355 1080 esse,
386 1023 447 1064 non
470 1021 589 1076 verum,
615 1000 829 1084 existimavere,
856 1000 964 1088 deinde
984 1002 1128 1062 sustulero
1147 1017 1231 1082 atque
1250 1005 1375 1082 abjecero,

166 1124 217 1179 ne,
244 1124 361 1184 quaeso,
386 1100 536 1175 irascaris,
565 1100 661 1180 prouti
679 1099 771 1179 primo
791 1112 876 1179 partu
893 1119 1050 1180 puerperae
1068 1100 1150 1181 prole
1170 1103 1275 1178 rojecta
1293 1103 1374 1162 solent

108 1192 110 1196 ’
166 1202 255 1262 Multi
275 1202 334 1278 jam
353 1199 446 1273 enim,
467 1196 589 1255 mirifice
618 1195 803 1269 adolescens,
825 1197 865 1255 sic
885 1217 951 1276 erga
971 1217 1015 1256 me
1037 1199 1235 1273 arcessunt,
1258 1213 1289 1258 ut
1307 1199 1375 1280 plane

164 1299 202 1359 ad
227 1296 418 1359 mordendum
438 1297 498 1355 sint
517 1295 628 1376 parati,
658 1295 768 1373 quoties
789 1293 858 1374 ipsis
879 1313 969 1374 nugas
989 1295 1127 1373 quasdam
1147 1293 1310 1372 detraham,
1335 1316 1374 1355 net

163 1411 268 1480 putant
295 1396 326 1455 id
354 1415 371 1454 a
399 1415 443 1452 me
463 1392 668 1476 benevolentia
693 1391 765 1451 lieri.
807 1391 934 1450 Multum
955 1391 1053 1468 abest,
1083 1407 1115 1452 ut
1140 1393 1253 1475 sciant,
1280 1395 1375 1454 nullum

164 1517 223 1556 csse
238 1498 330 1555 Deum
344 1490 512 1552 hominibus
527 1490 715 1564 malevolum,
733 1509 786 1548 nec
802 1509 871 1550 vero
885 1509 929 1548 me
945 1491 1104 1570 quidquam
1117 1490 1176 1550 talc
1191 1492 1375 1553 malevolentia

163 1596 274 1654 facere:
296 1591 368 1650 mihi
390 1610 458 1652 vero
473 1589 580 1649 salsum
597 1588 748 1648 admittere
763 1601 848 1668 atque
862 1586 1039 1648 abscondere
1060 1607 1179 1666 verum,
1206 1590 1292 1652 nullo
1309 1590 1375 1652 modo

165 1692 280 1752 licitum
300 1703 368 1750 est.»
396 1687 425 1768 l)
565 1761 569 1770 Ι
1121 1691 1123 1698 “
1408 1727 1412 1794 p

201 1778 289 1850 Nolui
309 1785 495 1867 interpellare
516 1785 678 1859 Socratem,
699 1785 769 1843 baec
789 1783 830 1842 ita
853 1783 1008 1846 Theaeteto
1028 1800 1058 1845 et
1083 1785 1236 1848 Theodoro
1257 1809 1375 1848 enarran-
1408 1800 1412 1864 t

160 1903 236 1964 tem,
258 1902 369 1946 utrem
390 1905 426 1943 ex
448 1884 509 1966 ipso
529 1896 620 1942 totam
638 1883 868 1964 perciperemus:
890 1902 1062 1960 quamquam
1085 1898 1153 1944 suut
1172 1885 1258 1946 nobis
1279 1886 1375 1968 singula
1410 1865 1411 1872 ¹

161 1988 239 2062 sere,
259 2005 332 2065 quae
351 1983 448 2057 dixit,
470 2003 507 2042 ex
533 1982 626 2062 ipsius
650 1980 834 2058 Platonisque
854 1978 1039 2071 philosophia
1060 1981 1177 2042 uberius
1204 1983 1375 2043 declaranda.

160 2085 260 2145 Veluti
280 2082 358 2163 quod
379 2081 478 2140 lenoni
505 2101 534 2140 se
554 2081 749 2160 comparavit,
774 2078 825 2157 qui
850 2076 908 2136 alia
937 2078 1054 2157 ingenia
1081 2100 1148 2146 oum
1167 2081 1233 2141 alii's
1253 2083 1375 2142 concilia·

160 2198 221 2258 ret,
243 2198 274 2242 ut
295 2202 331 2241 ex
352 2201 450 2240 eorum
469 2177 679 2242 consuetudine
700 2191 728 2236 et
750 2175 948 2256 congressibus
973 2178 1146 2257 optimarum
1167 2200 1263 2239 rerum
1282 2181 1375 2254 studia,

158 2297 294 2359 tanquam
314 2280 424 2352 foetae,
446 2277 609 2336 ederentur.
640 2276 780 2335 Similiter
799 2273 833 2334 id
854 2272 1003 2353 praedicat
1021 2274 1056 2336 dc
1076 2297 1135 2334 sese
1156 2278 1189 2337 in
1210 2277 1373 2362 Xenophon·

160 2393 205 2438 teo
224 2377 383 2458 Symposio.
430 2376 502 2436 Nam
527 2395 593 2434 cum
618 2375 722 2433 caeteri
744 2373 807 2432 illic
834 2391 893 2429 rem
913 2371 1133 2447 memorassem,
1158 2397 1215 2454 qua
1236 2379 1375 2457 gloriaren-

149 2491 207 2536 tur
227 2475 369 2548 maxime,
391 2473 497 2534 Callias
518 2474 659 2534 Socratem
680 2473 816 2546 intuens,
843 2462 880 2528 oti
907 2466 943 2529 dd
970 2465 1025 2551 δή,
1052 2467 1130 2552 ἔφη,
1158 2471 1207 2534 ἐπὶ
1233 2473 1289 2538 τίνι
1314 2470 1376 2554 μέγα
1410 2551 1411 2556 ¹

159 2577 291 2657 φρονεῖςς
317 2571 366 2632 καὶ
394 2569 442 2653 dg,
471 2567 553 2651 μάλα
580 2570 695 2650 σεμνῶς
715 2564 886 2645 ἀνασπάσας
906 2566 943 2632 τό
964 2567 1138 2654 πρόσωπον,
1161 2574 1210 2636 ἐπὶ
1231 2599 1376 2659 paurpa-

158 2675 251 2762 rctt'p,
273 2670 359 2737 einer·
382 2687 416 2734 tn
438 2699 505 2735 vero
521 2697 581 2756 quo
604 2685 633 2733 to
653 2682 783 2732 mommo
803 2695 836 2732 re
857 2673 974 2752 effers?
1000 2677 1076 2734 Tum
1090 2680 1158 2753 tlte,
1179 2680 1376 2742 contrectari

156 2788 344 2862 gravitatem
365 2779 472 2850 vultu,
504 2775 741 2844 lenocinio,
756 2757 924 2848 respondit.
944 2771 975 2853 2)
1016 2775 1067 2835 Est
1093 2791 1187 2844 autem
1208 2778 1261 2838 hoc
1283 2793 1375 2851 totum,
1411 2823 1412 2843 ,

156 2879 287 2958 quamvis
304 2879 399 2956 jocose
425 2875 554 2946 dictum,
573 2891 618 2968 ¹ert
642 2863 758 2952 placitis
783 2869 911 2930 Platonis
937 2871 974 2930 de
999 2876 1089 2933 animi
1111 2887 1213 2936 natura
1235 2879 1375 2960 explicari·
1395 2939 1411 2962 .,

156 2975 237 3037 dum.
283 2975 401 3036 Scilicet
431 2994 491 3031 non
519 2969 669 3028 machinae
696 2985 754 3026 csse
780 2968 874 3026 simile
899 2971 1033 3031 censebat
1062 2974 1213 3052 ingenium
1239 2977 1373 3048 hominis,
1410 2969 1411 3064 l

157 3097 218 3134 non
238 3095 253 3134 e
274 3074 372 3154 lapide
397 3084 446 3130 aut
473 3070 551 3149 ligno
582 3069 782 3138 informatum,
813 3080 846 3124 ut
871 3083 1033 3128 moveretur
1059 3069 1234 3132 mechanicis
1260 3074 1373 3156 legibus,
1410 3075 1411 3150 l

157 3173 339 3251 semetipsum
370 3191 430 3228 non
450 3157 595 3241 moveret3
626 3165 676 3224 sed
697 3158 886 3244 adtoatrptdr
907 3164 938 3247 3)
958 3167 1141 3248 appellabat,
1162 3172 1271 3230 moveri
1291 3186 1374 3230 autem
1409 3195 1410 3216 2

156 3270 280 3328 maxime
298 3267 439 3326 statuebat
453 3265 557 3346 spiritu
571 3263 638 3338 illo,
654 3285 738 3344 quem
754 3264 897 3339 diximus,
917 3265 969 3343 qui
983 3263 1063 3323 intus
1077 3265 1131 3324 alit
1145 3269 1255 3342 omnia,
1273 3291 1371 3328 amoro.

156 3367 235 3426 Hinc
254 3365 348 3446 pulcri
369 3365 529 3447 appetitus,
550 3363 601 3440 qui
621 3376 738 3444 apparet
756 3363 789 3422 in
808 3363 972 3422 infantibus
989 3383 1055 3420 cum
1073 3365 1265 3443 cognoscendi
1285 3367 1373 3426 studio

156 3466 345 3543 conjunctus:
376 3462 446 3521 hinc
473 3478 551 3520 amor
577 3461 639 3520 veri
667 3481 732 3519 curn
761 3459 855 3542 pulcri
883 3464 1055 3540 conjunctus
1084 3481 1195 3536 amore,
1222 3484 1279 3542 quo
1302 3464 1372 3522 ardet
1407 3479 1409 3522 t

149 3566 301 3642 juventus.
343 3562 442 3639 Itaque
466 3559 604 3618 amasium
627 3561 756 3639 anquirit
780 3560 946 3619 adolescens
968 3560 1139 3641 optimarum
1164 3581 1259 3619 rerum
1287 3561 1372 3621 studio

157 3661 342 3742 flagrantem,
363 3677 486 3738 quocum
506 3675 615 3737 semper
634 3659 670 3717 sit
689 3679 747 3717 una
767 3658 938 3735 miscentque
953 3677 1095 3716 sermones
1109 3658 1146 3718 de
1165 3657 1272 3718 virtute
1290 3661 1371 3736 deque

155 3777 208 3834 eo,
228 3756 307 3837 quod
334 3776 400 3818 vere
428 3757 465 3815 sit
483 3755 634 3837 pulcrum,
665 3777 731 3819 vere
757 3755 920 3814 tithonum
941 3758 1124 3834 justumque,
1146 3757 1371 3835 etqualcmesse
1407 3789 1408 3804 ,

154 3870 283 3938 oporteat
306 3857 401 3916 virum
418 3855 528 3914 bonum
547 3865 574 3912 et
593 3853 759 3934 sapientem.
791 3854 910 3928 Quaerit
929 3853 1046 3932 quidem
1067 3853 1117 3911 ille
1135 3855 1288 3914 formosum
1308 3874 1370 3913 cou-

154 3955 256 4014 tinuo:
278 3975 345 4014 nam
364 3951 436 4032 quid
455 3951 559 4034 pulcro
576 3965 617 4012 cst
635 3950 813 4012 amabilius?
835 3965 864 4010 et
885 3967 953 4012 vcro
973 3949 1069 4031 pulcri
1094 3950 1232 4031 adspectu
1252 3951 1370 4013 veritatis

154 4054 328 4132 virtutisque
353 4071 431 4110 amor
455 4050 487 4109 iu
511 4049 612 4132 primis
635 4049 822 4128 accenditur;
845 4049 895 4110 sed
919 4048 1113 4128 qualicunque
1138 4051 1175 4108 sit
1196 4049 1248 4110 ille
1272 4047 1368 4118 sormi,

190 4294 214 4362 l)
237 4296 330 4346 tteaet
350 4292 399 4344 148
419 4290 521 4344 Ε-151
536 4291 568 4342 l).

187 4379 214 4445 2)
232 4379 295 4431 Xan.
313 4379 395 4447 Symp.
413 4375 438 4428 3.
458 4375 519 4425 4-
535 4375 576 4428 10.
594 4379 627 4441 lt,
643 4374 684 4428 56.

187 4464 214 4530 3)
232 4467 340 4517 Pboetlr.
360 4462 420 4515 245.
441 4461 468 4514 C.
