2838 5120
617 259 676 320 237

45 425 173 496 lectores,
202 423 269 501 quis
297 421 334 483 sit
361 441 501 500 quamque
531 421 588 482 late
616 432 712 502 pateat
740 428 875 500 campus,
905 421 937 480 in
964 441 1049 500 quem
1074 443 1151 482 nunc
1178 423 1262 485 nobis

44 520 251 580 exonerandum
263 519 310 578 sit.
333 519 370 578 Et
384 519 527 598 profecto,
543 519 623 599 quod
638 519 674 580 ab
689 518 774 580 initio
790 519 932 592 diximus,
948 518 1023 578 banc
1038 539 1098 580 esse
1113 519 1145 577 in
1161 523 1262 600 primis

42 619 241 699 disciplinam,
271 637 342 697 quae
372 630 399 676 et
428 617 560 696 prodesse
587 618 712 677 manime
733 630 760 674 et
779 616 875 676 obesse
895 599 1094 697 philosophiae
1114 617 1263 680 doetrina-

42 739 156 796 rurnque
182 716 286 776 studiis
305 717 413 795 possit,
434 715 596 776 istiusmodi
616 730 675 789 est,
698 728 730 772 ut
747 715 828 774 locus
848 714 895 772 hic
914 715 1000 782 nobis
1020 715 1052 773 in
1072 715 1264 798 philosopho-

42 838 117 888 rum,
148 819 205 876 imo
231 817 263 876 in
292 835 373 874 usum
404 815 533 874 omnium
546 861 554 888 ,
585 816 635 893 qui
665 813 812 872 doctrinas
841 826 982 886 tractant,
1014 813 1100 874 latius
1128 817 1263 895 omnique

42 915 148 974 ambitu
176 913 345 975 tractandus
373 911 516 972 rideatur.
559 914 681 994 Operam
710 926 804 972 autem
835 911 987 986 dabimus,
1008 926 1039 973 ut
1057 913 1089 972 in
1106 914 1152 973 his
1172 936 1264 994 eupo-

43 1013 160 1086 nendis,
190 1033 262 1090 quae
288 1011 418 1072 abstrusa
446 1011 533 1089 vulgo
563 1026 591 1071 et
618 1010 790 1092 perobscura
825 1009 981 1084 videntur,
1012 1011 1210 1092 perspicuitati
1237 1029 1265 1074 et

42 1111 133 1190 quoad
163 1113 224 1188 ejus
251 1109 314 1170 fieri
344 1123 454 1190 potest,
484 1111 618 1172 suavitati
647 1107 839 1168 consulamus.
882 1107 967 1181 Quod
993 1123 1028 1176 ¹ut
1055 1111 1139 1176 nobis
1164 1133 1178 1170 e
1199 1127 1265 1175 voto

42 1211 138 1283 cedat,
168 1209 371 1271 adhibebimus
398 1209 537 1269 continuo
564 1208 763 1288 disquisitioni
792 1207 926 1266 historiae
953 1207 1065 1271 lumen:
1092 1211 1266 1272 delectione

41 1311 219 1387 exquiremns
248 1309 280 1368 in
306 1327 407 1386 genere
434 1306 561 1388 humano
589 1315 739 1387 originem
757 1319 785 1364 et
803 1313 915 1364 tnttto:
938 1306 1123 1386 procedemus
1141 1309 1212 1368 iude
1228 1309 1267 1369 ad

43 1408 193 1466 Socratem
213 1420 241 1465 et
260 1407 405 1486 propriam
427 1407 488 1482 ejus
509 1406 693 1479 methodum,
715 1397 770 1484 τήν
791 1397 959 1484 ἕπαγωγήν,
981 1426 1053 1486 quae
1068 1405 1154 1483 vulgo
1171 1409 1266 1466 vocari

41 1508 172 1564 inductio
192 1504 280 1564 solet:
294 1547 297 1560 .
311 1503 379 1564 huic
404 1504 584 1564 Aristotelis
605 1525 780 1586 opponemus
798 1507 955 1580 rationem,
975 1525 1032 1584 quo
1051 1507 1212 1567 accuratius
1231 1506 1268 1566 ab

43 1606 186 1682 utriusque
212 1603 363 1663 dialectica
390 1604 582 1664 Platonicum
611 1603 838 1684 distinguamus,
867 1605 992 1666 eshaee
1022 1603 1116 1682 qualis
1141 1605 1178 1664 sit
1198 1625 1267 1685 per-

43 1704 201 1784 spiciamus.
245 1701 357 1776 Quibus
391 1703 528 1782 expositis
548 1702 665 1764 tandem
675 1749 684 1777 ,
702 1723 776 1782 quae
797 1705 841 1764 vis
861 1705 897 1764 sit
918 1704 1086 1766 dialecticae
1105 1701 1268 1765 Platonicae

43 1802 74 1860 ad
102 1801 202 1860 nullas
218 1810 290 1862 ‘non
315 1815 388 1862 artes
417 1800 619 1879 doctrinasque
638 1803 692 1862 rite
711 1802 890 1875 tractandas,
912 1816 941 1860 et
959 1800 1169 1861 recludendum
1185 1803 1268 1879 juve-
1338 1823 1349 1846 ⁰

44 1901 123 1960 nibus
146 1899 184 1958 ad
203 1900 333 1962 veritatis
351 1900 501 1958 scientiam
521 1900 595 1973 iter,
616 1921 668 1960 nos
679 1944 687 1975 ,
709 1921 848 1980 auguror,
869 1923 929 1962 non
948 1899 1059 1962 latebit.

248 2096 536 2162 Dtatecrtcae
566 2099 671 2176 apud
703 2097 884 2158 Graecos
913 2105 1064 2158 irratio.

78 2297 197 2354 Constat
225 2293 303 2356 inter
333 2315 449 2369 omnes,
480 2296 520 2352 sic
554 2295 679 2355 eluxisse
709 2295 787 2376 apud
816 2295 938 2357 Graecos
967 2293 1199 2375 philosophiam,
1231 2307 1263 2355 ut

53 2414 147 2452 norum
175 2391 323 2454 videretur
347 2394 380 2452 in
403 2414 505 2472 genere
526 2394 653 2454 humano
674 2393 842 2454 studiorum.
855 2415 944 2474 genus
963 2395 1113 2455 exstitisse.
1154 2391 1268 2467 Quodsi

48 2493 218 2568 quaerimus,
249 2490 321 2568 quid
356 2492 523 2571 praesertim
553 2491 599 2550 his
628 2491 732 2553 studiis
759 2494 898 2564 novitatis¹
927 2493 1051 2573 speciem
1079 2491 1265 2553 commenda·-

48 2589 202 2669 tionemqne
229 2589 448 2662 conciliaverit,
470 2591 589 2664 fuerunt
617 2591 726 2664 multa,
748 2613 820 2669 quae
846 2613 877 2650 eo
894 2591 1027 2673 valerent
1046 2605 1073 2650 et
1093 2591 1190 2665 varia3
1214 2588 1264 2656 sed

48 2685 115 2746 nihil
135 2687 167 2746 id
186 2688 307 2746 effecisse
327 2686 490 2762 efficacius,
512 2710 597 2767 quam
616 2691 774 2750 dialectica
784 2735 792 2764 ‚
815 2691 939 2757 videtur.
962 2691 1032 2748 Nam
1051 2689 1120 2750 tulit
1138 2689 1265 2749 Oriens

51 2785 200 2862 sapientes,
231 2793 326 2844 reru'm
355 2784 523 2844 divinarum
559 2788 807 2866 humanarumque
837 2787 977 2848 studiosos
1007 2801 1035 2851 et
1061 2787 1264 2867 peritissimos,

50 2880 235 2942 doctrinarum
264 2884 334 2944 tulit
357 2898 470 2945 tantum
489 2907 548 2945 non
568 2887 696 2947 oninium
716 2887 818 2960 initia,
841 2901 868 2948 et
887 2907 945 2947 una
964 2907 1029 2947 cum
1048 2885 1127 2946 hisce
1147 2901 1266 2946 senten-

49 2980 94 3038 tias
120 2979 156 3040 de
184 2983 262 3055 Deo,
285 2981 320 3040 de
348 2983 483 3057 homine,
505 2983 540 3042 de
561 2984 670 3044 mundo
690 2985 869 3064 gravissimas
888 2997 915 3042 et
934 2983 1036 3064 plenas
1055 2983 1264 3065 philosophiae.

6 3109 8 3112 ·
48 3079 97 3136 Nec
126 3079 221 3138 defuit
248 3081 447 3142 Orientalibus
470 3082 658 3162 perquirendi
675 3083 822 3154 studium,
844 3104 909 3140 cum
928 3081 1080 3160 diligentia
1099 3095 1127 3138 et
1144 3081 1265 3141 assidui·

47 3190 95 3238 tate
123 3179 327 3254 conjunctum,
357 3180 464 3259 quippe
477 3225 485 3252 ,
507 3182 529 3240 si
548 3180 705 3254 defuisset,
726 3194 858 3252 tantum,
878 3195 1018 3259 quantum
1037 3178 1184 3253 diximus,
1206 3201 1264 3240 non

48 3276 229 3336 invenissent.
242 3275 270 3359 l)
300 3279 408 3338 Verum
429 3277 566 3338 disserere
585 3293 650 3358 apte
665 3278 826 3358 diserteque
846 3278 883 3338 de
903 3279 982 3338 omni
1002 3292 1185 3356 argumento,
1205 3301 1266 3338 rem

49 3375 211 3454 propositam
243 3377 274 3434 in
301 3397 366 3436 suas
395 3390 489 3456 partes
509 3375 662 3456 disponere
681 3390 711 3439 et
729 3377 915 3451 definiendo,
936 3377 1147 3452 discernendo,
1169 3367 1277 3439 distri·'

49 3469 157 3534 buendo
176 3473 335 3549 illustrate,
352 3474 608 3552 ratiocinandoque
623 3475 775 3556 procedere
793 3474 831 3537 ad
847 3477 939 3556 prima
953 3497 1048 3536 rerum
1063 3475 1217 3548 elementa,
1233 3475 1265 3534 id

49 3569 165 3630 Graeci
196 3573 327 3632 fecerunt
348 3593 435 3650 eoque
455 3573 531 3632 viam
551 3573 606 3630 sibi
628 3572 665 3631 ad
685 3573 892 3634 inveniendam
915 3574 1063 3633 veritatem
1078 3587 1268 3653 repererunt,

49 3669 118 3746 quod
145 3669 343 3750 philosophiae
372 3673 520 3752 proprium
549 3687 609 3744 est,
637 3658 803 3732 ¹Orientales
823 3673 875 3734 vix
895 3673 1077 3732 inchoarunt.
1119 3672 1178 3730 Nec
1197 3691 1265 3730 vero

49 3764 115 3827 hanc
139 3767 304 3830 facultatem
321 3771 377 3850 ipsi
397 3769 499 3830 Graeci
520 3771 659 3830 continuo
680 3771 827 3830 consecuti
847 3757 924 3830 sunt.
966 3770 1023 3844 Qui
1041 3768 1166 3849 primum
1187 3767 1265 3848 apud

49 3883 87 3924 eos
114 3867 286 3946 prodierunt
315 3867 498 3949 philosophi,
532 3868 578 3928 vel
608 3883 688 3928 erant
708 3875 806 3949 poetae
826 3868 873 3929 vel
891 3863 1097 3928 sententiarum
1116 3867 1268 3928 inclarue-

50 3979 128 4037 runt,
158 3980 189 4024 ut
217 3966 396 4040 Orientales,
427 3969 565 4048 gravitate
601 3981 628 4024 et
665 3967 824 4051 sapientiai,
857 3967 934 4027 unde
962 3966 1081 4040 eodem,
1111 3985 1170 4043 quo
1198 3963 1267 4038 illi,

51 4062 158 4120 nomine
184 4073 332 4142 sopientes
361 4078 428 4124 sunt
448 4065 604 4146 appellati;
627 4064 693 4139 vel,
714 4065 738 4124 si
758 4065 915 4126 scriberent
926 4111 934 4138 ,
955 4065 1105 4145 opiniones
1124 4085 1187 4122 suas
1204 4083 1267 4122 non

51 4154 207 4220 disserendo
225 4162 436 4242 persuadebant
458 4162 631 4238 lectoribus,
653 4162 703 4222 sed
723 4164 902 4222 oraculorum
923 4164 1013 4222 instar
1031 4160 1267 4244 pronunciabant

53 4253 218 4336 simpliciter.
260 4259 384 4323 Socratis
413 4260 528 4321 demum
557 4275 647 4320 aetate
661 4241 704 4322 'et
734 4262 832 4341 paullo
862 4275 928 4320 ante
958 4262 1036 4322 bunc
1065 4257 1268 4344 philosophiae

59 4391 297 4408 κῃ
1126 4383 1139 4414 O

84 4455 106 4518 ll
124 4459 195 4510 initia
212 4479 235 4528 p.
255 4461 313 4512 220.
