2886 5118
705 267 764 328 416

109 429 242 512 ditione,
270 437 320 516 qni
350 434 470 494 multam
499 441 551 514 pe‘t
579 445 667 493 totam
697 435 787 494 vitam
812 433 1006 512 gymnasticae
1037 429 1151 514 operam
1184 431 1338 506 dederunt,

111 533 223 593 nullam
250 551 318 595 vero
344 535 489 607 musicae,
522 545 581 590 tum
608 533 694 592 etiam
723 531 790 607 illi,
811 532 861 610 qui
882 546 982 592 contra
1002 531 1159 590 feceruut?
1177 560 1213 570 -
1231 529 1337 603 Quede

111 651 141 688 re
167 632 264 693 dicis?
282 658 318 668 -
336 633 378 691 De
408 631 475 690 rudi
504 630 634 709 duraque
662 651 760 690 eorum
781 629 951 690 conditione
971 649 1003 688 ac
1023 627 1059 688 de
1080 643 1253 689 caeterorum
1268 627 1335 686 mol-

110 728 183 790 litie.
199 770 234 782 -
257 731 331 790 Nori
353 729 506 809 equidem,
533 749 598 804 eos,
626 729 676 809 qui
706 728 766 788 sola
797 742 919 788 utuntur
946 728 1145 808 gymnastico,
1165 727 1332 806 agrestiores,

110 829 165 905 qui
181 841 275 887 antem
297 827 355 886 und
375 813 520 887 duntaxat
547 827 672 902 musica,
698 826 863 900 molliores,
884 847 969 905 quam
991 825 1091 898 decet,
1113 825 1188 885 fieri.
1206 852 1225 862 ·
1256 825 1332 901 liqut

110 925 250 985 iracunda
279 926 334 985 illa
364 939 483 984 naturae
510 924 554 984 vis
579 923 756 984 ferocitatem
782 925 899 1003 gignatr
920 945 993 1002 quae
1014 937 1089 982 recte
1110 921 1243 996 exculta,
1260 917 1332 979 ¹fortis

109 1009 164 1097 sit,
187 1025 274 1098 nimis
290 1038 385 1084 autem
405 1024 538 1097 intensa,
560 1023 642 1082 ferox
669 1037 696 1082 et
719 1020 928 1082 dura.eradat.
949 1051 985 1064 -
1005 1020 1053 1080 Sic
1074 1021 1146 1080 mihi
1166 1019 1287 1079 ridetur.
1305 1054 1331 1062 -

110 1121 189 1195 Quid
214 1125 306 1182 vero?
337 1121 590 1180 mansuetudinem
616 1143 677 1180 nou
701 1120 805 1180 habeat
823 1119 997 1200 philosopha
1015 1111 1105 1178 animi
1125 1119 1251 1178 natura?
1271 1137 1331 1196 quae

109 1220 197 1278 nimis
224 1221 357 1294 remissa,
378 1218 512 1294 mollior,
533 1241 620 1298 quam
647 1218 748 1306 decet,
777 1219 850 1293 erit,
881 1232 958 1278 reete
987 1232 1083 1277 autem
1112 1216 1247 1290 exculta,
1266 1236 1329 1272 man·

108 1331 188 1376 sueta
218 1338 250 1376 ac
280 1317 432 1378 modesta?
460 1351 495 1361 —
523 1318 574 1376 Est
605 1331 637 1376 ut
663 1316 746 1377 dicis.
774 1354 809 1366 -
834 1316 1006 1376 Dicebamus
1033 1329 1147 1389 autem,
1178 1301 1329 1373 custodibus

109 1416 214 1474 nostris
246 1429 393 1496 utramque
424 1429 556 1474 naturam
586 1417 678 1474 inesse
708 1413 824 1475 debere.
855 1449 891 1478 —.
918 1414 1063 1486 Diximus,
1082 1455 1117 1464 -
1143 1413 1244 1472 Nonne
1270 1431 1328 1469 cou-

65 1537 68 1542 ·
107 1533 208 1592 gruere
234 1513 312 1574 iuter
339 1536 368 1574 se
397 1528 425 1574 et
450 1514 604 1573 concinere
633 1516 769 1594 oportet?
790 1543 825 1552 -
846 1512 985 1587 Quidni?
1006 1511 1184 1569 -Animus
1213 1511 1284 1586 ejus,
1303 1510 1327 1566 iu

107 1632 164 1690 quo
190 1610 260 1670 haec
288 1626 470 1687 consonant,
492 1627 653 1693 temperans
672 1625 715 1670 est
742 1625 770 1670 et
792 1612 954 1671 fortisl'-
973 1610 1110 1690 Omnino.
1131 1639 1166 1648 -
1187 1609 1254 1685 Ejus
1273 1627 1327 1666 vero

108 1709 241 1783 animus,
263 1710 295 1768 iu
314 1732 371 1789 quo
391 1711 561 1785 dissonant,
583 1709 703 1770 timidus
725 1722 753 1768 et
772 1709 960 1790 agrestisi-
979 1706 1015 1766 Et
1033 1708 1159 1766 maxime
1178 1705 1330 1785 quidem.-

106 1807 182 1886 Ergo
200 1808 367 1888 quicunque
389 1810 527 1868 musicam
557 1810 629 1868 sinit
653 1829 705 1890 per
726 1829 826 1884 aures,
848 1820 983 1886 tanquam
1003 1804 1215 1879 infundibula,
1235 1804 1263 1861 in
1281 1803 1329 1860 aui·

105 1925 183 1962 mum
213 1927 296 1964 suum
325 1906 504 1982 infundere,
524 1928 595 1986 quas
624 1906 709 1966 modo
741 1906 888 1980 diximus,
911 1925 1031 1979 suaves,
1063 1902 1163 1962 molles
1186 1923 1217 1960 ac
1236 1900 1330 1960 flebiles
1403 1895 1409 1906 “

105 2001 288 2078 harmonias,
310 2017 394 2083 atque
423 2019 543 2064 aetatem
568 2026 654 2064 suam
678 2005 710 2062 in
734 2003 870 2063 cantibus
890 2003 1019 2062 animum
1046 2000 1256 2059 delinientibus
1273 2019 1326 2057 con·

108 2089 214 2175 surhit,
237 2101 261 2160 is
287 2103 413 2182 primum
442 2103 580 2182 quidem,
602 2105 626 2162 si
646 2101 718 2182 quid
737 2101 871 2161 iracundi
892 2099 1197 2179 habebat,-tauquam
1222 2099 1328 2168 ferrum,

108 2198 220 2258 emollit
248 2214 332 2278 atque
360 2200 432 2259 utile
460 2221 496 2258 ex
522 2189 623 2261 inutili
644 2200 782 2279 duroque.
802 2197 913 2274 efficit,
933 2197 1011 2258 idem
1029 2218 1116 2271 vero,
1139 2196 1189 2254 ubi
1208 2218 1262 2254 non
1280 2215 1328 2252 ces-

107 2311 170 2372 sat,
202 2296 253 2356 sed
280 2297 406 2356 mulcere
435 2319 466 2357 ac
492 2297 619 2358 delinire
646 2286 909 2380 pergit„animum
935 2294 1054 2355 tandem
1083 2308 1176 2354 totum
1197 2293 1327 2373 liquefacit

107 2415 138 2452 ac
165 2395 303 2470 resolvit,
325 2393 418 2454 donee
445 2397 505 2456 vim
533 2417 647 2456 omnem
674 2410 702 2455 et
721 2397 793 2454 iram
811 2395 960 2454 sustulerit
979 2407 1007 2452 et
1028 2393 1121 2453 veluti
1142 2413 1244 2462 nervos
1265 2391 1327 2450 esci·

108 2491 185 2552 derit
210 2492 320 2567 animi,
352 2513 491 2572 eumque,
523 2507 557 2552 ut
586 2493 666 2575 apud
700 2495 856 2554 Homerum
894 2509 954 2567 est,
984 2485 1148 2570 renidentis
1178 2483 1327 2570 αἰχμητήν,

107 2591 225 2648 mollem
246 2601 450 2672 pugnatorem
476 2593 601 2651 effecerit
623 2589 661 2672 1).
681 2633 713 2644 -
733 2591 781 2651 Sic
801 2606 843 2668 est
862 2594 991 2654 omnino.
1012 2623 1048 2633 -
1067 2593 1179 2668 Quodsi
1197 2595 1259 2673 quis
1275 2612 1327 2649 con·

109 2701 170 2762 tra,
208 2687 316 2748 musica
355 2703 383 2748 et
414 2689 600 2770 philosophia
628 2689 775 2769 neglecta,
806 2691 1000 2770 gymnasticae
1028 2713 1087 2751 sese
1116 2704 1207 2751 totum
1237 2689 1327 2760 tradit,

105 2787 230 2866 primum
249 2787 274 2846 is
293 2787 408 2845 firmum
428 2789 556 2868 corporis
571 2787 704 2847 habitum
724 2802 913 2864 consecutus,
935 2791 1026 2848 animi
1045 2790 1159 2850 viribus
1180 2811 1211 2848 ac
1232 2786 1329 2866 magui-

105 2881 209 2944 tudlue
235 2884 408 2960 invalescit,
430 2886 589 2965 fortiorque
615 2906 700 2964 quam
727 2886 821 2945 luerat
848 2887 965 2947 eradit:
998 2888 1076 2947 idem
1102 2908 1188 2962 vero,
1221 2887 1269 2945 ubi
1295 2883 1330 2942 nil

105 2981 189 3041 aliud
214 2983 272 3062 agit
300 2995 384 3062 atque
413 2983 449 3042 ab
477 2984 556 3043 omni
584 2982 673 3064 plane
701 2982 816 3042 alienus
842 2985 950 3043 musica
975 2999 1034 3061 est,
1064 3007 1183 3060 nonne,
1215 2985 1238 3043 si
1266 2980 1331 3060 quod

106 3080 200 3139 fuerat
228 3081 261 3138 in
292 3083 354 3160 ejus
380 3083 478 3141 animo
506 3080 641 3142 discendi
668 3081 818 3155 studium,
839 3083 870 3142 ri
899 3082 931 3141 id
960 3083 1011 3142 sua
1038 3083 1213 3143 destituetur
1241 3081 1331 3158 fietque

103 3177 224 3237 surdum
252 3199 285 3237 ac
311 3199 445 3254 coecum,
466 3181 575 3261 quippe
604 3200 670 3238 cum
694 3178 807 3238 nullam
826 3178 957 3260 degustet
975 3181 1163 3263 disciplinam
1181 3201 1235 3239 nee
1256 3177 1332 3236 ullius

103 3275 143 3334 sit
171 3274 384 3353 disquisitionis
412 3291 461 3334 aut
490 3278 720 3340 ratiocinationis
748 3273 912 3359 particeps,
944 3279 1100 3360 hebescunt
1129 3300 1199 3339 vero
1227 3296 1332 3346 sensus,

105 3394 166 3432 uon
192 3373 374 3448 excitentur,
395 3374 545 3450 colantur,
574 3389 745 3455 purgentur.
770 3417 807 3428 -
831 3376 879 3435 Sic
908 3377 1008 3458 plane.
1027 3380 1103 3438 -Α
1125 3378 1237 3436 ratione
1256 3375 1333 3454 igitur

105 3471 172 3531 talis
199 3470 285 3530 homo
313 3471 449 3550 omnique
477 3472 574 3548 cultu,
604 3474 655 3552 qui
685 3475 810 3535 musicae
834 3474 977 3550 debetur,
999 3475 1189 3550 abhorrebit,
1212 3472 1289 3532 nulla
1306 3470 1330 3528 in

102 3569 286 3629 sermonibus
303 3571 487 3650 persuasione
508 3585 621 3646 utetur,
643 3570 693 3630 sed
712 3571 742 3631 vi
763 3586 791 3631 et
809 3573 912 3652 agresti
934 3573 1131 3646 immanitate,
1155 3573 1232 3630 serae
1250 3571 1331 3646 eujus·

103 3667 171 3726 dam
197 3669 307 3743 instar,
335 3666 373 3727 ad
401 3669 498 3727 omnia
527 3661 703 3749 agitabitur,
733 3669 822 3748 inque
850 3670 966 3729 inscitia
991 3684 1019 3729 et
1042 3670 1168 3729 ruditate
1189 3671 1251 3728 siue
1271 3689 1332 3726 cou-

102 3767 246 3824 cinnitate
267 3787 299 3825 ac
317 3767 409 3846 gratia
425 3767 515 3827 vivet.
533 3791 568 3800 -
585 3768 722 3847 Omnino.
741 3767 839 3828 -Ad
858 3768 927 3827 haec
943 3770 1032 3849 igitur
1056 3769 1134 3843 duo,
1155 3781 1188 3826 nt
1205 3778 1330 3848 apparet,

76 3912 78 3915 .
102 3875 179 3949 artes
206 3862 278 3922 duas
305 3863 480 3924 crediderim
509 3864 596 3924 deum
622 3865 749 3944 aliquem
779 3866 947 3925 homiuibus
975 3863 1130 3941 tribuisse,
1151 3865 1285 3923 musicam
1308 3875 1330 3919 et

10 3989 11 4004 1
102 3953 332 4042 gymnasticam,
360 3961 398 4020 ad
424 3953 596 4024 iracundam
614 3984 724 4044 ⁴nempe
752 3963 880 4034 hominis
908 3977 936 4022 et
962 3963 1165 4045 philosopham
1194 3976 1328 4026 naturam,

10 4117 11 4122 ,
105 4081 165 4119 non
195 4056 232 4117 ad
262 4059 390 4117 animum
419 4075 448 4119 et
474 4083 595 4143 corpus,
622 4061 680 4120 nisi
711 4083 763 4142 per
789 4063 1035 4142 opportunitatem
1065 4061 1211 4141 aliquam3
1234 4058 1280 4118 sed
1298 4054 1328 4114 ad

104 4157 200 4233 illud,
223 4171 255 4216 ut
279 4175 471 4220 consonarent
494 4162 571 4220 inter
598 4180 645 4234 se,
673 4172 816 4238 quatenus
841 4159 959 4235 deceat,
990 4161 1105 4219 intensa
1135 4172 1221 4238 atque
1245 4155 1328 4216 remis·

110 4325 368 4338 flua———ss-u———u-—r-

140 4445 166 4510 η
183 4448 213 4498 rr.
234 4427 260 4516 ρ’
278 4447 337 4500 sse.
406 4443 411 4462 ³
