2886 5118
660 251 769 316 ,tet

119 418 193 478 intio
214 414 320 489 luerit,
341 433 356 473 e
376 416 519 475 sententia
540 417 716 498 intelligitur
745 419 932 502 philosophi,
962 441 1048 502 quatu
1079 437 1188 494 senex,
1208 441 1302 502 quum
1322 423 1365 482 li-

116 517 184 578 bros
204 518 239 575 dc
255 513 385 594 togatus
405 513 549 575 scribebat
560 561 568 590 ,
598 518 807 598 pronunciavit
817 562 827 594 ‚
849 541 901 580 nos
922 535 1016 582 autem
1037 521 1107 596 hic,
1129 520 1180 580 ubi
1203 521 1240 582 de
1261 524 1366 582 veris-

119 619 189 678 sima
215 612 380 696 philosophi
401 611 540 672 modestia
561 615 689 695 agimus,
719 635 908 678 memoramus
929 619 1075 681 lubenter.
1121 643 1135 676 o
1150 615 1204 692 Τίς
1224 611 1280 680 οὖν
1304 615 1365 702 ὃν),

116 717 247 798 quaerit,
266 711 371 795 πρᾶξις
392 709 464 793 φίλη
494 711 543 774 καὶ
573 708 748 790 ἀκόλουθος.
764 717 847 803 θεῷρ
878 741 1027 798 quaenam
1056 727 1160 798 igitur
1186 729 1265 782 cotio.
1295 721 1366 782 Deo

40 879 44 896 Σ
115 825 236 894 accepto
255 811 346 894 utque
365 826 563 876 concentonca
584 818 652 876 aet?
693 820 822 901 Reponit
839 832 935 886 autem
956 818 1115 876 continuo:
1136 816 1211 896 μία,
1232 818 1284 881 καὶ
1309 818 1366 880 ἕνα

116 909 204 997 λόγον
225 908 338 994 ἔχουσα
360 907 507 995 ἀρχαῖον,
532 907 578 977 ὅτι
599 917 644 1001 τῷ
664 913 721 995 μὲν
744 910 840 1002 ὁμοίῳ
861 909 899 978 cd
921 907 1024 992 ὅμοιον
1051 910 1113 977 ὄντι
1136 917 1249 1006 μετρίῳ
1269 920 1369 1003 φίλον

112 1014 150 1081 iv
171 1014 232 1100 εἴη,
254 1009 341 1082 tdd'
358 1009 473 1099 ἄμετρα
495 1011 557 1078 οὔτ’
577 1014 713 1102 ἀλλήλοις
734 1012 800 1082 οὔτε
822 1022 884 1093 τοῖς
903 1011 1076 1099 ἐμμέτροις·
1102 1045 1174 1099 uno,
1204 1047 1366 1104 unamque

26 1152 28 1155 ·
56 1155 64 1192 χ
116 1123 228 1180 hobam
246 1127 420 1198 antiquitus
442 1124 599 1200 proditum
625 1131 793 1199 rationem,
821 1123 921 1182 simile
951 1123 1083 1200 quodque
1110 1125 1226 1197 rimili,
1246 1132 1366 1203 quippe

50 1219 51 1222 '
112 1241 263 1302 congruo,
281 1230 434 1298 occeptum
446 1227 635 1299 amicumque
647 1244 706 1280 osto
717 1244 731 1293 ,·
747 1229 918 1302 incongruo
937 1243 1006 1278 nero
1025 1230 1114 1298 utque
1130 1223 1295 1280 immodica
1306 1245 1364 1281 nee

110 1321 228 1379 tibimet
255 1325 383 1376 invicem
403 1340 456 1376 nec
477 1321 816 1402 modiciscpngruirquc
838 1327 1005 1379 convenire.
1048 1317 1161 1391 Quibus
1182 1319 1363 1402 subjungit:

110 1410 312 1499 didydedg
338 1409 427 1497 ἡμῖν
451 1409 600 1479 πάντων
625 1413 828 1501 χρημάτων
851 1413 993 1498 μέτρον
1025 1411 1066 1476 dv
1087 1410 1146 1497 εἴη
1178 1411 1366 1495 μάλιστα,

105 1517 167 1582 καὶ
187 1512 280 1580 πολι)
308 1519 450 1596 μᾶλλον
470 1511 494 1601 ἤ
518 1512 585 1581 πού
603 1544 670 1598 τις,
702 1515 747 1597 ὥς
763 1543 885 1604 φασιν,
911 1503 1129 1600 ἄνθρωπος·
1148 1518 1235 1579 Deue
1250 1529 1365 1603 igitur

44 1639 45 1642 ’
106 1625 190 1682 nobit
208 1629 342 1681 omnium
360 1643 466 1688 rernm
487 1625 592 1682 modos
619 1647 821 1704 mansuroque
847 1646 909 1683 ecca
941 1623 1061 1696 debeat,
1082 1620 1234 1696 multoque
1251 1630 1364 1704 magio

105 1744 195 1801 quom
206 1723 287 1781 homo
304 1721 435 1799 aliquit,
455 1731 491 1779 ut
509 1729 610 1798 ajunt.
622 1749 636 1780 n
654 1722 683 1804 l)
704 1727 905 1785 Consentanea
924 1721 994 1780 haec
1006 1720 1067 1780 illis
1076 1730 1159 1791 sunt,
1179 1718 1301 1796 quaein
1313 1741 1362 1780 su·

103 1818 266 1902 perioribus
286 1818 322 1878 de
341 1817 416 1878 ideis
434 1819 595 1900 divinaque
616 1835 719 1880 natura
739 1822 888 1881 diximus:
910 1839 1032 1898 quorum
1053 1817 1125 1877 haec
1153 1816 1213 1875 fere
1233 1818 1362 1877 conclu·

103 1920 145 1977 sio
165 1915 241 1977 luit:
263 1915 364 1975 Deum
394 1937 454 1977 cesa
484 1921 664 1979 mortalibus
689 1928 787 1999 ipsius
814 1927 958 1977 veritatis
986 1925 1009 1979 i.
1033 1939 1057 1976 e.
1090 1924 1240 1990 omnium,
1275 1939 1362 1995 quoe

102 2027 192 2091 runt,
222 2024 320 2094 ipsius
346 2017 472 2095 pulcri,
493 2019 580 2092 doni,
591 2026 696 2095 justi,
729 2025 843 2092 concii,
875 2038 1043 2091 summum,
1062 2017 1140 2094 quod
1166 2021 1362 2091 imitentur,

99 2114 267 2195 exemplu
276 2137 302 2174 r.
323 2110 355 2194 2)
397 2113 455 2175 Sed
473 2115 528 2174 hac
547 2115 632 2176 nobis
643 2163 651 2192 ,
674 2136 848 2197 quamnunc
871 2116 1083 2188 excitavimus,
1103 2113 1247 2172 sententia
1268 2133 1361 2193 prae·

105 2214 181 2294 cipit
199 2213 298 2286 Plato,
329 2212 394 2290 quis
415 2209 535 2288 modus,
566 2234 639 2291 quae
661 2215 753 2273 veluti
784 2233 919 2272 mensura
947 2213 1002 2288 sit,
1019 2212 1058 2272 ad
1075 2229 1161 2290 quam
1183 2223 1296 2270 nonnos
1319 2213 1358 2271 in

105 2312 236 2373 veritatis
251 2311 372 2370 scientia
394 2311 530 2390 omnique
548 2314 728 2392 perfectione
747 2331 912 2394 progressus
931 2325 958 2370 et
977 2311 1123 2392 exigamus
1142 2321 1171 2368 et
1189 2309 1272 2386 quasi
1293 2329 1361 2370 me·
1401 2307 1404 2316 ’

102 2411 219 2470 tiamur.
248 2409 359 2469 Divina
374 2407 453 2489 apud
472 2430 536 2468 eum
555 2424 623 2469 sunt
633 2411 755 2492 pulcra,
775 2409 853 2468 bona
865 2423 892 2469 et
903 2409 1050 2488 quidquid
1060 2406 1230 2485 hujusmodi
1248 2419 1299 2467 est
1310 2407 1360 2488 3):

98 2513 171 2588 quae
189 2508 267 2567 Deos
297 2506 423 2566 intuitus
444 2521 519 2580 cst,·
539 2527 627 2586 quum
655 2507 797 2568 mundum
818 2507 897 2568 bunc
929 2509 1120 2580 informaret,
1149 2505 1229 2563 etin
1246 2505 1361 2585 guber·

96 2607 195 2666 nando
215 2606 269 2665 illo
296 2605 427 2665 intuetur
457 2605 645 2686 imitaturque
672 2621 846 2666 constanter.
890 2593 954 2682 Quo
978 2606 1067 2685 igitur
1087 2601 1125 2664 ad
1147 2602 1199 2662 illa
1229 2606 1361 2685 propius

99 2705 322 2778 accesserimus,
344 2724 377 2762 oo
396 2706 516 2782 majores
538 2705 689 2764 fecerimus
720 2706 752 2763 in
773 2707 851 2764 omni
876 2706 984 2765 virtute
1003 2725 1035 2762 ac
1055 2703 1118 2764 veri
1136 2703 1258 2762 seientia
1280 2723 1360 2783 pro·

51 2864 53 2868 ,
99 2823 230 2882 gressus,
250 2821 338 2878 eoque
359 2803 490 2882 proxime
509 2801 546 2861 ab
567 2803 658 2884 ipsius
679 2802 798 2862 divinae
817 2817 937 2862 naturae
962 2802 1091 2883 perfecta
1110 2800 1286 2860 conditione
1307 2800 1359 2860 ab·

99 2900 192 2959 futuri
213 2899 335 2959 sumus?
350 2913 378 2958 et
400 2901 439 2959 sic
459 2899 576 2979 quidem
598 2923 656 2961 non
678 2901 763 2960 bomo
783 2902 909 2980 aliquis,
932 2914 964 2959 ut
983 2901 1081 2958 ferunt
1092 2944 1101 2973 ,
1122 2897 1172 2958 sed
1193 2899 1263 2978 ipse.
1279 2897 1360 2958 adeo

96 2999 175 3058 Deus
192 2997 276 3058 nobis
298 3019 393 3056 rerum
413 2999 543 3058 omnium
552 3045 561 3074 ,
580 3020 767 3078 quaecunque
786 3000 879 3058 bonae
898 3010 970 3059 sunt
985 3010 1034 3055 aut
1047 2996 1165 3078 pulcrae
1176 2997 1359 3073 autjustae,

98 3097 206 3178 quippe
226 3103 324 3174 ipsius
354 3104 497 3156 veritatis
524 3100 696 3175 oaemplar,
729 3118 863 3157 mensura
892 3105 943 3156 est.
988 3095 1068 3170 Quae
1095 3092 1178 3152 nobis
1198 3095 1356 3153 sententia

99 3207 127 3253 et
146 3194 315 3254 modestiam
331 3195 492 3276 praecipit,
514 3197 717 3276 reputantibus
733 3196 860 3277 quippe,
886 3215 972 3276 quam
993 3191 1097 3272 longo,
1117 3211 1204 3270 quam
1227 3191 1359 3251 immen-

103 3313 134 3352 so
154 3291 310 3352 intervallo
330 3313 346 3350 a
365 3289 468 3353 divina
495 3294 672 3372 perfectione
693 3293 832 3354 distemus
843 3340 851 3368 ,
880 3309 995 3354 atvero
1015 3289 1145 3348 stimulos
1164 3286 1293 3347 adhibet
1314 3292 1359 3348 si-

105 3389 168 3450 mul
178 3435 187 3465 ‚
206 3404 238 3447 ut
255 3390 293 3450 ad
312 3389 520 3471 perfecti-onem
539 3378 620 3450 illam
638 3407 788 3472 nuu'quam
804 3411 943 3452 cessemus
963 3386 1148 3447 contendere.
1188 3386 1359 3465 attigimus

52 3519 54 3524 ·
100 3490 142 3548 sic
163 3484 259 3547 darno
280 3488 454 3569 placitorum
472 3487 686 3574 Platonicorum
707 3489 791 3570 longe
809 3487 1067 3550 celebratissimum
1084 3482 1170 3558 illud,
1189 3483 1274 3562 quod
1297 3486 1358 3546 bo-

97 3588 187 3647 minis
222 3584 268 3672 qi
283 3583 351 3671 θεῷ
370 3578 511 3668 (inclmare
539 3588 705 3648 continetur
736 3609 768 3646 ac
801 3586 886 3647 nobis
914 3606 965 3646 suo
997 3584 1060 3643 loco
1091 3580 1249 3661 aliquando
1284 3581 1355 3643 dau

99 3686 189 3766 operi
219 3685 428 3769 exponendum
459 3688 524 3746 erit.
555 3684 587 3767 ll)
616 3683 672 3744 Hic
703 3699 800 3761 autem
822 3683 1070 3756 animadvertere,
1091 3701 1177 3759 quam
1196 3698 1294 3760 prope
1316 3680 1356 3740 ad

100 3796 214 3842 sanctae
233 3784 381 3845 doctrinae
401 3799 515 3845 nostrae
535 3783 616 3842 effata
645 3782 774 3842 Platonis
794 3779 911 3840 accedat
932 3779 1117 3862 philosophia
1128 3798 1194 3860 ,ne
1215 3779 1356 3860 negliga-

43 3963 44 3966 ,
101 3901 174 3940 mus.
217 3881 297 3941 Idem
318 3884 350 3942 in
371 3883 432 3943 illis
451 3883 493 3941 rei
513 3879 772 3942 desideratissimae
791 3879 920 3956 studium
941 3890 969 3938 et
988 3878 1090 3938 ardor:
1112 3869 1150 3935 ni
1169 3870 1226 3953 μὲν
1246 3869 1356 3938 ὀπίσω

137 4157 162 4222 1)
181 4159 219 4210 oe
236 4117 307 4228 μμ
328 4159 446 4211 tv.r-1s.
467 4159 496 4212 c.

137 4242 163 4308 2)
182 4245 259 4296 initia
276 4261 304 4312 p.
321 4242 380 4295 374.

137 4325 163 4392 3)
182 4329 291 4381 ΡΙοιίμίν.
310 4328 369 4381 246.
387 4330 417 4380 lt.

137 4411 163 4478 l)
182 4415 325 4467 Platonicis
344 4415 568 4484 disquisitionibus
587 4416 620 4467 de
640 4416 726 4467 divina
755 4425 844 4469 natura
864 4416 1045 4484 doctuUnuper
1063 4425 1089 4468 ct
1107 4431 1231 4486 perquam
1249 4415 1357 4470 claho-

101 4507 157 4552 rntn
175 4501 283 4551 accessit
305 4501 489 4552 l'irlemonni
504 4501 644 4568 disputatio
663 4502 692 4552 de
711 4501 762 4553 Deo
778 4503 898 4554 Platonis.
932 4501 1041 4554 Amstel.
1059 4500 1136 4554 1830.
