2908 5114
708 261 769 326 332

132 428 217 511 opert
247 424 285 488 ah
311 428 358 487 his
380 428 446 505 ejus
468 427 583 508 placitis
613 425 721 506 similia
748 424 872 486 aliorum
890 425 998 507 placita
1017 449 1164 490 conemur.
1205 429 1263 490 Hoc
1282 431 1355 490 euin

131 539 300 608 argumento
317 525 428 604 ecquod
444 527 477 584 in
498 523 577 584 omni
598 524 656 586 uiri
676 522 862 605 philosophia
881 526 998 605 gravius
1016 525 1216 608 illustriusque
1233 531 1294 588 estl
1355 543 1356 546 ’

191 721 320 794 ,Ιᾱοιιο
352 729 395 780 in
423 721 703 800 philosophia
738 719 943 778 Platonis
977 743 1054 780 non
1086 733 1186 782 eunt
1220 746 1305 782 cum

254 828 547 878 recentiorum
573 826 748 877 innotis
772 819 884 876 ideis
911 823 1244 896 confundendae.

172 1013 239 1072 Non
268 1012 426 1073 abhorrent
455 1013 574 1094 quidem
599 1034 627 1071 a
650 1012 841 1074 Platonis
875 1013 1009 1075 doctrina
1034 1015 1142 1097 placite
1171 1017 1359 1076 Cartesii.

130 1109 201 1170 Dici
229 1112 307 1170 enim
333 1112 498 1172 Platonicae
529 1114 615 1172 etiam
646 1110 750 1185 ideae,
777 1111 802 1170 si
829 1112 927 1172 minus
945 1121 1093 1188 innatae,
1113 1127 1212 1174 minen
1224 1122 1360 1192 propriae

132 1208 245 1268 homini
276 1222 406 1289 possunt.
448 1211 522 1268 Natu
550 1209 641 1268 animi
670 1208 811 1282 humani,
842 1223 874 1268 ut
902 1211 934 1270 in
962 1211 1104 1272 Phaedro
1133 1226 1194 1287 est,
1215 1213 1274 1272 nisi
1291 1211 1361 1271 ideas

133 1318 200 1365 ante
229 1307 306 1366 hanc
335 1309 424 1367 vitant
450 1308 676 1388 spectavissent,
703 1305 851 1387 cogitandi
882 1308 914 1366 in
933 1308 987 1369 hoc
1009 1330 1127 1391 corpore
1147 1325 1198 1369 aut
1214 1308 1362 1388 judicandi

133 1403 301 1464 facultatem
329 1426 390 1464 non
420 1404 571 1467 habereut.
620 1403 716 1466 Hoioa
736 1395 904 1484 ἀνθρώπου
925 1401 1016 1489 ψυχὴ
1041 1401 1149 1490 φύσει
1174 1402 1315 1470 τεθέαται
1330 1400 1362 1466 rei

129 1494 217 1577 deco,
242 1497 263 1582 ἢ
286 1497 338 1564 otiu
361 1495 398 1562 dv
416 1497 511 1585 otoo
530 1503 571 1578 εἰς
592 1499 664 1567 ro'dt
684 1497 724 1567 td
748 1503 835 1580 ζῶον.
849 1505 878 1589 l)
905 1509 1048 1570 Referunt
1068 1510 1141 1570 adeo
1160 1508 1364 1590 quodammodo

131 1605 295 1665 platonicas
323 1605 403 1665 ideas
432 1604 515 1665 ideae
543 1609 742 1684 Cartesianae,
773 1609 883 1690 quippe
912 1629 985 1687 quae
1014 1609 1083 1667 item
1103 1621 1220 1668 suntet
1240 1609 1364 1668 notiones

134 1703 287 1764 universae
307 1715 335 1762 et
349 1723 448 1762 earum
467 1725 563 1764 rerum
581 1708 731 1781 notiones,
752 1727 825 1785 quae
843 1707 957 1781 animo,
978 1727 1038 1766 non
1057 1707 1190 1766 sensibus
1207 1705 1365 1787 percipiun-

134 1814 191 1862 tur.
234 1803 402 1876 Praeterea,
434 1814 466 1860 ut
496 1783 607 1879 Plato,
626 1805 771 1864 Cartesius
802 1805 835 1866 id
863 1826 973 1864 summo
990 1824 1076 1885 opere
1095 1804 1224 1880 studuit,
1245 1818 1278 1864 ut
1297 1823 1364 1882 quac

133 1913 230 1959 mente
259 1897 320 1958 solt
347 1913 376 1958 et
404 1901 578 1980 cogitatione
607 1903 768 1976 cernimus,
799 1923 933 1962 numeros
951 1924 980 1962 v.
1000 1923 1026 1963 c.
1045 1915 1075 1962 et
1095 1902 1201 1982 figuras
1218 1901 1366 1962 mathema*

32 2015 35 2018 ·
132 1997 222 2071 ticas,
254 2008 330 2056 recte
358 2017 375 2054 a
402 1997 507 2073 rebus,
538 2020 611 2078 quae
642 1998 774 2060 sensibus
793 2013 913 2080 patent,
934 1999 1135 2080 distingueret.
1155 1998 1187 2080 2)
1228 2001 1366 2059 Verunta·

134 2115 219 2170 men,
247 2108 280 2154 ut
311 2095 357 2153 his
387 2096 419 2155 iu
447 2095 533 2155 rebus
561 2098 639 2157 inter
661 2097 728 2156 illos
743 2098 900 2173 convenit,
921 2099 962 2157 ita
980 2099 1014 2157 in
1033 2097 1203 2159 adhihenda
1221 2098 1260 2158 ad
1276 2096 1367 2178 philo·

135 2192 265 2273 sophiam
296 2191 428 2252 idearum
456 2192 590 2253 doctrina
612 2196 705 2274 'atque
736 2180 769 2255 in
795 2197 857 2276 ipsa
886 2194 1114 2278 philosophandi
1132 2195 1267 2256 methodo
1286 2217 1367 2254 usur-

132 2289 230 2371 panda
260 2310 377 2370 prorsus
406 2311 422 2348 a
449 2311 478 2349 se
508 2292 636 2351 invicem
657 2292 859 2353 discesserunt.
900 2293 984 2354 ldeas
1005 2293 1151 2356 Curiosius
1170 2307 1306 2372 tanquam
1319 2314 1369 2353 uo·

130 2389 224 2446 tiones
253 2387 416 2447 verissimas
441 2389 555 2468 posuit,
585 2389 710 2467 quihus,
741 2405 773 2451 ut
801 2379 1013 2466 axiomatibus,
1041 2403 1073 2449 ut
1100 2389 1249 2450 doctrinae
1268 2390 1369 2449 fulcris

131 2506 163 2544 ac
191 2482 390 2544 fundamentis
417 2484 534 2544 decreta
562 2485 672 2546 deinde
702 2510 754 2548 sua
782 2501 1009 2569 superstrueret;
1043 2487 1125 2556 Plato
1144 2509 1214 2549 vero
1231 2502 1368 2566 tanquam

131 2582 236 2642 formas
265 2581 349 2643 nobis
375 2583 536 2664 periectas,
567 2603 636 2662 quas
657 2585 690 2644 in
709 2585 820 2645 artibus
838 2583 999 2646 tractandis
1018 2584 1188 2664 legibusque
1206 2585 1368 2646 condendis

132 2681 329 2756 imitaremur,
350 2681 510 2762 proposuit.
553 2683 607 2742 Cui
627 2681 777 2742 doctrinae
797 2681 959 2744 diversitati
982 2682 1098 2743 diversa
1118 2704 1243 2764 congrua
1264 2684 1369 2742 utrius·

132 2797 188 2858 que
216 2779 274 2838 luit
302 2777 465 2838 disserendi
492 2779 575 2840 ratio.
620 2767 832 2859 Synthetioom
860 2780 912 2840 ille
940 2779 1108 2840 methodum
1132 2779 1171 2841 ad
1186 2781 1391 2862 probandum¹

23 2901 28 2912 ·
62 2923 65 2930 .
133 2874 376 2955 condendumque
393 2889 516 2957 systema
537 2879 706 2958 usurpavit,
727 2876 759 2959 3)
785 2877 866 2938 Plato
886 2900 955 2940 vero
972 2879 1143 2940 inductione
1162 2893 1191 2940 et
1209 2878 1368 2959 analytica

133 2976 245 3036 ratione
263 2973 386 3034 educere
404 2973 550 3034 hominem
569 2975 608 3035 ad
628 2976 829 3056 perfectiorem
856 2975 1055 3038 conditionem
1075 2976 1196 3038 studuit.
1238 2978 1285 3040 td
1302 2981 1370 3039 viu·

133 3073 290 3136 dicandam
309 3073 398 3154 igitur
415 3074 504 3153 magis
523 3074 689 3149 veritatem,
710 3073 850 3152 quemad
871 3075 1065 3136 excolendum
1084 3075 1229 3136 hominem
1249 3078 1371 3137 Cartesii

132 3172 266 3236 doctrina
294 3173 457 3253 pertinuit,
487 3173 595 3253 quippe
622 3194 675 3232 nec
702 3171 856 3254 pulcrum,
878 3193 931 3233 nec
951 3172 1079 3249 bonum,
1101 3194 1154 3232 nec
1171 3175 1282 3252 justum
1300 3196 1371 3234 san-

131 3285 248 3333 ctumve
268 3269 343 3329 ideis
360 3269 522 3352 complexa.
544 3271 581 3330 Et
599 3271 677 3350 quod
696 3272 748 3332 Dei
769 3271 916 3332 notionem
931 3271 1074 3331 Cartesius
1089 3293 1226 3332 summam
1240 3271 1370 3332 idearum

92 3411 95 3416 ·
132 3368 279 3443 hahebat,
301 3387 361 3427 non
381 3368 454 3427 illuc
476 3368 610 3446 valebat,
632 3384 664 3429 ut
683 3372 776 3430 Deum
795 3368 897 3444 nobis,
917 3384 1055 3449 tanquam
1072 3361 1166 3430 omuis
1184 3371 1371 3451 perfectionis

131 3466 318 3548 exemplum,
349 3465 387 3526 ad
416 3466 591 3528 imitandum
617 3482 811 3550 proponeret,
844 3467 895 3527 sed
921 3468 978 3527 huc
1001 3467 1132 3544 scilieet,
1153 3482 1186 3527 ut
1203 3467 1370 3542 notionem,

133 3586 194 3626 tere
213 3563 332 3639 Deum,
353 3565 434 3640 sive,
457 3580 489 3625 ut
508 3567 569 3647 ipse
591 3564 739 3644 loquitur,
761 3588 813 3625 ene
833 3547 1018 3626 essesumme
1039 3568 1235 3646 intelligens,
1256 3563 1370 3625 summe

128 3673 235 3742 potent
262 3675 292 3722 et
320 3685 432 3723 summe
458 3668 629 3742 perfeetum
640 3711 648 3740 ,
669 3665 746 3724 hane
766 3665 914 3724 notionem
931 3673 1073 3724 innotans
1093 3664 1178 3724 nobis
1195 3665 1294 3722 ideam
1311 3683 1371 3722 esse

131 3761 351 3822 domonstraret.
394 3761 613 3838 Conciderant,
644 3763 704 3838 ait,
735 3771 820 3822 inter
846 3765 983 3822 diversos
1012 3764 1115 3836 ideae,
1145 3783 1221 3840 puae
1238 3762 1322 3839 opud
1342 3783 1371 3820 ee

110 3854 222 3920 ‘hebet
251 3863 334 3920 homo
344 3906 352 3936 ,
383 3883 488 3944 unam·
506 3885 568 3922 esee
586 3870 667 3922 entis
686 3883 801 3922 tumme
819 3863 1043 3942 intelligentie,
1063 3882 1177 3920 tumme
1191 3867 1325 3937 potentis
1343 3869 1373 3918 et

167 4099 193 4168 l)
211 4104 319 4156 Phoedr.
341 4103 402 4156 249.
427 4104 457 4156 lt.
476 4103 524 4157 ct.
546 4105 623 4156 Initio
642 4123 668 4173 p.
690 4103 817 4170 50‚129.

153 4188 191 4254 ’2)
212 4189 311 4242 Gartes.
334 4191 421 4242 Prisc.
441 4189 502 4258 phil.
524 4189 554 4242 Ρ.
575 4191 594 4242 1.
619 4191 638 4254 ς
663 4178 696 4242 lt
716 4199 743 4243 et
764 4190 806 4240 13.
827 4189 878 4242 Ed.
897 4189 1005 4244 Ametel.
1028 4189 1102 4242 1677.

165 4274 191 4340 3)
212 4276 308 4327 lnvitus
327 4291 360 4328 eo
380 4277 500 4343 pervenit
518 4277 559 4327 vir
577 4278 603 4328 in
621 4278 708 4345 paucis
732 4278 866 4329 maximus.
902 4276 1014 4329 Naturae
1031 4275 1148 4330 bonitate
1166 4275 1200 4326 ed
1218 4273 1370 4340 analyticam

131 4364 258 4414 rationem
284 4377 383 4428 pronus
407 4368 478 4423 erat,
503 4371 531 4414 ut
554 4361 617 4414 effici
636 4379 668 4415 ex
686 4363 776 4415 libello
795 4361 851 4428 ejus
871 4363 965 4416 eximio
984 4365 1014 4416 de
1032 4363 1140 4415 methodo
1156 4367 1258 4428 potest,
1278 4360 1321 4427 qui
1341 4363 1368 4410 in

131 4451 220 4518 primis
238 4446 365 4517 legendus
383 4447 548 4516 philosophis
567 4457 615 4500 est.
634 4448 664 4502 Ρ.
682 4449 701 4500 l.
722 4465 748 4517 p.
770 4447 801 4497 11
817 4475 853 4486 -·
868 4445 909 4500 13.
