2832 5120
749 248 810 304 lto·

173 439 277 496 rosque
301 417 402 473 acerbe
426 415 596 485 invehor-ar,
624 433 682 469 uno
706 421 823 487 eaeopto
851 409 982 470 Socrate.
1009 409 1038 490 l)
1064 411 1163 470 Talem
1191 423 1284 469 autem
1310 411 1376 468 inse

172 535 294 576 amorem
313 528 344 574 ut
372 515 416 572 in‘
427 511 580 592 discipulis
607 510 745 568 excitaret
772 508 918 582 Socrates,
939 530 1004 568 cum
1032 529 1122 570 mores
1150 510 1300 568 effecerunt
1316 507 1375 580 viri,
1403 519 1405 528 ·

168 629 229 674 tunt
249 613 370 673 effecisse
398 609 515 671 videtur
540 608 664 668 maxime
691 606 761 665 haec
790 609 870 686 ipsa,
896 629 981 686 quarn
1007 607 1206 689 explicamus,
1237 598 1374 684 μωωταὴ.

169 714 240 771 Nam
259 724 316 769 erat
334 709 386 767 illa
405 729 470 766 cum
495 693 662 767 incredibili
689 705 812 785 quadam
840 705 1040 767 benivolentia
1059 722 1087 766 ct
1105 709 1233 767 caritatis
1253 707 1372 788 significa·
1393 775 1397 781 ³

168 811 246 870 tione
266 809 438 886 conjuncta:
461 799 536 886 ἔρως
551 820 644 866 autem
655 798 807 884 ἀντέρωτα
827 801 928 864 τίκτει·
949 827 1035 864 umor·
1048 813 1183 865 aicieum
1198 827 1323 866 amorem
1334 827 1373 883 pu·

165 915 219 967 rit.
261 905 319 965 Sed
336 907 392 985 ipsi
412 906 586 987 disciplinae
605 905 659 965 hoc
679 908 827 989 proprium
847 921 925 980 erat,
947 921 979 966 ut
1001 918 1114 987 pareret
1140 925 1272 964 amorem.
1320 904 1374 962 Nan

135 997 138 1008 ’
163 1007 306 1087 primum,
328 1002 449 1074 sublatis
475 1004 663 1085 opinionibus
683 1005 764 1063 falsis
783 1019 811 1064 et
830 1005 1063 1085 praeoccupatis,
1092 1024 1214 1062 amorem
1245 1002 1318 1077 veri,
1335 1000 1373 1060 diu

163 1104 225 1162 istis
243 1121 407 1184 oppressum
427 1115 454 1164 et
473 1100 532 1161 sele
552 1103 738 1178 suffocatum,
760 1117 896 1181 tanquam
916 1124 931 1160 e
951 1104 1048 1162 cinere
1064 1101 1238 1176 suscitabat,
1258 1113 1288 1158 ut
1304 1121 1374 1159 erar·

162 1201 289 1261 desseret
307 1199 339 1257 in
359 1199 472 1258 animo:
494 1200 548 1259 hoc
567 1215 662 1260 autern
680 1203 745 1281 quis
764 1215 805 1259 est
824 1203 874 1280 qui
895 1200 1078 1274 incenditur,
1098 1201 1171 1278 quin
1190 1199 1291 1259 eodem
1309 1218 1371 1280 prae

160 1312 303 1379 captorem
323 1295 419 1355 studio
438 1311 466 1355 et
490 1319 601 1372 amore,
623 1319 679 1377 quo
704 1300 794 1378 ipsam
817 1300 985 1373 veritatem,
1007 1299 1220 1379 prosequatur?
1242 1297 1292 1357 Est
1308 1297 1371 1356 euin

161 1395 209 1454 hic
230 1396 285 1476 ipsi
303 1415 363 1452 non
381 1397 483 1455 summi
505 1395 771 1456 tantum·beneficii
790 1411 908 1471 auctor,
929 1396 980 1456 sed
1000 1395 1165 1477 exemplum
1184 1397 1288 1470 etiam,
1310 1393 1372 1474 quod

159 1494 269 1573 assequi
288 1492 418 1568 studeat,
440 1494 501 1574 ipsa
519 1507 560 1552 est
576 1493 624 1554 illi
645 1495 966 1574 ve1·itatisyirtutisque
985 1495 1094 1574 imago,
1116 1515 1173 1572 qua
1193 1493 1371 1575 contemplari·

79 1625 81 1630 ·
159 1591 197 1651 da
215 1589 411 1667 colendoque,
432 1593 564 1650 amatoris
582 1593 670 1675 plane
689 1593 798 1666 instar,
817 1593 914 1651 satiari
932 1614 992 1651 nou
1009 1605 1110 1673 potest.
1132 1592 1226 1666 Vero,
1247 1593 1288 1651 sic
1300 1592 1372 1673 plane

158 1689 292 1751 divinum
311 1703 521 1769 praeceptorem
544 1690 678 1749 amabant
698 1689 855 1764 Socratici,
874 1691 914 1750 sic
937 1711 1002 1748 eum
1027 1704 1091 1771 post
1116 1705 1235 1748 mortem
1259 1689 1371 1751 venerati
1403 1717 1405 1736 ι

158 1801 227 1847 sunt
249 1801 277 1846 et
297 1786 458 1847 coluerunt.
506 1787 636 1861 Deinde,
657 1789 707 1867 qui
733 1787 786 1850 bac
813 1787 972 1868 disciplina
997 1810 1012 1845 a
1037 1787 1151 1846 Socrate
1174 1787 1370 1868 perpurgaban·
1404 1849 1405 1852 ,

158 1899 223 1958 tur,
244 1885 368 1964 primurn
388 1884 505 1962 quidem
525 1906 605 1965 aegre
630 1886 782 1960 ferebant,
803 1887 910 1944 auferri
935 1885 991 1945 sibi
1016 1907 1067 1960 ea,
1088 1886 1195 1964 quibus
1218 1887 1301 1944 unice
1324 1885 1369 1964 glo
1403 1863 1405 1890 ¹

157 1981 327 2056 mabuntur,
347 1995 475 2061 quaeque
500 1997 531 2042 ut
556 1997 636 2065 parta
662 1985 780 2063 ingenio
805 2005 856 2043 suo
879 1983 999 2065 paterni
1027 1986 1145 2043 caritate
1173 1983 1331 2064 diligebant
1350 1995 1370 2040 et

157 2079 380 2155 osculabantur,
407 2095 562 2159 erantque,
585 2096 616 2140 ut
647 2083 687 2141 ait
715 2082 861 2156 Socrates,
882 2084 932 2162 qui
958 2083 1051 2164 ipsum
1071 2082 1122 2144 has
1146 2083 1207 2142 illis
1227 2103 1315 2162 nugas
1332 2104 1368 2140 au·

155 2179 292 2237 ferentem
321 2178 552 2257 rejicientemque
563 2225 571 2254 ,
586 2194 698 2239 tantum
725 2202 784 2239 non
813 2179 986 2240 morderent.
1029 2180 1087 2240 Sed
1106 2180 1214 2254 iidem,
1234 2195 1367 2260 postquam
1404 2193 1405 2244 t

154 2275 241 2362 plane
271 2290 352 2333 erant
375 2279 557 2356 perpurgati,
579 2291 659 2337 tanto
683 2281 848 2361 semetipsos
872 2279 939 2338 odio
965 2278 1131 2353 habebant,
1160 2292 1268 2358 quanto
1296 2278 1366 2336 illum
1402 2245 1405 2372 l

155 2370 289 2431 colebant
307 2393 409 2432 aurore.
461 2374 694 2454 Indignabantur
713 2378 809 2451 euim,
831 2375 942 2435 tamdiu
961 2398 989 2435 se
1007 2379 1167 2458 torpuisse,
1190 2379 1330 2455 vitamque
1345 2395 1367 2434 se
1403 2375 1405 2418 5

154 2467 247 2528 adhuc
265 2468 374 2548 degisse
392 2468 543 2550 indignam
572 2474 688 2552 ingenio
717 2495 776 2534 suo.
820 2476 884 2549 Quo
905 2496 972 2534 vero
1000 2475 1140 2556 abjectius
1164 2477 1200 2536 de
1224 2475 1366 2555 semetipsis
1404 2485 1405 2498 ¹

154 2567 335 2641 sentiebant,
357 2589 389 2626 co
409 2569 446 2628 de
466 2569 579 2629 Socrate
602 2573 834 2651 magnificentius
853 2573 1074 2632 existimabant:
1096 2596 1208 2655 quoque
1221 2576 1308 2656 magis
1321 2572 1366 2632 sibi

153 2665 249 2724 deesse
268 2664 426 2741 videbant,
447 2667 524 2750 quod
543 2670 613 2749 ipsis
629 2669 788 2746 sufficeret,
810 2693 842 2730 eo
861 2672 1010 2730 ardentius
1030 2673 1277 2753 amplectebantur
1295 2691 1364 2744 eun,

150 2783 207 2842 quo
222 2761 276 2821 boc
295 2763 445 2842 explerent
459 2763 648 2841 desiderium,
663 2789 751 2847 eoque
771 2769 855 2828 illum
871 2769 1005 2829 amabant
1020 2770 1236 2832 vehementius:
1253 2789 1362 2831 amorem
1400 2799 1401 2882 q

150 2863 247 2936 enim,
268 2860 305 2920 de
333 2863 473 2922 Diotimae
500 2867 661 2940 sententia,
684 2866 846 2946 indigentia
873 2870 965 2948 parit.¹
1001 2869 1174 2946 Hujusmodi
1198 2881 1240 2928 est
1259 2883 1287 2929 et
1305 2869 1362 2927 hine
1399 2907 1400 2966 l

148 2958 340 3040 proficiscitur
358 2959 566 3041 discipulorum
595 2984 660 3043 erga
687 2965 897 3046 praeceptorem
918 2987 996 3026 amor
1006 3012 1014 3041 ,
1035 2968 1130 3046 qualis
1153 2967 1281 3029 Socrates
1299 2967 1360 3025 suit:
1398 2975 1399 3050 l

81 3054 87 3062 ”
148 3057 188 3115 sic
218 3067 294 3116 certe
322 3058 415 3138 ipsum
445 3058 587 3119 Socratem
615 3063 722 3122 amavit
734 3108 742 3136 ‚
763 3079 795 3123 ut
806 3063 898 3123 'modo
917 3064 1063 3124 confessus
1083 3080 1143 3141 est,
1164 3064 1360 3148 Apollodorus,
1395 3067 1398 3138 l

146 3153 196 3231 qui
212 3153 248 3212 ab
263 3153 317 3212 hoc
331 3157 433 3214 amoris
448 3157 543 3216 furore
558 3158 646 3238 plane
661 3173 689 3218 et
705 3156 1035 3239 enthusiasmo'porradg
1049 3165 1189 3246 appellari
1207 3162 1320 3224 solebat.
1335 3157 1360 3236 2]

187 3251 296 3325 Quodsi
312 3255 372 3328 jam
399 3252 435 3313 de
464 3275 496 3314 eo
523 3257 702 3333 quaerimus,
723 3259 801 3338 quod
830 3263 897 3320 item
925 3263 1053 3323 Socrates
1073 3266 1105 3321 in
1125 3263 1179 3324 illa
1205 3257 1358 3338 μαιευτικῆς

145 3348 337 3429 descriptione
356 3355 539 3428 memoravit,
560 3357 609 3434 qui
633 3357 802 3419 accederent
825 3359 862 3418 ad
881 3361 993 3442 ipsum,
1014 3362 1116 3422 borum
1143 3364 1267 3443 primum
1293 3385 1357 3424 non-

143 3448 240 3508 nullos
256 3447 372 3528 quidem
390 3472 449 3510 non
469 3451 554 3512 valde
572 3451 679 3514 dociles
699 3456 774 3515 visos
793 3478 865 3532 esse,
884 3460 955 3520 alios
975 3459 1073 3534 rudes,
1090 3480 1187 3520 omnes
1206 3481 1287 3535 vero,
1303 3481 1355 3542 pro·

145 3544 264 3605 cedente
289 3567 342 3606 usu
364 3563 392 3607 et
419 3551 646 3626 consuetudine,
672 3554 814 3632 siquidem
842 3557 913 3616 deus
944 3560 1069 3633 faveret,
1095 3558 1242 3620 mirabiles
1269 3561 1354 3619 secisse

143 3653 323 3724 progressus,
344 3644 525 3725 θαυμαστόν
538 3642 609 3710 ὅσον
625 3647 823 3727 ἐπιδιδόντας·
840 3655 870 3736 3)
887 3656 939 3716 hoc
955 3659 1023 3716 item
1037 3679 1073 3716 ex
1089 3656 1231 3716 Socratica
1249 3673 1353 3718 naturae

143 3741 285 3802 humanae
305 3747 502 3810 obseruatione
520 3750 645 3813 efficitur
664 3755 760 3814 facile.
787 3757 859 3815 Nam
879 3755 1029 3836 purgando
1046 3756 1142 3814 animo
1160 3754 1351 3832 liberandoque

141 3843 282 3918 perversis
303 3846 509 3925 opinionibus,
531 3872 596 3910 cum
616 3853 691 3912 viam
715 3853 883 3914 recludebat
906 3853 1135 3914 adolescentibus
1155 3856 1246 3916 omnis
1272 3855 1348 3914 scien·

142 3938 198 3997 tiae
217 3952 245 3998 et
264 3943 396 4020 virtutis,
418 3962 479 4006 tum
499 3950 554 4030 ipsi
582 3950 635 4008 hac
666 3953 712 4010 via
737 3975 795 4011 nou
820 3967 953 4034 poterant
976 3976 1036 4012 non
1056 3953 1203 4012 celerrime
1219 3947 1346 4034 progredi.

140 4035 202 4096 Hoc
227 4039 294 4098 item
319 4055 347 4100 et
371 4043 425 4125 ipsi
449 4046 636 4109 tribuendum
662 4048 790 4125 Socrati,
816 4053 864 4130 qui
886 4053 957 4110 mira
982 4050 1095 4112 valebat
1122 4051 1281 4124 incitandi,
1299 4043 1345 4106 tori

136 4185 374 4197 -ο--ῌ-

171 4263 195 4318 1)
213 4269 295 4336 Symp.
314 4266 364 4320 173
377 4269 406 4321 Ι).

168 4348 195 4412 2)
213 4351 273 4404 an.

166 4433 192 4496 3)
215 4438 308 4490 Theael.
330 4439 423 4491 1501).
