2872 5122
638 287 677 348 97

73 468 129 526 erga
151 467 210 506 cam
235 447 351 506 allectus
379 447 441 506 sim.
493 446 593 507 Simile
624 449 696 528 quid
721 450 793 509 mihi
821 451 945 524 accidit,
970 451 1027 510 acsi
1054 451 1119 529 quis
1145 452 1280 512 animalia

71 544 169 604 alicubi
196 544 552 625 pulera‘contemplatus,
583 547 644 607 sive
672 547 820 628 pingendo
848 542 1010 622 elaborata,
1039 549 1099 608 sive
1123 548 1210 623 viva,
1230 549 1280 610 sed

70 644 190 715 immota,
223 643 320 723 cupiat
348 642 401 704 illa
428 645 512 702 etiam
542 646 574 704 in
602 661 681 704 motu
714 659 839 726 spectare
868 659 896 704 et
925 661 1067 704 certamen
1083 647 1152 726 ipsis
1171 668 1279 708 conve-

71 742 146 800 niens
170 741 310 800 ineuntia.
352 742 461 800 Pariter
488 763 567 800 nunc
588 764 638 822 ego
657 745 735 803 cives
754 744 820 806 illos
844 746 932 824 gestio
956 745 988 802 in
1012 744 1124 803 actione
1150 759 1279 804 contem-

70 837 152 917 plari,
172 859 203 896 ae
225 853 387 898 narrantem
411 839 511 898 audire
541 842 715 916 certamina,
745 863 818 922 quae
835 841 889 904 tali
913 842 1002 922 digna
1020 855 1047 900 et
1065 840 1233 901 educatione
1252 857 1279 902 et

68 935 230 1016 disciplina,
251 950 309 996 tam
334 937 479 1012 dicendo,
508 959 593 1016 quam
615 939 744 1018 agendo,
775 961 841 998 eum
863 939 929 999 aliis
958 938 1125 1000 civitatibus
1154 941 1279 998 commit·

68 1047 152 1122 tantu
179 1032 208 1114 l)
238 1035 388 1109 Omnino,
419 1056 491 1114 quae
518 1051 578 1095 arte
607 1035 759 1098 effinxerat
790 1037 871 1096 Plato
900 1037 1041 1115 uniceque
1068 1035 1279 1111 admirabatur,

68 1133 249 1211 Pygmalionis
266 1133 377 1208 instar,
397 1147 504 1193 motum
531 1133 578 1192 his
601 1149 628 1194 et
654 1136 744 1195 vitam
763 1135 864 1196 indere
882 1134 1010 1194 studuit:
1033 1155 1086 1192 nee
1116 1134 1207 1194 solum
1225 1133 1279 1194 hoc

67 1231 200 1310 proposito
220 1231 341 1290 Critiam
358 1231 485 1302 instituit
504 1231 647 1306 scribere,
668 1231 736 1307 scd,
754 1233 787 1292 in
805 1233 924 1292 caeteris
944 1233 1051 1311 pariter
1069 1231 1204 1311 dialogis,
1223 1233 1278 1291 for·

67 1329 226 1388 mosissimos
242 1349 368 1409 quosque
389 1343 416 1388 et
435 1330 555 1409 optimos
569 1330 764 1390 adolescentes
784 1331 824 1388 sic
843 1329 928 1388 nobis
945 1329 1098 1390 scribendo
1117 1327 1278 1409 repraesen·
1313 1355 1317 1361 ·

66 1426 147 1500 tavit,
169 1441 200 1486 ut
219 1447 266 1486 eos
294 1427 460 1486 etiamnunc
488 1428 620 1488 viventes
649 1443 819 1508 agentesque
843 1427 989 1507 adspicere
1016 1441 1044 1485 et
1073 1447 1138 1484 cum
1166 1425 1278 1486 Socrate

66 1522 251 1602 colloquentes
280 1525 382 1584 audire
409 1524 568 1586 videamur.
609 1526 728 1605 Itaque,
753 1525 830 1605 quod
857 1525 893 1584 ab
918 1525 1004 1584 initio
1031 1525 1226 1599 instituimus,
1247 1524 1279 1583 id

67 1643 139 1702 porro
157 1624 314 1698 faciemus,
336 1637 367 1683 ut
386 1623 512 1704 legamus
530 1645 594 1683 cum
615 1623 770 1684 lectoribus
792 1623 897 1682 nostris
915 1620 1071 1682 Platonem.
1113 1622 1184 1682 llam
1196 1607 1279 1682 haud

66 1721 142 1800 magis
169 1721 206 1780 de
235 1742 268 1781 eo
292 1741 328 1780 ex
354 1721 551 1802 compendiis,
582 1743 653 1802 quae
681 1724 834 1796 feruntur,
855 1720 983 1799 judicari
1001 1734 1093 1800 potest
1105 1765 1114 1796 ,
1135 1741 1219 1799 quam
1243 1720 1279 1780 de

67 1817 176 1878 Homero
195 1840 230 1878 ex
249 1818 468 1899 rhapsodiarum
480 1821 663 1900 argumentis.
686 1820 804 1880 Pateliet
823 1819 893 1878 inde
908 1818 996 1898 magis
1016 1819 1175 1898 magisque,
1190 1833 1278 1878 artem

66 1918 244 1996 composuisse
273 1917 420 1977 Platonem
447 1917 484 1977 ad
512 1916 730 1999 philosophiae,
760 1916 798 1977 ad
826 1915 982 1990 sublimis,
1012 1932 1098 1994 quam
1131 1917 1277 2000 diximus,
1300 1941 1302 1946 ·

66 2014 224 2074 aestheticae
246 2014 330 2104 leges.
372 2016 409 2074 In
434 2015 545 2093 legibus
568 2015 629 2076 illis
651 2014 720 2074 haec
739 2016 868 2074 omnium
892 2027 934 2074 est
952 2015 1076 2072 maxima
1100 2028 1128 2074 et
1153 2036 1277 2090 summa,

67 2123 92 2170 ut
113 2133 146 2169 ne
170 2112 236 2191 quis
259 2112 332 2172 falsa
355 2114 502 2187 imitetur,
524 2133 595 2192 quae
619 2114 712 2194 specie
741 2134 769 2171 sc
798 2111 999 2172 commendant
1025 2111 1106 2186 veri,
1135 2111 1186 2172 sed
1212 2134 1279 2173 vera

66 2209 199 2285 imitatus,
222 2211 328 2292 optima
344 2232 472 2291 quaeque
491 2212 524 2270 in
542 2212 635 2270 lucem
654 2212 803 2292 producat
846 2213 938 2285 Quam
963 2211 1022 2290 ipse
1042 2223 1153 2268 secutus
1172 2210 1261 2291 legem
1272 2263 1280 2294 ‚

67 2308 209 2368 scribendo
235 2310 376 2388 quaesivit
404 2311 600 2390 potissimum,
630 2309 703 2388 quid
733 2331 799 2371 vere
828 2322 899 2369 esset
926 2308 1084 2389 pulcrum,
1114 2329 1180 2368 vere
1209 2324 1280 2378 esset

66 2403 182 2483 bonnm,
201 2389 268 2468 vere
297 2421 367 2466 esset
391 2409 519 2486 justum:
542 2409 696 2488 perfectam
716 2406 868 2467 scribendo
896 2404 1103 2486 rempublicam
1127 2406 1280 2496 condidit,

66 2524 125 2581 quae
144 2506 236 2586 ipsius
250 2507 323 2584 justi
343 2506 462 2566 referret
491 2496 672 2587 exemplum:
694 2504 835 2565 mundum
862 2503 933 2564 adeo
953 2505 985 2563 in
1015 2505 1129 2563 Timaeo
1152 2503 1189 2564 ad
1216 2525 1279 2585 per·

66 2602 129 2662 lecta
149 2618 317 2682 aeternaque
337 2603 433 2685 pulcri
452 2620 480 2665 et
498 2604 568 2664 boni
587 2602 717 2685 exempla
737 2623 752 2660 a
772 2603 831 2661 Deo
850 2602 1035 2660 informatum
1054 2601 1212 2683 descripsit.
1244 2603 1280 2662 Et

67 2700 127 2760 mihi
148 2701 284 2780 quidem,
301 2704 405 2784 scripta
423 2703 551 2764 Platonis
570 2703 696 2784 legenti,
717 2702 795 2760 visus
813 2713 854 2757 est
873 2699 932 2757 fere
953 2699 1033 2758 Plato
1060 2709 1167 2758 novum
1186 2699 1281 2780 quod-

67 2796 122 2858 dam
142 2800 279 2860 inducere
298 2806 413 2881 poeseos
439 2822 528 2881 genus
552 2801 712 2860 studuisse:
735 2797 805 2878 quin
826 2796 929 2869 etiam,
949 2795 1002 2853 hoc
1028 2796 1089 2876 ipso
1108 2799 1279 2874 tractando,

68 2917 122 2956 cum
141 2899 335 2958 celeberrimis
352 2901 444 2980 poetis
467 2899 503 2958 de
523 2900 592 2958 artis
608 2897 704 2980 palma
724 2902 897 2953 concertasse
915 2891 1132 2970 quodammodo.

100 2997 208 3072 Politiea
235 3011 277 3056 est
303 2997 390 3078 plane
420 2998 597 3079 dialogorum
625 2993 836 3054 Platonicorum
860 2992 958 3049 forma.
1001 2993 1090 3067 Nam,
1115 2996 1279 3071 quamvise

68 3089 179 3153 Socratis
198 3096 370 3155 exstiterunt
387 3095 584 3170 sermonibus,
604 3114 672 3172 qnos
690 3091 740 3149 ille
761 3092 841 3148 vario
864 3104 1007 3170 tempore,
1028 3112 1091 3148 cum
1113 3093 1200 3151 variis
1225 3093 1280 3152 ho-

69 3191 201 3268 minibus,
232 3193 268 3252 de
298 3195 376 3254 omni
404 3207 632 3274 argumentorum
659 3210 760 3270 genere
789 3189 945 3261 habuerat,
971 3188 1051 3247 Plato
1078 3210 1124 3248 eos
1146 3190 1184 3250 ad
1211 3193 1279 3250 artis

69 3290 194 3349 rationem
214 3291 400 3366 informavit,
421 3289 596 3372 Sophronem
614 3288 742 3346 imitatus
761 3301 788 3345 et
802 3285 963 3366 tragoediae
979 3288 1196 3369 comoediaeque
1214 3297 1278 3371 poe·

69 3397 120 3460 tas,
138 3388 168 3446 in
186 3389 287 3470 primis
305 3388 482 3470 Euripidem.
512 3386 576 3461 Quo
595 3386 701 3443 factum
709 3429 719 3458 ,
742 3397 773 3442 nt
792 3384 871 3444 haud
888 3383 1058 3466 simpliciter
1077 3401 1169 3446 essent
1187 3388 1279 3447 eollo-

70 3484 144 3559 quia,
173 3485 269 3568 qualia
296 3487 329 3545 in
358 3485 560 3566 Xenophontis
586 3497 740 3541 occurrunt
768 3482 1030 3558 Memorabilibus,
1061 3485 1111 3544 sed
1139 3488 1280 3544 dramate

70 3596 168 3659 essent,
188 3583 364 3662 tragicorum·
375 3585 466 3642 instar
483 3581 662 3656 fabularum,
678 3601 750 3660 quae
769 3580 845 3640 vitae
864 3595 1078 3664 temporumque
1099 3585 1280 3644 continerent

71 3659 198 3758 effigiem,
221 3703 253 3739 ae
269 3703 358 3740 mores
375 3681 523 3739 hominum
544 3693 571 3738 et
590 3679 706 3759 ingenia
715 3724 724 3752 ,
745 3678 867 3738 virtutes
881 3701 913 3740 ac
929 3681 1019 3755 vitia,
1035 3681 1178 3758 juvenum
1195 3682 1278 3741 etiam

72 3773 186 3836 indolem
205 3792 233 3838 et
251 3777 346 3838 studia
365 3778 505 3837 imitando
525 3777 727 3858 exprimerent.
769 3777 806 3836 Et
825 3798 905 3854 sane,
926 3799 998 3857 quae
1016 3778 1094 3858 apud
1112 3777 1279 3861 Euripidem
1330 3791 1334 3804 ¹

73 3888 106 3931 est
121 3876 213 3952 lonis,
227 3876 400 3957 Hippolyti,
415 3874 555 3949 Achillis,
576 3875 675 3933 eadem
693 3889 734 3933 est
755 3876 787 3934 in
807 3876 933 3934 Platonis
951 3874 1127 3935 dramatibus
1141 3878 1279 3953 Phaedri,

75 3970 239 4049 Alcibiadis,
260 3974 436 4047 Glauconis,
457 3973 605 4032 Adimanti
633 3973 732 4033 nativa
760 3974 850 4052 gratia
876 3987 903 4031 et
932 3986 1075 4033 venustas.
1116 3974 1173 4036 Sed
1201 3977 1281 4037 Plato

75 4072 161 4146 poesin
178 4073 303 4152 agitabat
321 4074 416 4131 auimo
433 4074 566 4150 majorem
585 4069 729 4148 quandam
745 4083 772 4128 et
787 4069 990 4129 sublimiorem.
1021 4071 1122 4145 «Quae
1137 4095 1202 4149 nos,
1221 4077 1280 4150 ait,
1352 4148 1358 4156 ¹

75 4168 246 4248 suscipimus,
268 4189 351 4230 nemo
367 4191 492 4250 unquam
506 4175 672 4250 poetarum,
691 4167 739 4226 vel
756 4168 805 4246 qui
823 4167 892 4225 olim
912 4169 1029 4227 fuerunt
1039 4215 1047 4243 ,
1068 4171 1115 4228 vel
1133 4173 1182 4250 qui
1201 4194 1279 4231 nunc

77 4279 150 4340 sunt,
177 4270 306 4350 perfecit.
349 4268 433 4343 Quod
462 4289 522 4328 non
551 4266 634 4340 dieo,
660 4257 699 4326 cd
729 4260 878 4345 ποιητικόν
909 4259 1060 4346 ἀτιμάζων
1084 4260 1183 4347 γένος,
1208 4263 1282 4328 ἀλλά

105 4488 125 4552 n
146 4473 198 4546 rt,
217 4496 255 4547 19.
274 4496 302 4546 u.
