2838 5120
740 287 800 346 2³0

158 453 287 532 pliuam,
319 471 390 530 quae
406 449 458 524 id,
477 448 556 527 quod
574 464 632 526 est,
664 469 717 509 nec
736 451 848 531 percipi
869 449 961 510 oculis
980 462 1091 531 potest,
1111 459 1228 528 spectat.
1267 450 1361 524 Quodsi

158 550 223 628 qui-s
240 550 302 610 sire
320 569 430 608 sursum
449 547 584 625 inhians,
605 549 666 610 sire
685 569 840 610 conversus
858 544 1009 623 deorsum,
1031 567 1146 620 eorum,
1168 567 1239 625 quae
1248 547 1362 606 sensibus

157 659 275 727 patent,
296 646 408 726 aliquid
427 647 576 727 percipere
595 646 707 720 studet,
729 667 782 704 neo
801 646 911 708 discere
932 668 997 708 eum
1014 645 1281 706 dico--scientism
1295 647 1361 705 enim

156 767 253 804 eorum
283 767 341 806 esse
369 745 481 806 nullom
501 789 536 798 -
555 767 608 805 nec
627 767 740 806 sursum
759 747 820 823 ejus
840 761 983 820 mentem,
1005 743 1056 806 sed
1078 742 1211 801 deorsum
1231 757 1360 822 spectare,

158 845 266 902 etiamsi
297 846 450 925 resupinus
480 845 512 903 in
539 858 630 904 terrae
658 844 742 903 litore
762 844 809 904 vel
830 845 916 903 maris
935 863 1056 923 aequore
1071 844 1190 920 jacens,
1221 840 1361 920 quidquam

157 943 345 1023 perceperit.»
367 943 479 1016 Quibus
488 945 614 1002 monitus
624 964 656 1002 ec
668 940 856 1023 reprehensus
865 942 994 1018 Glauco,
1020 965 1034 998 u
1044 937 1129 1021 δίκην
1140 932 1218 1020 ἔχιν,
1237 947 1361 1019 peccori,

156 1041 271 1119 inquit,
302 1042 402 1100 merito
429 1061 473 1098 me
500 1040 729 1121 reprehendisti3
761 1040 812 1100 sed
829 1062 902 1120 quae
919 1056 960 1102 est
979 1044 1054 1102 ratio
1073 1040 1229 1102 discendae
1247 1052 1362 1098 astrono-

157 1139 248 1213 miae,
278 1154 389 1220 practer
412 1159 491 1214 eom,
520 1160 605 1218 quam
628 1139 677 1198 isti
702 1153 879 1217 sequuntur,
911 1142 934 1200 si
955 1144 1017 1222 ejus
1036 1141 1120 1202 nobis
1139 1140 1265 1222 cognitio
1283 1137 1316 1196 sit
1332 1133 1360 1193 ed

157 1258 210 1311 ea,
239 1258 311 1316 quae
335 1237 475 1313 dicimus,
505 1239 680 1318 profutura?
703 1281 735 1290 -
756 1237 803 1296 hd
830 1238 901 1298 haec
928 1239 1085 1320 respondet
1113 1239 1258 1304 Socrutes:
1280 1231 1361 1296 ταῦτα

156 1331 211 1413 μὲν
237 1329 275 1396 sd
302 1333 333 1394 ἓν
358 1335 403 1420 τῷ
428 1329 546 1421 οὐρανῷ
567 1333 755 1416 ποικίλματα,
779 1333 894 1420 ἐπείπερ
917 1333 950 1397 ἒν
971 1331 1074 1424 ὁρατῷ
1094 1335 1285 1411 πεποίκιλται,
1306 1328 1358 1397 etoil-

155 1441 239 1498 λιστα
264 1433 325 1516 μὲν
345 1432 482 1519 ἡγεῖσθαι
509 1436 557 1498 καί
584 1432 779 1519 ἀκριβέστατα
804 1439 864 1499 τῶν
885 1434 1026 1501 τοιούτων
1047 1435 1140 1521 ἔχειν,
1164 1440 1227 1502 τῶν
1247 1435 1285 1500 δὲ
1304 1433 1360 1517 ἁλι]-

156 1541 251 1602 θινολν
276 1536 350 1601 πολι)
378 1538 485 1614 ἐνδεῖν,
513 1529 555 1602 ὦν
578 1535 615 1601 td
643 1535 679 1602 dv
705 1535 798 1620 τάχος
822 1536 870 1601 ιἰαἱ
896 1536 918 1624 η’
944 1536 1020 1620 οὖσα
1039 1538 1193 1625 βραδυτής
1212 1541 1260 1603 καί
1283 1538 1362 1623 ἓντῷ

144 1629 293 1729 ’ἄληθινῷ
313 1639 439 1728 ἀριθμῷ
457 1641 506 1703 καί
527 1642 598 1703 ποῖοι
619 1647 681 1717 τοῖς
702 1637 829 1725 erecto
852 1640 987 1727 σχήμασι
1010 1641 1106 1726 φοράς
1126 1669 1157 1706 τε
1180 1639 1256 1728 πρδς
1264 1639 1364 1724 ἄλληλα

85 1761 87 1768 ’
156 1741 275 1844 φέρεται
301 1744 349 1806 καί
374 1740 412 1806 sd
441 1739 545 1806 ἐνόντα
574 1741 669 1826 φέρει·
696 1749 724 1830 l)
755 1743 774 1806 d
800 1741 840 1828 δὴ
867 1742 946 1834 λόγῳ
973 1746 1030 1826 μὲν
1055 1749 1103 1808 καὶ
1130 1727 1245 1833 διανοίᾳ
1265 1739 1362 1828 loquuti,

155 1842 226 1924 d'oea
254 1841 349 1909 δὀὔ·
372 1843 392 1929 ἢ
413 1842 450 1909 oti
471 1844 540 1924 olan
562 1843 726 1928 Ου’δαμῶς,
748 1843 823 1930 ἔφη·
844 1854 1077 1911 existimandum
1107 1862 1169 1926 est,
1201 1853 1274 1925 lues,
1302 1869 1363 1927 quos

156 1963 189 2010 s'n
218 1953 291 2011 coelo
319 1955 439 2028 διτταί,
471 1961 599 2030 species,
621 1961 707 2011 utin
727 1955 784 2011 loco
805 1953 979 2010 visibili
999 1953 1202 2026 informatos,
1218 1951 1362 2027 pulcerri-

156 2073 221 2109 mas
260 2073 329 2109 sune
367 2058 499 2108 omnium
528 2074 607 2125 osse,
647 2053 697 2110 sed
726 2054 810 2131 longe
840 2053 955 2125 obesse,
997 2059 1032 2107 ut
1059 2051 1135 2107 tales
1161 2055 1242 2122 sint,
1272 2048 1362 2128 quoles

156 2172 293 2224 ceros,
335 2171 465 2226 quarum
499 2171 570 2208 veru
608 2161 652 2208 est
689 2149 829 2208 celeritas
868 2170 996 2226 veroque
1025 2149 1159 2206 tarditas
1187 2158 1216 2206 ot
1241 2169 1314 2225 qnae
1336 2153 1360 2201 ιἰι

156 2271 223 2307 vero
252 2269 374 2306 numero
401 2257 537 2326 ceresque
562 2249 678 2329 figuris
709 2251 748 2306 ud
777 2271 806 2307 sc
833 2245 960 2306 invicem
972 2249 1148 2322 seruntur,
1170 2269 1280 2324 euque,
1301 2265 1361 2324 quoe

156 2349 412 2427 complectuntur,
426 2349 560 2422 ferunt:
578 2369 653 2426 quae
663 2349 781 2425 quidem
795 2355 913 2404 ratione
924 2345 1139 2426 etcogitott'one
1145 2353 1360 2424 percipiuntur,

155 2454 221 2504 visu
251 2467 318 2504 oero
346 2467 402 2503 non
422 2453 512 2503 item:
544 2467 583 2503 απ
605 2468 670 2504 uero
689 2456 722 2502 tu
737 2444 856 2522 putus?
886 2442 976 2502 Nullo
994 2446 1092 2518 modo,
1113 2451 1253 2527 inquit.»
1298 2443 1361 2500 Haec

154 2545 214 2604 ille.
255 2543 349 2623 Equo
368 2557 426 2602 toto
445 2564 592 2619 sermone,
622 2565 707 2622 quem
726 2545 852 2602 fructum
869 2541 948 2600 Plato
966 2561 1002 2602 ex
1023 2543 1210 2601 astronomiae
1229 2541 1321 2600 studio
1338 2539 1361 2596 iu

151 2643 250 2724 primis
280 2663 338 2700 esse
366 2642 557 2723 capiendum,
588 2664 699 2723 queque
728 2663 789 2701 eam
815 2642 925 2700 ratione
951 2640 1131 2700 tractandam
1161 2660 1220 2699 csse
1238 2627 1361 2699 duxerit>

152 2754 230 2822 potet
251 2741 426 2820 unicuique;
448 2741 498 2800 sed
519 2755 560 2800 est
580 2740 663 2800 nobis
681 2742 748 2800 item
768 2739 851 2800 aliud
871 2737 970 2798 eadem
986 2739 1022 2799 de
1033 2760 1063 2798 re
1074 2737 1360 2798 animadvertendum.

194 2837 280 2913 Quod
298 2838 384 2899 modo
403 2840 550 2913 diximus,
571 2839 693 2898 finxisse
710 2841 860 2918 antiquos,
881 2838 1045 2918 pracsertim
1065 2837 1276 2917 Pythagoreos,
1296 2833 1361 2893 mul-

153 2951 181 2996 ta
191 2983 199 3011 ,
220 2958 291 3016 quae
309 2936 346 2997 ad
363 2938 528 3017 gravissima
546 2937 725 2997 invenienda
744 2925 824 2996 vieni
838 2951 962 2996 sternere
979 2933 1360 3016 recentioribusphilosophis

152 3035 330 3116 potuissent,
360 3036 412 3095 hos
440 3051 535 3094 autem
564 3035 730 3094 adhibuisse
756 3057 787 3094 co
814 3034 1024 3108 Orientalium,
1050 3036 1230 3114 maximeque
1248 3034 1359 3093 Arabum

152 3134 273 3194 invento
283 3180 291 3207 ‚
311 3132 342 3213 2)
364 3133 395 3193 id
412 3133 482 3192 haee
502 3155 553 3192 nos
573 3133 657 3193 docet
675 3134 841 3216 philosophi
852 3134 888 3194 dc
898 3115 1067 3194 astrohomia
1078 3132 1227 3193 tractanda
1237 3133 1297 3193 sive
1305 3151 1360 3190 seu-

152 3232 243 3291 tentia
272 3232 332 3292 sive
358 3229 492 3312 suspicio.
534 3231 633 3290 Mente
661 3231 685 3290 is
711 3232 853 3293 volutasse
881 3247 908 3292 et
931 3233 1012 3312 quasi
1035 3233 1211 3293 vaticinatus
1225 3232 1282 3290 tale
1300 3225 1360 3309 quid

152 3329 269 3390 videtur
279 3376 288 3405 ,
309 3327 392 3410 quale
412 3329 495 3388 nobis
513 3331 650 3410 olgebroe
665 3328 822 3412 disciplina
843 3333 876 3391 in
896 3331 960 3390 luce
978 3333 1081 3412 posuit.
1113 3332 1251 3412 Legamus
1269 3331 1358 3388 iterum

74 3459 78 3464 ·
152 3426 328 3510 adscriptum
348 3427 452 3486 locum.
482 3417 567 3486 Di'xit
577 3474 585 3501 ,
607 3448 679 3506 quoe
697 3430 916 3510 conspiciuntur
930 3430 960 3488 in
977 3429 1096 3490 coeloac
1107 3425 1358 3503 moventur,·mul·

151 3539 212 3584 tum
238 3525 274 3585 ab
295 3526 331 3585 iis
351 3525 483 3600 differre,
512 3545 584 3604 quae
605 3546 669 3583 oum
687 3527 764 3604 quod
781 3529 921 3604 fosm'sm,
950 3543 1011 3588 tum
1028 3527 1106 3606 quod
1123 3541 1230 3587 motum
1249 3527 1357 3594 attinet,

152 3645 224 3682 vero
241 3638 309 3684 sunt
328 3623 469 3702 uniceque
489 3637 583 3683 mente
601 3623 895 3705 comprehenduntur.
937 3629 1008 3687 Rem
1025 3625 1133 3686 deinde
1151 3648 1187 3685 ex
1206 3624 1357 3706 geometriae

149 3722 245 3781 studio
273 3722 408 3782 illustrat.
454 3722 534 3780 «His
552 3722 671 3801 igitur,¹
689 3723 806 3802 inquit,
836 3745 908 3804 quae
928 3727 959 3784 in
978 3726 1057 3784 coelo
1076 3725 1148 3782 mird
1168 3725 1302 3785 varietate
1317 3721 1357 3780 lu·
1404 3799 1405 3802 Ἴ

130 3836 233 3896 cent,
260 3835 396 3902 tanquam
416 3817 646 3902 παραδείγματι,
669 3825 814 3901 exemplo,
845 3824 983 3883 utendum
1003 3837 1044 3882 est
1062 3823 1099 3882 ad
1117 3822 1189 3899 illa,
1220 3829 1289 3902 qdae
1307 3839 1355 3878 uon

150 3905 287 3980 videntur
307 3920 357 3980 scd
376 3911 461 3998 sunt,
482 3920 619 3983 discenda
630 3969 638 3996 ,
659 3921 780 4004 perinde
800 3943 831 3980 ac
850 3923 873 3980 si
890 3923 954 4000 quis
972 3921 1076 4001 figuras
1096 3921 1195 3982 videat
1216 3915 1354 3980 sDaedslo

150 4018 194 4079 vel
225 4019 282 4080 ulio
310 4020 436 4097 artifice,
466 4036 516 4094 aut
544 4044 559 4080 a
588 4023 696 4102 'pictore
727 4021 832 4080 eximie
855 4019 945 4101 pictas
965 4033 992 4078 et
1010 4020 1177 4080 elaboratas.
1219 4021 1319 4097 Nempe
1335 4011 1352 4069 si

148 4118 277 4192 essetis,
298 4118 355 4197 qui·
367 4139 412 4177 eas
432 4119 530 4194 videt,
552 4120 719 4200 geometriae
738 4117 863 4199 peritus,
884 4118 1037 4177 artificium
1047 4109 1192 4193 laudaret,
1213 4114 1351 4177 ridiculum

148 4236 216 4276 vero
233 4237 292 4276 esse
310 4231 457 4293 censeret,
478 4240 506 4276 se
526 4221 591 4298 quis
608 4217 677 4278 talia
693 4217 831 4278 attentius
849 4216 1058 4293 consideraret,
1080 4233 1112 4278 ut
1128 4217 1240 4278 scilieet
1258 4220 1349 4276 verite·

180 4407 205 4471 1)
223 4411 414 4478 Adscripsimus
433 4411 498 4462 hoec
518 4411 550 4462 de
568 4412 722 4478 conjecture·
736 4411 801 4464 Astii
816 4413 848 4465 ed
865 4412 889 4464 lt.
907 4412 923 4464 l.
943 4429 968 4480 p.
987 4409 1045 4463 569.

178 4493 204 4560 2)
223 4512 247 4563 p.
265 4495 324 4548 220.
