2898 5120
716 279 776 340 530

163 457 240 516 Hinc
270 473 355 534 porro
385 449 514 510 Socrates
541 446 578 506 cle
603 445 798 526 singulorum,
823 463 896 523 quos
914 441 1085 522 descripsit,
1107 439 1234 500 virorum
1256 439 1358 500 condi-

121 556 201 613 tione
224 553 301 632 agit,
323 548 508 625 instituitque
531 543 570 604 de
592 545 646 619 iis,
667 564 701 602 ac
728 543 752 602 si
780 543 811 600 in
840 540 919 602 ludis
950 539 1103 600 chororum
1124 537 1243 616 praemii
1267 557 1358 618 repor-

121 649 204 710 tandi
229 647 328 708 caussa
350 655 582 717 concertassent,
613 641 741 702 solemne
765 637 922 720 judicium.
969 639 1072 716 «Age,
1103 635 1163 708 ait,
1194 635 1358 708 Adimante,

120 741 487 828 quemadmodumJudeu,
503 739 600 799 omnia
618 739 823 818 conspiciens,
843 735 881 796 de
900 732 1175 816 singulisjudicat,
1196 735 1236 792 ita
1254 734 1359 811 tojam

120 847 218 928 profer
226 891 235 920 ,
265 844 317 923 qui
346 856 398 901 tno
422 837 538 917 Jndicio
556 837 668 917 primus
686 835 848 908 felicitate,
868 833 918 912 qui
939 830 1087 892 secundus
1105 831 1161 889 sit:
1184 845 1360 908 caeterosque

120 944 260 1023 deinceps
282 939 403 1019 judica,
431 929 598 1015 βασιλικον,
632 953 854 1014 τιμοκοιιτικον,
888 919 1100 1010 ὀλιγαρχικον,
1129 922 1359 1010 δημοκρατικόν,

120 1027 362 1140 accurentium-
322 1038 474 1098 *Haud
497 1057 566 1097 sanc
595 1033 721 1094 difficile
749 1033 805 1094 hoc
827 1031 975 1111 judicium
999 1043 1060 1088 cst:
1082 1029 1125 1088 uti
1147 1031 1228 1089 enim
1246 1030 1359 1109 ingressi

120 1157 207 1217 sunt,
228 1142 270 1200 sic
298 1158 352 1218 ego
378 1157 444 1210 θοι,
473 1149 611 1212 tanquam
642 1131 762 1205 choros,
789 1131 899 1208 virtute
927 1148 959 1187 ac
988 1127 1150 1208 pravitate,
1173 1125 1313 1184 felicitate
1329 1146 1359 1183 ac

121 1236 284 1310 contrario,
315 1255 449 1314 comparo
477 1233 556 1291 inter
582 1250 611 1290 se
639 1242 666 1288 et
688 1228 858 1306 judico-
822 1224 1117 1285 -Praeconemne'
1109 1224 1200 1336 igitur
1218 1222 1360 1282 conduce-

121 1356 203 1408 mus,
232 1355 270 1392 an
299 1351 350 1411 ego
378 1315 644 1410 pronunciabo,‘'
625 1347 671 1386 οτι
696 1347 712 1385 o
740 1315 937 1408 Ἀρίστωνος
952 1314 1019 1394 οἶος
1047 1313 1360 1400 condormiscam*

123 1423 306 1492 δικαιότατον
332 1420 640 1544 aodoqrovdororpr”
622 1445 727 1507 cepere·
765 1423 873 1486 τοῦτον
899 1419 929 1485 δ’
953 1416 1026 1484 εἶναι
1053 1415 1109 1483 τον
1136 1409 1361 1501 βασιλικώτατον

122 1530 171 1594 καὶ
191 1525 382 1612 βασιλεύοντα
402 1521 512 1594 αὑτοῦ·
534 1520 589 1590 cciv
611 1524 647 1588 δὲ
668 1519 809 1588 κάκιστόν
828 1545 859 1587 τι
879 1522 928 1586 uod
953 1517 1138 1586 ἀδικώτατον
1163 1517 1360 1586 ἀθλιώτατα

122 1634 229 1696 τοῦτον
250 1627 279 1693 δ’
299 1623 337 1692 αὖ
358 1622 512 1710 τυγχάνειν
534 1623 628 1703 ὄντα,
657 1623 691 1704 ὃς
721 1622 760 1689 ἂν
789 1619 1039 1711 τνραννοιοῖτατος
1067 1617 1110 1687 ὤν
1137 1619 1248 1686 ἑαυτοῦ
1266 1649 1296 1688 τε
1318 1619 1360 1685 ὅτι

123 1727 254 1816 μάλιστα
275 1733 405 1818 τυραννῇ
425 1731 474 1792 καὶ
494 1731 550 1813 τῆς
570 1723 698 1805 πόλεως·
720 1731 880 1790 Aristonis
897 1729 1008 1806 filium
1036 1735 1139 1786 virum
1166 1736 1308 1805 optimum
1334 1739 1360 1786 et

120 1843 334 1916 justissimam
353 1836 513 1911 judicasse
540 1835 767 1893 beatissimum:
799 1853 860 1892 eree
888 1841 991 1890 eutem
1022 1831 1103 1889 leuno
1132 1831 1279 1890 hominem
1298 1852 1361 1888 mo-

122 1930 207 1994 ¹aimo
242 1941 376 1993 omnium
415 1942 536 2013 regium
576 1954 663 2010 ecque
700 1938 800 2012 iprum
838 1935 992 2014 regentem
1003 1951 1017 2001 ;
1050 1937 1215 2024 pessimum
1242 1943 1313 1988 nero·
1334 1935 1360 1984 cl

58 2063 61 2072 ·
89 2072 92 2076 -
126 2039 373 2110 erriquieee'mum,
396 2051 456 2089 esee
475 2037 704 2090 miserrimum:
726 2029 819 2088 talem
837 2036 941 2086 cotem
958 2049 1050 2104 eree,
1080 2035 1136 2106 qui
1161 2033 1289 2086 monime
1315 2033 1360 2102 ty-

29 2135 57 2175 ·'
127 2135 325 2206 rennuerit,
347 2150 433 2208 eoquo
452 2134 772 2209 ipsametce'oe'totem
792 2125 1134 2206 tyrannidepromut.o
1163 2121 1193 2203 l)

293 2323 348 2382 Dc
381 2331 618 2400 utriusque
647 2323 831 2382 hominia
865 2329 1047 2378 interno
1078 2327 1212 2378 animi

623 2420 881 2480 conditione.

157 2608 288 2680 'Poiseos
317 2615 406 2674 ferme
433 2611 605 2674 Pindaricae
633 2613 757 2677 colorem
776 2615 808 2674 in
828 2615 883 2678 hoc
903 2613 996 2675 veluti
1016 2610 1242 2672 athlothctarum
1256 2609 1364 2690 judicio

124 2711 164 2772 ‘de
192 2715 312 2796 prolatis
341 2713 414 2774 viris
439 2712 638 2792 agnoscimus,
671 2712 722 2771 sed
748 2732 834 2771 nemo
861 2711 932 2772 haec
957 2710 1063 2786 facile,
1084 2729 1158 2792 quae
1176 2709 1365 2784 adduximus,

127 2827 189 2872 tum
217 2813 315 2870 etiam'
330 2831 403 2889 quae
431 2807 502 2869 haec
529 2807 763 2888 subsequuntur,
784 2807 957 2890 diligentius
978 2797 1100 2887 legerit,
1120 2808 1195 2888 quin
1213 2803 1302 2864 ducta
1318 2805 1366 2864 illa

126 2911 222 2968 omnia
250 2931 308 2968 esse
338 2907 438 2970 videat
466 2928 503 2966 eu
529 2905 666 2965 interiore
694 2917 812 2965 naturae
839 2906 984 2966 humanae
1011 2904 1211 2985 indagatione,
1252 2904 1367 2962 Factum

126 3020 221 3067 autem
250 3006 290 3064 ita
315 3018 376 3080 est,
409 3019 440 3064 ut
467 3015 570 3086 sponte
599 3001 671 3062 hinc
699 3001 781 3062 Plato
806 3003 960 3080 justissimi
986 3003 1044 3063 viri
1072 3015 1159 3080 atque
1189 2999 1367 3080 injustissimi

126 3105 293 3163 interiorem
323 3101 413 3161 anilni
443 3099 643 3160 conditionem
665 3099 792 3179 imagine
812 3099 999 3160 informandi
1024 3097 1207 3175 declararet,
1228 3112 1313 3176 atque
1332 3099 1369 3156 ita
1446 3085 1447 3136 ]

126 3199 245 3279 quidem
274 3221 327 3258 nos
356 3199 393 3258 de
420 3197 589 3278 gravissima
614 3217 713 3256 caussa
744 3195 864 3258 idoneos
890 3195 1006 3275 judices
1032 3195 1179 3278 redderet.
1221 3195 1270 3255 Sic
1294 3195 1369 3254 enim

126 3315 211 3376 porro
239 3293 319 3374 apud
345 3315 412 3353 eum
442 3293 581 3354 Socrates.
637 3314 651 3346 ο
662 3295 747 3369 Esto,
777 3293 894 3373 inquit,
925 3307 1078 3375 postquam
1106 3291 1164 3351 lruc
1195 3289 1370 3373 disputando

127 3388 318 3466 devenimus,
350 3391 505 3465 iteremus,
535 3409 608 3468 quae
638 3411 654 3450 a
684 3392 831 3473 principio
861 3390 941 3467 dicta
971 3403 1058 3466 sunt,
1080 3389 1159 3450 unde
1189 3389 1249 3448 linc
1277 3409 1371 3448 snmus
1446 3405 1447 3410 ’

127 3487 238 3550 delati:
260 3487 373 3548 dictum
389 3503 484 3547 autem
502 3501 563 3564 est,
584 3489 693 3567 injuste
713 3508 797 3568 agere
814 3488 862 3548 illi
882 3487 1034 3569 prodesse,
1055 3487 1106 3565 qui
1125 3485 1193 3546 ‘cum
1213 3487 1370 3569 perfectum
1446 3515 1447 3522 ι

127 3587 159 3646 in
180 3585 297 3648 modum
317 3587 444 3665 injustus
463 3587 519 3661 sit,
536 3587 633 3665 justus
652 3597 750 3644 tamen
769 3571 902 3646 halietur.
945 3586 1007 3645 Hac
1028 3585 1117 3666 igitur
1137 3583 1173 3646 de
1193 3607 1224 3645 re
1246 3598 1278 3645 ut
1298 3599 1370 3644 recte
1446 3633 1447 3648 ι

123 3683 289 3761 judicemus
319 3683 458 3759 tandem,
487 3703 619 3743 sermone
649 3681 790 3763 fingamus
825 3683 916 3742 animi
949 3683 1123 3764 imaginem,
1157 3697 1209 3759 ut,
1238 3683 1290 3763 qui
1320 3685 1369 3742 ista
1446 3665 1447 3720 l

128 3779 224 3856 dixit,
256 3783 348 3857 sciat,
378 3780 452 3860 quid
480 3779 600 3840 dixerit.
621 3781 800 3856 —Qualem
829 3777 904 3841 dicis
934 3781 1115 3862 imaginem?
1135 3809 1170 3820 -
1191 3780 1294 3840 Talem
1316 3780 1371 3840 ali·

129 3877 234 3955 quain,
255 3877 371 3957 qualem
397 3879 510 3958 antiqui
532 3877 729 3938 informarunt
746 3877 946 3955 Chimaeram,
967 3875 1116 3959 Scyllam,
1137 3877 1316 3953 Cerberum,
1337 3879 1359 3936 si

128 3973 231 4048 miles,
261 3995 276 4034 e
305 3975 396 4036 variis
419 3975 520 4036 formis
543 3975 692 4036 conflatas.
742 3975 833 4056 Finge
854 3976 944 4056 igitur
963 3975 1090 4057 primum
1109 3975 1219 4036 hestiae
1238 3975 1374 4049 formam,

129 4072 227 4133 variae
257 4071 433 4148 admodum,
464 4089 493 4134 et
520 4073 616 4157 capita
639 4073 827 4134 circumcirca
856 4057 947 4134 multa
975 4071 1128 4150 habentis,
1160 4073 1268 4155 partim
1297 4093 1373 4132 man·

130 4182 297 4244 suetorum,
316 4170 422 4250 partim
445 4172 598 4252 agrestium
626 4165 815 4246 animalium,
842 4191 916 4250 quae
936 4171 998 4252 ipsa
1017 4189 1069 4252 per
1088 4193 1117 4231 se
1138 4171 1274 4251 producit
1291 4184 1374 4248 atque

167 4442 179 4492 ι
186 4446 196 4506 ι
213 4445 250 4495 m
264 4443 327 4512 aq.
345 4445 387 4495 rx.
405 4444 464 4495 ιιο.
480 4445 579 4508 ιι.-ο,
