2872 5122
615 317 673 376 tlt

53 479 150 538 Dicat'
142 481 228 559 igitur
245 478 366 556 quisque
385 473 463 558 apud
482 477 628 548 Platonem
649 499 664 536 e
685 497 734 536 sua
752 489 781 536 et
798 474 899 537 indole
920 493 949 538 et
976 441 1108 542 doctrino
1132 493 1160 540 st
1185 477 1272 542 disse·
1345 517 1346 522 κ

53 575 124 636 rendi
141 557 268 652 ratione,
297 575 425 656 exagitet
441 574 514 634 adeo
536 587 563 634 st
591 576 764 657 perstringat
785 573 931 652 Socrates,
953 601 1062 658 quaea
1087 576 1216 641 Phaedro
1244 593 1273 641 et

53 677 187 755 Agathone
205 674 283 734 dicta
301 675 436 735 luerunt:
459 673 549 754 spirat
568 687 664 734 tamen
683 672 718 732 in
734 673 870 734 omnibus
897 696 994 736 eorum
1021 675 1201 738 sermonibus
1221 697 1273 757 ge-

52 776 107 833 nius
136 773 282 848 Platonis,
312 775 344 832 in
373 772 434 832 illis
462 789 531 832 vero
560 772 758 852 potissimum,
799 793 869 849 quos
893 773 1023 834 Socrates
1046 774 1179 836 habuisse
1206 795 1272 836 cum

51 874 162 933 Iliotima
180 871 299 932 dieitur.
340 873 379 932 Hi
401 885 494 930 autem
517 871 557 929 ita
577 891 693 952 prorsus
710 886 778 932 suot
805 872 968 947 Platonici,
998 887 1112 951 tamque
1141 888 1273 937 accurate

51 971 156 1034 tradunt
184 969 351 1053 philosophi
381 968 417 1028 de
446 967 519 1028 ideis
546 983 575 1028 et
604 989 713 1029 summo
746 970 947 1051 philosophiae
977 972 1123 1054 proposito
1151 986 1272 1034 seuten-

50 1073 125 1147 tiam,
153 1085 185 1130 ut
205 1069 354 1130 doctrinae
374 1069 538 1129 Platonicae
558 1068 707 1130 universae
726 1083 839 1130 tantum
865 1089 924 1130 nou
948 1068 1172 1151 descriptionem
1200 1091 1273 1133 cun·

51 1171 159 1229 uneant.

81 1270 156 1342 Quae
175 1287 243 1350 cum
262 1267 301 1325 ita
319 1266 396 1341 sint,
416 1266 478 1325 fuse
498 1285 549 1324 nos
570 1263 650 1326 hunc
675 1264 770 1324 locum
789 1267 994 1343 tractavimus,
1024 1268 1081 1328 imo
1104 1267 1197 1328 fusius
1216 1266 1274 1328 ser·

49 1365 127 1439 tasse,
154 1385 243 1444 quam
271 1365 371 1424 multis
400 1378 499 1445 aptum
527 1377 577 1422 aut
606 1364 796 1422 necessarium
827 1363 968 1428 rideatur.
1021 1366 1072 1427 Est
1095 1367 1173 1429 euim
1200 1365 1271 1428 baec

49 1464 164 1544 vulgaris
194 1463 346 1524 hominum
381 1461 576 1538 consuetudo,
607 1476 637 1522 ut
662 1481 735 1541 quae
762 1463 795 1522 in
813 1463 929 1544 placitis
958 1478 1088 1525 veterum
1113 1485 1180 1526 suae
1208 1484 1270 1523 sen·

50 1564 142 1624 tentiae
169 1583 295 1640 suaeque
323 1565 407 1622 aetati
437 1563 636 1635 conveniunt,
668 1559 794 1621 studiose
823 1556 993 1641 exquirant:
1024 1585 1096 1642 quae
1126 1584 1195 1625 vero
1222 1560 1271 1622 ab·

49 1663 182 1737 horrent,
221 1661 270 1722 uel
298 1661 415 1724 mittant
443 1661 531 1742 plane
569 1659 617 1720 vel
651 1659 845 1740 negligentius
879 1675 1032 1736 tractent,
1063 1662 1173 1724 etiamsi
1203 1659 1273 1722 haec

49 1781 151 1836 eornm,
173 1781 247 1841 quae
266 1757 406 1835 laudant,
428 1760 512 1818 initia
531 1773 558 1818 et
573 1759 653 1837 quasi
670 1759 779 1816 semina
797 1759 976 1820 contineant.
998 1762 1098 1839 Itaque
1118 1758 1270 1840 metaphy-

49 1860 123 1916 sicam
148 1859 298 1933 Platonis,
327 1857 526 1931 dialecticam,
556 1877 665 1916 murum
694 1855 873 1932 doctrinam,
892 1858 1058 1937 politicam,
1087 1859 1160 1938 quin
1188 1855 1271 1917 theu·

49 1957 139 2036 logiam
166 1979 199 2016 ac
230 1957 428 2036 eusmologiam
452 1969 587 2016 accurate
600 1956 659 2014 fere
683 1952 803 2014 tradunt
822 1955 1010 2036 interpretes,
1041 1956 1091 2016 sed
1109 1955 1216 2038 placita
1234 1953 1270 2014 de

49 2077 130 2114 amore
159 2069 276 2116 tantum
294 2055 373 2115 abest
394 2070 425 2114 ut
448 2056 557 2114 semina
585 2073 644 2112 esse
664 2052 772 2112 ducant
797 2053 947 2114 universae
970 2056 1136 2137 philosophi
1160 2052 1271 2114 doctri·-

50 2176 109 2228 nae‚
138 2167 169 2213 ut
199 2174 232 2212 ea
258 2153 436 2212 luxuriantis
462 2154 573 2235 ingenii
601 2144 877 2233 παραβλαστήματα
892 2152 1033 2213 habeant.
1085 2154 1149 2228 Quo
1168 2171 1220 2210 nus
1238 2149 1270 2208 in

51 2250 116 2310 hisee
133 2251 389 2330 disquisitionibus
410 2252 533 2311 ulterius
551 2253 784 2334 progrediemur,
806 2275 839 2313 eo
858 2253 943 2313 nobis
962 2252 1069 2331 magis,
1096 2247 1193 2328 qualia
1211 2246 1270 2307 sint

52 2349 93 2407 illa
109 2349 236 2431 placita,
257 2349 376 2430 patebit.
418 2349 475 2408 ch
495 2371 563 2410 veto
577 2353 638 2428 jam
656 2350 937 2426 animadvertamus,
967 2349 1085 2408 fluxisse
1104 2368 1141 2408 es
1161 2358 1270 2409 amato-

52 2448 92 2508 riis
108 2449 185 2510 hisce
205 2447 387 2508 sermonibus
400 2450 657 2530 praestantissimas
672 2465 815 2525 veterum,
831 2451 863 2509 in
882 2449 984 2530 primis
1001 2445 1269 2527 Peripateticorum,

52 2543 220 2607 deamicitia
238 2545 465 2627 disputationes:
495 2535 617 2625 quartani
634 2547 671 2607 ad
690 2549 856 2630 exemplum
875 2545 1134 2628 scriptusvidetur
1153 2543 1270 2603 Cicero-

53 2645 89 2703 nis
108 2645 233 2706 Laelius.
275 2646 346 2703 Nam
366 2651 443 2704 amor
463 2644 541 2728 apud
566 2646 732 2722 Platonem,
754 2648 777 2706 si
798 2647 842 2708 vis
862 2646 922 2724 eius
940 2645 1087 2724 quaeritur
1106 2642 1138 2700 in
1158 2659 1268 2698 morum
1291 2680 1300 2697 .

11 2755 13 2800 ζ
52 2740 188 2819 doctrinh,
206 2744 323 2825 proprie
340 2744 466 2802 amicitia
484 2758 540 2819 est,
559 2767 730 2825 quamquam
749 2743 887 2824 ejusmodi
907 2743 974 2820 illa,
991 2757 1022 2802 ut
1037 2761 1148 2800 emnem
1166 2737 1269 2798 amoris

11 2843 12 2846 ’
53 2854 75 2898 et
89 2862 199 2902 sensum
220 2841 325 2902 haheat
344 2855 373 2900 et
398 2843 528 2904 effectum
556 2857 584 2903 et
612 2844 863 2905 necessitudinem.
904 2842 1038 2903 Amicitia
1062 2854 1155 2898 autem
1183 2857 1268 2918 quam

11 3019 12 3026 ἵ
54 2937 98 2998 late
114 2955 209 3023 pateat
228 2959 280 3021 per
297 2954 385 3001 totam
406 2953 534 3002 veterum
555 2964 615 3002 uon
634 2957 747 3003 tantum
766 2942 919 3017 moralem,
943 2939 993 3000 sed
1014 2939 1163 3022 politicam
1182 2939 1267 2997 etiam

11 3029 12 3060 ³
54 3035 245 3118 disciplinam,
265 3040 329 3117 quis
347 3041 454 3115 nescit,
475 3041 525 3119 qui
553 3041 672 3122 politica
696 3056 843 3117 veterum,
865 3040 1106 3121 Pythagoreorum
1125 3036 1268 3111 maxime,

55 3136 144 3215 placita
162 3138 334 3218 perspexit?
356 3139 435 3212 Quae
456 3159 523 3201 vero
542 3139 578 3197 ab
599 3140 725 3218 antiquis
750 3138 785 3198 de
813 3138 938 3197 amicitia
963 3135 1069 3197 tradita
1089 3147 1156 3193 sunt
1176 3153 1207 3191 ac
1232 3131 1268 3191 de

55 3236 212 3312 gravissimis
237 3235 315 3295 hisce
335 3235 516 3317 disciplinis,
537 3236 679 3316 quomodo
708 3238 788 3296 tanta
816 3235 891 3296 tradi
919 3249 947 3295 et
976 3236 1007 3296 ti
1036 3233 1065 3293 et
1091 3232 1267 3292 sublimitate

56 3335 218 3411 potuissent,
238 3335 294 3394 nisi
308 3335 373 3415 puri
388 3335 572 3413 coelestisque
591 3336 693 3394 amoris
713 3334 849 3394 sublimes
876 3335 1066 3415 praeivissent
1095 3329 1269 3411 descriptio-

11 3435 13 3458 *
57 3435 119 3492 nesi
145 3435 244 3512 Neque
272 3454 341 3493 vero
364 3432 448 3492 aliter
476 3432 699 3492 existimandum
723 3447 765 3492 est
781 3432 817 3491 de
845 3447 904 3492 tota
930 3430 1114 3513 philosophia
1141 3430 1269 3505 antiqua.

57 3529 106 3588 Nisi
122 3531 286 3590 traductum
306 3531 338 3589 in
358 3551 418 3589 eam
437 3531 556 3605 fuisset,
577 3529 722 3610 quidquid
744 3530 782 3590 de
809 3551 903 3590 amore
932 3529 1072 3607 rebusque
1102 3527 1213 3589 divinis
1240 3539 1268 3584 et

57 3624 175 3689 humanis
192 3630 357 3688 cecinerant
374 3633 492 3709 poetae,
510 3628 597 3709 plena
616 3628 733 3708 quidem
753 3628 806 3687 illa
825 3642 896 3688 esset
913 3628 1163 3687 subtilissimarum
1182 3645 1265 3702 quae·

59 3728 166 3785 stionum
176 3774 185 3803 ,
207 3726 257 3786 sed
274 3727 407 3806 frigeret,
429 3739 460 3784 ut
479 3726 586 3806 frigent
606 3747 684 3785 nunc
705 3727 810 3807 scripta
832 3725 1065 3785 scholasticorum
1084 3722 1269 3805 philosopho·

60 3843 120 3884 run.
148 3826 262 3886 Platoni
280 3838 373 3884 autem
391 3823 514 3882 maxime
533 3824 586 3883 hoc
607 3823 709 3883 debuit
726 3814 927 3906 philosophia,
949 3837 981 3882 nt
1001 3823 1135 3901 antiquae
1153 3826 1269 3901 pu‘e'seos

61 3923 194 3983 etlumen
222 3939 250 3984 et
277 3922 481 3982 sublimitatem
508 3923 681 4002 susciperet,
709 3925 897 4003 jungeretque
927 3920 1058 3979 sensibus
1082 3917 1202 3978 excelsis
1232 3917 1268 3976 de

62 4020 146 4096 pulcro
169 4037 197 4082 et
216 4025 294 4101 justo
320 4018 501 4098 disquirendi
530 4019 745 4099 disserendique
774 4020 972 4080 subtilitatem.
1013 4019 1124 4077 Primus
1144 4015 1194 4074 ille
1213 4015 1270 4073 fuit

63 4120 226 4196 mortalium,
247 4119 343 4198 judice
357 4119 527 4193 Plutarcho,
547 4119 597 4196 qui
615 4118 813 4201 philosophiae
833 4139 885 4200 ope
905 4119 1007 4177 amoris
1026 4112 1159 4196 mysteria
1176 4113 1270 4174 decla·

64 4231 133 4278 taret.
164 4220 266 4279 «Bene
283 4201 401 4297 quidam
419 4217 522 4277 dicunt
546 4231 573 4276 et
592 4215 695 4278 divina
719 4216 842 4296 quadam
865 4219 981 4277 fortuna
1009 4215 1158 4276 veritatem
1178 4211 1270 4268 attin-

65 4329 138 4418 gunt,
165 4317 310 4392 dicentes,
340 4337 428 4378 amour
452 4313 558 4374 deditis
582 4314 706 4375 reditum
730 4316 767 4374 ab
794 4316 896 4376 inferis
915 4313 1053 4390 concedi,
1084 4303 1142 4392 cinq
1166 4305 1201 4370 tt
1221 4306 1270 4368 καὶ

67 4399 146 4488 ὅπως,
174 4409 321 4496 ἀγνοοῦσι,
349 4407 447 4497 ὥσπερ
474 4407 610 4496 ἀτραποῦ
636 4414 698 4493 drap
685 4406 862 4496 praesciisse,
888 4410 926 4497 ὴν
954 4411 1072 4496 πρῶτος
1098 4403 1271 4492 ἀνθρώπων

1133 4514 1153 4574 8
