2886 5118
715 245 775 306 hhh

133 427 190 489 quo
218 407 308 488 magis
337 426 354 464 a
377 418 475 466 tenera
494 425 546 466 nos
567 417 658 468 aetate
677 423 744 467 cum
762 406 883 470 ιιιιιιίι
903 404 1063 468 tractandis
1079 403 1208 481 artibus,
1226 419 1289 466 tum
1310 428 1369 466 nru-

43 577 45 584 .
133 508 191 567 sica
208 506 332 566 maxime
349 517 378 563 et
396 504 493 585 politi,
513 504 642 566 Uraniae
660 505 761 565 Musae
779 525 873 564 amore
893 505 1005 566 incensi
1020 497 1368 586 xuhoirqa’ycdoifiamus.

131 607 228 684 hlajus
256 603 456 682 illustriusque
484 623 591 664 munus
613 605 803 684 philosophia
831 610 897 664 aeri
921 602 1019 666 habet.
1060 606 1218 668 Excultum
1239 607 1367 668 enimin

131 704 210 764 hunc
237 701 355 764 modum
383 701 492 782 puerili
511 715 602 764 aetate
616 703 759 781 'juvenem
778 702 900 786 suscipit
920 701 991 763 baec
1010 703 1169 786 deinceps,
1199 721 1230 766 ut
1240 752 1249 780 ‚
1271 705 1367 787 prouti

131 803 242 862 artibus
271 801 368 864 adbuc
395 798 433 859 ad
462 799 615 881 pulcrum,
645 801 686 862 ita
713 822 792 867 nunc
822 822 907 882 porro
933 803 1115 883 gravioribus
1141 803 1312 886 disciplinis
1330 801 1366 862 ad

131 921 233 962 verum
249 900 368 979 verique
388 899 539 958 scientiam
558 898 746 979 perducatur.
777 899 836 960 Sed
845 899 930 980 longe
940 901 1142 980 gravissimum
1151 903 1367 980 maximumque

130 997 209 1059 illud
227 1013 286 1072 est,
306 996 385 1077 quod
397 985 484 1074 justi
504 1019 557 1057 nos
572 998 760 1077 philosophia
774 997 860 1076 jubet
878 1019 1024 1079 peragere.
1065 1000 1161 1062 Erunt
1178 1001 1260 1060 enim
1281 998 1365 1059 nobis

129 1096 176 1157 illi
192 1097 321 1156 civitatis
338 1094 488 1171 custodes,
508 1117 579 1177 quos
598 1096 652 1156 hac
670 1117 720 1177 spe
738 1096 851 1159 artibus
868 1095 1094 1178 disciplinisque
1112 1097 1315 1171 erudivimus,
1335 1110 1364 1154 ct

128 1196 185 1277 ipsi
213 1193 372 1274 aliquando
399 1195 529 1270 civitati,
559 1216 611 1276 pro
638 1195 679 1254 rei
699 1195 841 1275 dignitate
860 1207 945 1275 atque
965 1193 1003 1256 ad
1021 1196 1117 1277 ipsius.
1133 1197 1257 1258 salutem
1274 1197 1364 1256 maxi·

127 1313 217 1368 mam,
236 1305 417 1374 praeessent,
441 1306 527 1353 erunt
547 1292 579 1352 hi
600 1291 685 1354 nobis
705 1293 884 1375 reipublicae
902 1291 1100 1372 gubernaculo
1120 1292 1301 1369 adhibendi,
1321 1306 1364 1368 ut,

126 1391 368 1502 quemadmodum
389 1404 417 1450 et
434 1390 547 1471 legibus
564 1389 729 1452 condendis
748 1406 777 1453 et
795 1390 926 1454 mosibus
945 1392 1143 1473 temperandis
1161 1393 1277 1474 prosint
1294 1393 1364 1451 ciri·

125 1493 196 1569 tati,
224 1490 320 1572 ipsiu
300 1489 432 1552 videant.
474 1489 539 1549 Non
561 1502 610 1565 ut,
640 1509 712 1568 quae
733 1489 875 1570 singula
867 1491 937 1570 rpsis
958 1490 1126 1571 singulatim
1147 1491 1274 1572 singulis
1295 1490 1363 1549 locis

125 1588 358 1702 temporibusque
379 1587 516 1648 facienda
538 1588 617 1663 sint,
644 1588 753 1650 sciant:
780 1587 813 1647 id
831 1609 894 1648 non
913 1602 955 1648 est
973 1588 1175 1670 philosophiae
1193 1590 1361 1670 exquirere:

124 1689 181 1770 ipsi
210 1686 257 1747 illi
285 1688 309 1747 si
338 1687 392 1746 rite
412 1686 523 1746 fuerint
541 1686 651 1748 exculti
672 1707 704 1748 ac
727 1698 823 1747 nostra
841 1686 1040 1748 institutione
1045 1709 1059 1748 e
1079 1687 1234 1768 spectabili
1254 1686 1362 1746 mundo

123 1787 157 1848 in
183 1787 282 1867 ipsum
307 1786 439 1846 veritatis
463 1805 586 1865 regnum
617 1783 815 1860 escenderint,
842 1783 875 1845 id
894 1784 982 1844 facilc
1001 1787 1188 1866 perspicient.
1230 1785 1291 1846 Sed
1309 1785 1361 1844 hoc

123 1889 237 1968 ipsum,
266 1883 344 1966 quod
365 1885 508 1961 dicimus,
529 1881 788 1962 quemadmodum,
815 1904 889 1963 quae
909 1884 941 1942 in
961 1885 1085 1966 pueritia
1105 1898 1133 1942 et
1153 1883 1360 1960 adolescentia,

104 1987 197 2049 'duee
217 1984 416 2071 philosophia,
437 1994 647 2064 perceperunt,
665 1979 704 2043 ad
720 1979 796 2042 bene
812 1980 951 2061 beateque
970 1981 1133 2044 vivendum
1152 1997 1181 2042 et
1199 1981 1358 2064 provehen-

120 2085 189 2147 dam
214 2086 324 2148 civium
344 2083 493 2144 honestam
510 2081 679 2158 beatamque
699 2079 790 2141 vitam
806 2078 946 2142 adbibere
965 2078 1106 2156 debeant,
1135 2080 1169 2140 id
1189 2081 1357 2162 exquirere,

121 2183 154 2244 id
181 2184 278 2266 palam
306 2183 401 2242 facere
431 2178 585 2253 omnibus,
615 2177 649 2240 id
678 2179 777 2258 generi
801 2177 945 2253 humano,
976 2191 1009 2238 ut
1029 2193 1119 2238 cesset
1137 2178 1295 2259 aliquando
1311 2177 1355 2236 his

120 2283 205 2348 malis
222 2283 355 2342 laborare
372 2293 400 2339 ct
420 2291 496 2338 recte
513 2276 570 2337 sibi
589 2274 736 2352 consulat,
754 2275 949 2357 persuadere,
963 2278 1153 2356 philosophia
1163 2285 1254 2354 jusit·
1264 2275 1355 2337 debet.

161 2381 317 2462 Pervenirc
336 2379 440 2453 nobis,
469 2378 501 2436 in
520 2375 575 2434 hac
595 2373 798 2456 philosophiae
819 2373 985 2436 Platonicae
1005 2377 1205 2457 progressione
1226 2375 1355 2456 gravissi·

120 2497 166 2539 ma
176 2523 186 2556 ,
205 2478 243 2538 sd
263 2498 343 2538 sacra
363 2477 426 2554 ejus
445 2477 571 2554 majore,
590 2465 629 2534 roi
650 2467 735 2534 cliro
755 2471 805 2535 καὶ
827 2467 988 2549 incusasti,
1015 2474 1053 2538 ad
1073 2485 1215 2538 sonetum
1237 2489 1266 2534 et
1284 2475 1355 2532 diei·

120 2601 193 2639 num
222 2575 355 2642 nondum
386 2575 506 2636 licebit
544 2588 606 2634 tum
635 2574 752 2637 demum
782 2575 902 2652 licebit,
937 2595 1027 2657 quum
1055 2595 1072 2634 a
1101 2573 1189 2633 rebus
1216 2573 1354 2632 humanis

118 2678 259 2738 fuerimus
289 2675 327 2735 ad
356 2674 475 2735 divinus
503 2676 664 2756 progressi,
693 2688 886 2738 veruntamen
915 2676 948 2734 in
975 2673 1050 2734 his
1042 2672 1112 2754 rpsis
1134 2669 1200 2731 de
1188 2671 1304 2750 justitia
1323 2691 1353 2728 ac

118 2777 259 2836 felicitate
286 2746 541 2854 disquisitionibus
566 2772 737 2835 accedemus
764 2772 837 2834 illuc
856 2774 998 2856 proxime.
1039 2771 1112 2830 Nam
1132 2769 1188 2830 hoc
1210 2770 1355 2851 proposito

118 2873 298 2956 exquirenda
318 2870 403 2942 uobis
422 2872 549 2956 perfecta
569 2873 689 2948 civitas,
720 2871 944 2952 exquir'eudus
936 2893 969 2932 ιιι
988 2869 1090 2952 primis
1107 2867 1194 2929 bomo
1212 2869 1354 2948 perlectus

118 2975 191 3050 erit,
210 2986 261 3049 ut,
281 2971 354 3053 quid
375 2972 413 3031 sit
427 2971 562 3049 justitia,
589 2970 662 3050 quid
683 2971 744 3032 vita
760 2969 863 3044 beata,
893 2969 1079 3050 reperiamus.
1121 2965 1273 3026 Valebunt
1299 2985 1354 3024 ιιι-

117 3085 175 3132 tem
202 3093 235 3133 eo
256 3070 343 3133 simul
361 3069 582 3150 disquisitiones
601 3083 733 3143 nostrae,
766 3081 798 3128 ut
817 3066 983 3148 exemplum
1000 3064 1159 3126 habeamus
1175 3063 1351 3144 aliquando,

117 3170 155 3230 ad
185 3173 268 3248 cujus
296 3168 455 3262 perfectam
482 3169 607 3249 speciem
634 3189 679 3228 res
696 3180 808 3228 nostras
826 3179 885 3226 tam
902 3164 1073 3226 domesticas
1092 3182 1178 3241 quam
1200 3161 1350 3272 politicas,

116 3281 178 3328 tum
202 3289 271 3329 vero
289 3268 413 3328 maxime
432 3281 543 3328 nosmet
564 3267 640 3349 ipsos
660 3267 881 3328 conformemus.
923 3265 1003 3339 Quae
1029 3283 1087 3322 una
1104 3261 1255 3323 verissima
1273 3258 1350 3340 apud

116 3367 266 3428 Platonem
297 3379 339 3425 est
363 3366 401 3426 ad
431 3385 512 3426 sacra
532 3364 586 3428 illa
604 3367 711 3444 majora
731 3363 923 3447 praeparatio.
965 3363 1064 3424 Patere
1085 3359 1164 3437 enirn
1182 3353 1292 3418 homiui
1313 3355 1350 3416 ad

116 3479 249 3527 sunctum
267 3463 460 3544 divinumque
478 3462 592 3527 aditum
611 3476 715 3544 negat,
734 3463 792 3524 nisi
811 3460 995 3524 vociductus
1016 3477 1111 3518 amore
1130 3455 1169 3518 ad
1185 3476 1284 3538 puram
1304 3455 1349 3514 in·

114 3565 339 3644 taminatamque
357 3564 509 3624 veritatem
529 3564 728 3640 sinceramque
746 3561 885 3622 virtutem
905 3579 937 3618 ac
956 3557 1118 3637 justitiam,
1136 3556 1207 3616 sive
1217 3575 1268 3638 per
1276 3573 1348 3628 sese,

115 3665 177 3726 siue
204 3685 257 3745 per·
282 3677 356 3724 artes
374 3645 604 3743 disciplinasque
622 3662 741 3738 majores
763 3657 950 3741 processerit:
979 3656 1079 3718 statuit
1096 3673 1185 3728 vero,
1211 3651 1349 3733 qusquis

104 3759 235 3840 'majores
253 3761 308 3820 hac
327 3762 361 3820 in
379 3782 410 3819 re
427 3780 592 3841 progressus
611 3759 727 3834 fecerit,
746 3779 780 3819 eo
798 3757 884 3818 illurn
900 3755 1018 3816 facilius
1038 3754 1202 3831 certiusque
1220 3751 1257 3811 ad
1272 3749 1348 3810 vitae

115 3879 282 3939 morumque
309 3861 491 3922 sanctitatem
520 3849 694 3938 pervenire:
725 3855 763 3916 ad
791 3854 869 3916 illud
887 3866 984 3914 autem
1004 3849 1217 3931 assequendum
1237 3867 1347 3908 necesse

115 3959 171 4042 ipsi
196 3977 275 4032 esse,
303 3970 335 4016 ut
366 3958 427 4018 si've
456 3959 549 4018 Βιιιιιι
576 3955 638 4016 sive
661 3955 784 4037 perfecti
805 3952 950 4026 hominis,
977 3949 1130 4030 justissimi
1151 3946 1297 4026 cujusdam
1318 3958 1346 4004 et

114 4056 307 4131 sanctissimi,
334 4056 505 4135 imaginem,
535 4054 700 4135 exemplum
721 4052 778 4113 sibi
800 4051 838 4111 ad
856 4049 1031 4113 imitandum
1049 4046 1241 4129 proposuerit.
1280 4045 1345 4103 Pro·

113 4176 150 4237 pe
178 4154 283 4215 iccirco
313 4173 409 4212 sumus
428 4175 480 4235 per
497 4152 712 4236 philosophiam
726 4151 799 4231 justi
819 4148 857 4210 ad
874 4143 958 4210 τέλεα
976 4147 1030 4207 illa
1050 4158 1078 4204 et
1097 4136 1240 4222 ἒιιιιιτιιιᾰ
1255 4161 1345 4202 acces·

114 4255 173 4314 suri
183 4277 191 4330 ;
217 4251 268 4313 sed
287 4273 320 4312 ec
337 4251 423 4312 nobis
440 4253 530 4333 magis
547 4254 580 4313 in
599 4251 632 4312 id
650 4250 882 4312 incumbendum
900 4265 943 4311 est
953 4296 962 4326 ,
991 4263 1022 4308 ut
1042 4246 1142 4308 lucido
1161 4267 1224 4306 eam
1243 4239 1344 4303 ordine

115 4367 143 4412 et
172 4373 241 4414 vero
261 4350 316 4412 hac
345 4351 394 4411 via
412 4365 440 4410 et
461 4352 572 4413 ratione
592 4349 759 4428 tradamus,
786 4371 842 4428 qua
861 4349 900 4414 ad
921 4348 1016 4410 omnis
1035 4345 1237 4428 philosophiae
1257 4340 1342 4400 finem

114 4471 254 4517 summum
272 4451 427 4534 pertenire
445 4450 604 4516 certissime
621 4449 708 4514 nobis
725 4449 821 4512 liceat.
