2898 5120
697 271 698 276 '
730 287 789 350 aar

151 461 216 514 cere
245 471 304 514 non
332 453 486 536 potuisset3
515 453 594 533 qdod
621 473 689 516 vero
713 455 803 515 animi
820 452 1153 532 dubitationes-attinet,
1174 455 1223 516 ubi
1240 455 1351 520 dvenio

152 537 292 632 igitatur,
322 571 401 612 nunc
429 553 462 612 in
489 552 654 630 meliorem,
674 566 733 613 tum
762 573 831 614 vero
858 552 890 612 iu
909 552 1077 613 deteriorem
1096 565 1224 634 partem,
1243 556 1351 631 studiis,

152 648 283 730 illudque
305 670 403 732 reapse
423 651 564 733 percipit:
1171 643 1175 652 ’

657 773 692 786 ·-
710 750 936 810 videamsliora
953 749 1096 830 proboque
1106 795 1116 826 ,

420 846 572 904 deteriora
592 869 717 927 sequor:
920 861 924 876 '
953 865 955 870 ’

150 963 207 1024 quo
224 939 303 1001 illud
319 957 402 1023 pacto
418 956 476 1004 tam
487 923 587 1004 'nobis'
597 946 748 1009 manifesto
765 943 974 1026 diligenterque
998 945 1136 1026 potuisset
1154 945 1358 1018 demonstrare,

149 1061 234 1121 quam
261 1041 303 1100 uti
330 1041 419 1117 fecit,
447 1042 565 1103 civitate
596 1043 680 1104 nobis
718 1043 756 1104 ad
792 1042 979 1124 spectandum
1007 1043 1150 1125 propositi
1161 1088 1170 1120 ,
1204 1065 1277 1123 quae
1303 1065 1358 1102 non

151 1160 223 1213 una,
243 1135 294 1197 sed
315 1139 355 1218 ‚in
380 1138 454 1200 duas
482 1152 553 1200 esset
575 1155 668 1223 partes
696 1141 855 1202 disuactal
895 1140 998 1216 Quid?
1018 1141 1096 1220 quod
1113 1163 1174 1202 non
1191 1143 1283 1203 solum
1303 1144 1359 1202 θυ-

148 1231 265 1316 μοειδὲς
286 1235 383 1314 illud,
402 1238 490 1330 'quod
517 1239 601 1300 nobis
626 1241 701 1300 inest
711 1269 730 1314 ,·
750 1241 917 1300 custodibus
943 1240 1088 1315 civitatis,
1116 1240 1168 1301 sed
1196 1242 1361 1324 cupiditates

149 1339 234 1399 edam
263 1350 373 1398 nostras
400 1339 595 1396 maintadini
622 1336 820 1418 comparavit?
873 1337 909 1398 In
937 1336 1128 1398 seditionibus
1154 1339 1306 1400 civitatum
1332 1362 1362 1399 ac

148 1456 299 1516 regnorum
327 1435 399 1516 quid
427 1435 538 1506 efficias
558 1437 620 1496 iere
644 1433 804 1497 m'ultitudo
829 1431 1089 1516 vilissimarumque
1117 1435 1267 1496 hominum
1284 1439 1362 1498 turba

148 1549 176 1596 et
203 1535 363 1610 colluvies,
383 1536 533 1594 novimuss
553 1533 626 1616 quid
652 1547 745 1594 autem
770 1532 808 1592 ad
827 1535 995 1614 agitationes
1011 1535 1101 1593 animi
1119 1534 1303 1616 internasque
1322 1557 1363 1596 se-

147 1632 275 1693 ditiones
293 1633 503 1713 ccgnoseendas
521 1621 659 1707 interius,
679 1629 812 1692 adhiberi
830 1632 925 1713 aptius
942 1629 1143 1711 efficaciusque
1161 1645 1364 1714 potest,quau1

145 1732 250 1792 civitas
277 1730 449 1792 tumultibus
476 1732 605 1812 agitata?
646 1732 702 1791 Nec
728 1751 796 1792 vcro
823 1730 910 1791 finxit
937 1731 1055 1812 ingenio
1078 1731 1159 1792 Plato
1186 1731 1265 1790 hanc
1280 1731 1363 1790 animi

148 1851 213 1910 cum
231 1830 347 1891 civitate
366 1831 620 1911 comparationem:
642 1831 773 1910 :reposita
791 1841 833 1889 est
850 1830 882 1888 in
904 1815 1016 1889 nullius
1036 1850 1093 1889 non
1113 1829 1231 1910 linguae
1250 1829 1364 1890 vocilius

74 1988 77 1994 ,
145 1927 397 2014 motionibusque,
417 1949 489 2008 quae
511 1950 527 1988 a
551 1927 718 1990 civitatibus
728 1927 839 2007 [ducem
851 1927 894 1988 ad
913 1928 1003 1988 animi
1022 1941 1114 1988 motus
1131 1928 1262 1988 diverses
1279 1929 1363 2008 signi-

147 2025 274 2086 ficandos
292 2026 491 2087 adhibentur.
530 2026 610 2086 Illud
638 2018 741 2086 autem
759 2025 888 2086 nondum
915 2027 1156 2101 commemoravi,
1175 2024 1254 2104 quod
1274 2027 1305 2084 in
1322 2026 1364 2084 lris

146 2125 332 2207 praecipuum
356 2139 416 2201 est,
437 2145 597 2206 expressam
621 2124 660 2184 ita
685 2125 838 2184 aPlatone
854 2145 912 2184 esse
922 2169 931 2200 ,
952 2137 1027 2184 certe
1051 2122 1126 2187 effici
1145 2124 1235 2206 plane
1253 2125 1359 2201 exejus

147 2223 296 2284 civitatum
324 2221 516 2305 descriptione
542 2243 640 2304 posse,
672 2224 847 2284 verissimam
873 2243 939 2282 cum
960 2223 1087 2285 civitatis
1105 2236 1167 2282 tum
1184 2222 1308 2282 hominis
1322 2222 1357 2277 ls'-

147 2321 300 2396 bertatem.
341 2321 427 2395 Quod
449 2335 480 2381 ut
498 2322 689 2416 percipiamus
715 2322 828 2396 animo,
858 2320 1043 2402 tyrannidem
1062 2318 1201 2401 deinceps
1219 2320 1361 2398 virumque

147 2417 173 2474 ei
197 2417 336 2492 similem,
366 2430 398 2477 ut
423 2432 516 2478 exstat
541 2420 574 2479 in
598 2419 733 2494 Politia,
765 2419 953 2500 contemplari
978 2417 1104 2498 juvebit.
1145 2419 1275 2478 Primum
1302 2437 1364 2479 vero

145 2513 183 2575 de
201 2513 389 2575 democratiae
408 2516 440 2575 in
461 2515 536 2576 hanc
555 2517 705 2598 pessimam
723 2518 869 2579 civitatem
887 2517 1074 2580 conversione
1093 2537 1218 2596 agamus.

281 2711 586 2774 Democratiae
613 2721 656 2772 in
687 2715 969 2794 tyrannidem
997 2721 1232 2772 conversio.

10 2895 13 2902 ¹
95 2896 98 2904 ¹
185 2907 271 2967 Recte
288 2907 342 2968 boc
363 2908 441 2969 vidit
459 2908 663 2990 philosophus,
685 2908 763 2968 illud
782 2909 896 2989 ipsum,
916 2907 994 2988 quod
1014 2907 1046 2967 in
1064 2906 1364 2994 civitatibus-maximo

145 3003 269 3064 habetur
287 3005 368 3082 loco,
388 3006 439 3067 ubi
459 3007 582 3066 nimium
602 3021 663 3083 est,
683 3006 721 3067 ad
748 3009 809 3085 ejus
834 3006 946 3088 lapsum
973 3019 1001 3065 et
1020 3007 1177 3086 perniciem
1199 3005 1364 3066 evalescere-

149 3103 274 3169 «Nonne
292 3102 391 3164 eodem
409 3105 469 3164 iere
487 3103 590 3179 modo,
611 3106 652 3164 sic
679 3102 868 3186 pergitapud
892 3123 957 3162 eum
974 3102 1120 3178 Socrates,
1140 3089 1359 3164 ex'demorratis

145 3201 294 3278 tyrannis,
325 3222 381 3279 quo
409 3221 446 3260 ex
474 3200 629 3280 eligarcliia
643 3227 644 3232 ¹
657 3201 845 3278 democratia,
871 3201 1008 3261 exsistit?
1049 3199 1115 3260 Illic
1145 3219 1252 3282 nempe
1280 3200 1359 3260 nimia

144 3295 315 3357 divitiarum
338 3298 483 3379 cupiditas
511 3298 712 3359 democratiam
739 3299 907 3381 progenuit:
929 3298 1063 3358 similiter
1082 3296 1136 3357 blo
1155 3299 1266 3358 nimius
1283 3297 1362 3358 liber·

145 3394 213 3454 tatis
231 3394 317 3455 ardor
333 3395 498 3477 tyrannidis
516 3415 613 3470 caussa
627 3409 678 3458 est.
711 3397 758 3472 Fit
776 3411 870 3458 autem
889 3395 986 3472 illud,
1015 3417 1084 3454 cam
1106 3397 1299 3473 inerplsdiles
1313 3391 1364 3472 'po-

140 3494 211 3573 puli
229 3477 343 3569 scacos
367 3503 557 3553 enarrarunt
582 3494 733 3554 libertatis
753 3502 825 3570 riti,
845 3497 991 3573 malisque
1017 3515 1091 3554 usas
1116 3494 1171 3552 ills
1198 3501 1364 3566 ministris,

66 3589 69 3596 ’
145 3615 203 3652 nan
231 3595 343 3654 modies
370 3602 583 3671 temperatam,
612 3595 662 3652 sed
690 3600 782 3652 nimis
806 3612 956 3652 meracam
977 3593 1146 3650 libertatem
1166 3598 1276 3651 sitiam
1291 3593 1365 3650 too·

134 3699 222 3754 'serit
232 3713 246 3763 ,¹
258 3691 333 3752 ‘sum
360 3699 560 3773 magistratus
582 3701 611 3750 et
625 3699 797 3770 principes,
818 3697 881 3750 nisi
897 3691 982 3748 vatio
1002 3691 1082 3750 lsnss
1100 3699 1130 3748 st
1147 3697 1270 3749 remissi
1287 3697 1364 3764 sint,

146 3799 176 3848 st
204 3792 288 3872 large
316 3793 373 3851 ridi
400 3792 569 3850 libertatem
595 3792 790 3865 ministrarit,
819 3796 1009 3867 insequitur,
1040 3789 1220 3862 insimulat,
1238 3794 1363 3868 arguit:

145 3899 369 3966 praepotentes,
396 3911 499 3970 reges,
530 3898 677 3968 tyrannos
704 3897 797 3948 coeat.
837 3887 897 3946 Eos
916 3896 1032 3958 antam,
1053 3893 1107 3964 paci
1125 3892 1159 3944 in
1177 3893 1360 3964 magistratu

144 3993 337 4064 meatorum
360 3989 472 4047 similas
496 4008 558 4046 esse
584 3988 694 4061 saliret,
712 4008 813 4064 eosque
828 3992 980 4064 privatos,
998 3992 1052 4062 qni
1068 3984 1218 4064 efficiant,
1237 4005 1275 4040 ne
1290 3983 1361 4060 quid

146 4093 230 4144 inter
241 4093 400 4163 privatum
419 4095 449 4144 at
466 4093 681 4167 magistratum
695 4083 823 4162 differat
831 4127 839 4158 ,
849 4086 965 4159 serunt
979 4083 1154 4142 laudidusst
1163 4089 1298 4140 mactant
1308 4081 1360 4139 ho·

149 4187 288 4268 naribus,
306 4195 342 4244 est
359 4205 473 4243 necesse
489 4192 548 4258 sit,
558 4191 592 4242 in
601 4184 745 4260 ejusmodi
755 4183 907 4260 republica
914 4183 1005 4260 pleno
1014 4182 1164 4240 libertatis
1173 4200 1233 4238 esse
1241 4185 1357 4238 amnia:

67 4276 71 4284 ’
149 4293 186 4341 at
206 4292 236 4341 st
248 4290 373 4360 privata
391 4284 493 4340 domus
509 4290 604 4340 arnns's
621 4289 706 4340 earet
723 4281 938 4354 dominatione,
959 4289 989 4338 at
1013 4279 1065 4338 doe
1082 4279 1195 4336 malum
1214 4298 1303 4354 usque
1321 4276 1359 4332 ad

149 4383 258 4440 bestias
279 4387 457 4460 parveniat:
492 4380 617 4460 danique
654 4389 689 4437 at
719 4365 811 4456 pater
835 4379 944 4457 filium
970 4385 1103 4452 metuat,
1129 4376 1217 4450 filias
1239 4382 1358 4452 patrem

150 4481 302 4558 negligat:
329 4481 408 4538 absit
433 4486 528 4538 amnis
551 4479 666 4557 pudor,
695 4474 733 4535 ¹at
755 4477 846 4555 plane
875 4474 964 4534 liberi
991 4482 1074 4533 sint:
1103 4473 1184 4532 nilil
1219 4477 1358 4542 intersit,
