2950 5134
748 261 784 320 12

147 444 217 482 rum
232 444 343 503 genere
366 423 486 501 aliquid
502 432 682 500 precatore,
704 424 780 501 quod
795 444 888 502 prope
917 422 1133 501 Bentlejeuum
1161 433 1212 486 u't.
1257 425 1328 486 Mox
1353 425 1379 484 ei

147 539 258 630 placuit
275 537 384 598 candor
401 551 430 597 et
448 537 590 618 elegantia
607 537 829 620 Xenophontis,
844 553 872 598 et
892 539 924 598 in
943 540 1054 600 Latinis
1073 539 1261 621 scriptoribus
1279 538 1381 602 Xeno-

147 654 290 736 phontcae
308 654 466 716 venustatis
484 654 630 730 aemulus,
651 655 803 714 Cornehus
823 655 929 736 Nepos:
951 675 1074 734 quorum
1090 656 1208 716 fortasse
1229 670 1380 736 utrumque

148 769 304 844 edidisset,
325 770 382 830 nisi
398 769 618 830 antevertissent
635 769 730 850 ipsum
748 769 810 829 alii.
841 771 914 830 Nam
933 786 993 831 erat
1010 770 1042 830 in
1062 770 1125 832 viro
1144 771 1300 832 acerrimus
1316 771 1380 852 pul-

149 885 191 944 cri
211 885 384 964 venustique
402 905 518 945 seusus:
540 899 616 944 totus
636 899 697 944 erat
715 885 754 945 ad
771 885 979 946 humanitatem
998 900 1026 945 et
1045 873 1217 964 exquisitam
1234 885 1382 965 quandam

149 998 321 1080 elegantiam
339 999 527 1080 compositus:
549 1000 704 1061 videbatur
721 999 808 1080 plane
828 1000 901 1059 alter
918 999 1104 1082 Xenophon,
1123 1013 1199 1060 certe
1217 1001 1257 1060 sic
1277 1001 1382 1060 natura

150 1113 265 1174 amabat
292 1115 414 1174 Atticam
442 1115 524 1176 illam
551 1115 682 1190 Musam,
713 1130 744 1175 ut
769 1116 830 1192 ejus
857 1116 1026 1176 suavitatem
1051 1116 1084 1174 iu
1109 1113 1243 1174 omnibus
1267 1115 1382 1196 scriptis

151 1229 334 1310 exprimeret.
365 1231 464 1308 Itaque
482 1223 524 1290 'in
552 1229 681 1310 legendis
711 1228 899 1309 scriptoribus
927 1230 1054 1310 antiquis
1081 1227 1159 1288 illud
1185 1227 1386 1293 admirabatur.

152 1345 295 1420 maxime,
315 1343 393 1423 quod
420 1358 538 1405 naturae
566 1337 805 1424 incorruptaeque
835 1345 994 1404 venustatis
1019 1343 1111 1405 veluti
1140 1334 1233 1402 trinae
1251 1344 1381 1404 referret.
1465 1371 1466 1378 ¹

1463 1015 1465 1102 l

153 1458 240 1534 Quod
256 1473 369 1519 secutus
398 1461 431 1519 in
459 1460 560 1541 primis
583 1459 717 1520 tractavit
744 1465 858 1540 poetas,
879 1458 1045 1534 historicos,
1066 1458 1226 1522 Socraticos
1250 1459 1383 1541 philoso-
1465 1463 1466 1468 ’

153 1573 243 1656 phos,
261 1588 385 1634 oratores
395 1598 403 1650 5
423 1587 452 1633 ct
471 1576 521 1634 sic·
530 1576 661 1654 regnavit
681 1574 713 1634 in
733 1577 897 1632 literarum
919 1584 950 1632 et
966 1575 1174 1652 eloquentiae,
1196 1589 1228 1635 ut
1245 1575 1380 1655 Wytten·

128 1718 132 1731 ·
154 1689 276 1750 bachius
298 1691 331 1750 in
349 1691 554 1768 philosophice
578 1692 717 1749 historic.
750 1689 876 1748 Accessit
898 1688 1005 1748 deiude
1026 1689 1256 1765 ad·Platonem,
1277 1689 1382 1749 sedin
1465 1769 1466 1774 ἵ

154 1804 321 1887 philosophi
339 1806 452 1887 scriptis
474 1806 515 1865 sie
539 1819 580 1865 est
604 1819 752 1879 versatus,
773 1818 805 1863 ut
823 1804 913 1885 ipsius
932 1804 1045 1866 indoles
1061 1805 1189 1866 ferebat:
1211 1803 1383 1884 exquirebat
1465 1805 1466 1878 f

155 1940 240 1982 voces
263 1918 460 1999 dictionesque
484 1920 609 2000 po'e‘ticas
633 1934 660 1978 et
684 1919 891 1999 elegantiores,
915 1940 1036 1997 quarum
1057 1933 1138 1980 tanto
1162 1919 1258 1980 studio
1276 1919 1384 1980 ductus

155 2048 214 2111 est,
235 2048 268 2094 ut
286 2033 391 2094 lubens
406 2033 493 2094 etiam
510 2033 617 2113 legeret
633 2035 771 2113 sequioris
790 2035 855 2094 aevi
873 2035 1024 2114 scriptores
1041 2047 1069 2092 et
1086 2049 1181 2115 patres
1197 2033 1268 2094 adeo
1286 2035 1382 2094 ecele-
1466 2057 1467 2124 q

154 2150 232 2226 siae,
251 2168 322 2229 quos
344 2149 421 2230 ipsos
439 2170 499 2209 non
517 2148 701 2209 vehementer
719 2147 851 2223 amabat,
872 2147 923 2208 sed
941 2148 1046 2228 legeret
1064 2147 1217 2224 lubenter,
1238 2149 1379 2228 siquidem

153 2264 282 2326 Platonis
300 2277 479 2326 venustatem
498 2265 577 2324 omni
596 2265 809 2345 opportunitate
823 2261 965 2322 imitando
984 2263 1187 2343 exprimerent.
1218 2263 1322 2324 Edidit
1340 2264 1381 2324 ita

154 2380 265 2442 Timaei
288 2379 542 2454 commentarium,
560 2379 611 2458 qui
631 2377 804 2438 ediscendus
828 2391 869 2438 est
892 2377 1042 2453 omnibus,
1063 2380 1114 2458 qui
1135 2378 1228 2459 legere
1245 2399 1312 2438 cum
1331 2379 1382 2438 in·
1466 2405 1467 2414 ¹

153 2495 232 2576 genii
252 2494 398 2574 animique
418 2495 514 2554 fructu
533 2493 681 2554 Platonem
700 2492 804 2554 velint.
830 2494 902 2552 Nam
920 2494 996 2555 viam
1015 2494 1062 2553 hic
1081 2495 1173 2576 aperit
1191 2494 1230 2554 ad
1247 2495 1382 2557 criticum

155 2609 285 2670 Platonis
302 2609 451 2684 studium,
469 2630 526 2688 quo
554 2607 684 2690 neglecto
695 2654 704 2683 ,
733 2629 816 2668 nemo
842 2623 923 2690 putet
952 2630 981 2670 se
1005 2609 1043 2669 ad
1060 2610 1197 2670 interiora
1217 2609 1382 2670 Platonicae

154 2723 355 2806 philosophiae
373 2745 451 2784 sacra
464 2724 617 2805 pervenire
630 2745 719 2805 posse.
760 2723 818 2784 Sed
835 2724 917 2784 aditu
935 2724 1114 2785 recludendo
1127 2738 1279 2785 contentus
1291 2725 1383 2784 fuisse

154 2839 273 2902 videtur
290 2840 495 2900 Ruhnkenius.
525 2839 792 2920 Philosophandum
815 2841 916 2921 paucis
934 2839 1074 2899 ducebat:
1097 2861 1163 2900 nam
1182 2840 1300 2901 omniuo
1320 2863 1383 2900 non
1467 2851 1468 2858 ’

154 2955 297 3037 placebat.
326 2955 364 3016 Et
391 2954 469 3035 quod
486 2956 579 3035 Nepos
597 2956 638 3014 ait
657 2955 693 3015 de
711 2957 824 3031 Attico,
845 2962 956 3035 attigit
971 2963 1082 3033 quoque
1096 2963 1251 3032 poeticen,
1280 2957 1383 3014 credi-

155 3093 241 3146 mus,
262 3095 299 3131 ue
318 3078 385 3148 ejus
403 3055 508 3149 erpere
526 3081 600 3130 esset
617 3079 800 3145 suauitatis,
814 3070 891 3131 idem
905 3069 970 3143 ille,
991 3083 1059 3128 teste
1078 3069 1307 3150 Wyttenhachio
1316 3115 1326 3146 ,
1343 3070 1383 3130 de

155 3186 253 3248 studio
267 3209 284 3246 a
298 3207 327 3246 se
341 3185 540 3268 philosophiae
553 3187 698 3268 impertito
714 3185 809 3246 dicere
822 3185 940 3244 solebat.
961 3183 1137 3244 suavitatem
1157 3186 1252 3260 enim,
1268 3185 1383 3265 elegan-

154 3302 244 3377 tiam,
265 3315 443 3363 venustatem
457 3302 489 3360 in
509 3302 587 3362 omni
606 3301 770 3382 scriptionis
785 3319 887 3379 genere
897 3345 905 3374 ,
926 3298 1098 3380 philosopho
1123 3301 1207 3360 etiam
1216 3345 1225 3375 ‚
1244 3301 1384 3379 exquire-

155 3416 207 3477 bat
220 3415 425 3476 studiosissime
451 3429 479 3475 et
498 3415 662 3476 felicissime
682 3414 916 3495 deprehendebat
940 3429 1024 3494 atque
1043 3416 1075 3474 in
1094 3415 1186 3474 lucem
1206 3416 1381 3497 proferebat.

155 3534 218 3594 Hoc
237 3530 395 3613 procedens
410 3531 514 3590 itinere
540 3531 734 3592 Ruhnkenius
761 3530 794 3589 in
818 3531 926 3589 criticis
949 3529 1105 3605 excelluit,
1141 3529 1283 3618 iniisque
1306 3530 1383 3592 adeo

154 3647 350 3730 principatum
367 3646 512 3707 obtinuit:
534 3667 600 3706 nam
620 3645 774 3706 accedebat
790 3644 837 3704 his
855 3644 971 3704 dotibus
989 3659 1016 3705 et
1035 3645 1139 3706 studiis
1162 3646 1299 3706 immensa
1322 3645 1382 3706 do-

156 3764 249 3824 ctrina
269 3776 297 3822 et
320 3783 384 3821 rara
408 3760 547 3841 quaedam
570 3760 684 3822 solertia
708 3761 826 3833 critica,
849 3780 935 3838 quam
949 3759 1069 3820 acuebat
1083 3760 1203 3820 mirifice
1223 3761 1383 3822 acerrimus

155 3877 207 3936 ille
225 3870 321 3958 pulc'ri
338 3897 453 3936 sensus:
476 3889 504 3935 et
523 3876 606 3936 edere
624 3875 770 3936 Platonem
785 3875 826 3934 sie
841 3875 996 3956 potuisset,
1015 3889 1047 3935 ut
1066 3874 1284 3955 elegantiorem,
1303 3873 1383 3936 adde

157 4005 186 4051 et
212 3990 367 4054 doctiorem
390 3992 653 4069 accuratiorcmque
677 3991 824 4072 scriptoris
851 3990 1115 4072 interpretationem
1138 3991 1221 4051 nulla
1251 4013 1382 4071 unquam

157 4121 234 4170 aetas
251 4109 349 4170 visura
374 4107 491 4183 fuisset,
522 4105 573 4166 sed
596 4105 808 4187 philosophiam
834 4106 965 4180 tradere,
996 4108 1124 4186 logicum
1145 4117 1175 4166 et
1192 4109 1381 4187 eutepbyu'-

157 4245 224 4283 cem
252 4222 449 4296 conscribere,
471 4220 576 4301 placita
606 4219 751 4302 explicare
778 4222 1014 4305 philosophorum
1038 4221 1138 4282 abdita
1156 4236 1184 4282 et
1211 4223 1380 4301 recondita,
1448 4311 1453 4324 ι

157 4339 377 4420 Wyttenhachii
395 4337 449 4396 hoe
468 4357 572 4396 munus
590 4337 647 4396 fuit
656 4383 666 4413 ,
683 4337 762 4398 haud
779 4340 866 4398 ruisse
886 4336 1003 4400 videtur
1020 4337 1200 4398 Ruhnkenii.

197 4452 441 4536 Wyttenbaehius
460 4451 587 4532 juvenili
615 4467 705 4514 aetate
727 4455 799 4534 quid
823 4454 880 4515 sihi
903 4452 1010 4528 vellet,
1038 4453 1112 4534 quid
1140 4467 1303 4536 appeteret,
1328 4455 1380 4516 cai
