2886 5118
734 209 792 269 2122

141 397 211 448 nor,
240 393 312 451 quae
343 390 408 429 vera
435 369 472 428 sit
500 368 635 428 habenda
653 367 821 448 linguarum
838 369 1041 450 philosophia,
1072 383 1100 430 et
1118 369 1204 448 quale
1225 371 1282 444 sit,
1306 369 1380 448 quod

132 473 219 552 vulgo
240 471 337 532 dicere
361 469 582 543 consuevimus,
608 471 847 547 metaphysieum
875 469 1056 548 linguarum
1072 471 1226 542 studium,
1243 467 1318 528 hinc
1337 489 1383 547 op·

136 572 206 632 timu
221 569 408 647 judicabunt.

175 668 256 728 Plato
272 688 309 724 en
328 667 373 740 his
391 665 512 738 studiis,
533 678 566 743 ut
586 665 775 739 monuimus,
800 685 858 726 non
879 664 1003 726 multum
1019 667 1152 746 profecit.
1184 665 1265 738 Quae
1279 683 1383 742 puera

137 766 254 846 Cratylo
290 763 449 837 didicerat,
475 750 514 822 si'e
529 761 668 844 deinceps
683 765 781 843 inepta
800 765 929 844 falsaque
941 760 1089 840 judicavit
1095 810 1103 838 ,
1131 777 1163 822 ut
1177 763 1213 822 iis
1228 781 1312 822 suam
1325 765 1383 820 veri

135 865 297 924 doctrinam
327 874 494 943 opponeret.
538 860 642 920 abfuit
668 874 764 918 autem
786 875 919 936 tantum,
950 875 981 920 ut
1008 861 1048 922 ad
1069 862 1253 924 verissimam
1271 873 1384 939 etymo-

136 963 240 1043 logiam
260 962 336 1020 hanc
358 961 511 1020 adhiberet
531 958 695 1020 doctrinam
716 974 900 1034 constanter,
922 973 955 1020 ut
976 958 1139 1020 identidem
1161 961 1195 1018 in
1216 960 1337 1038 scriptis
1353 958 1383 1016 id

137 1062 231 1139 ipsum
253 1059 460 1132 committeret,
482 1057 561 1136 quod
580 1059 612 1118 in
633 1057 751 1138 Cratylo
771 1080 804 1117 ac
826 1058 963 1139 sophistis
984 1057 1216 1139 reprehenderat
1231 1055 1270 1137 l).
1316 1060 1385 1118 Tam

136 1156 227 1216 ardua
242 1157 351 1216 scilieet
372 1177 417 1215 res
434 1170 485 1230 est,
503 1155 719 1236 philosophiam
737 1155 902 1236 linguarum
920 1169 997 1217 recte
1019 1169 1151 1217 tractare.
1183 1156 1384 1216 Veruntamen

128 1253 223 1313 'nobis
237 1269 378 1333 quantum
396 1255 535 1334 proficere
550 1254 587 1314 ad
608 1253 706 1314 studia
728 1254 780 1312 illa
801 1255 915 1314 naviter
935 1269 1062 1335 apteque
1084 1253 1301 1334 persequenda,
1323 1275 1386 1313 cum

139 1375 175 1411 ex
205 1352 257 1411 illa
277 1352 444 1434 philosophi
464 1352 617 1426 doctrina,
638 1366 701 1416 tum
724 1365 816 1412 etota
836 1351 964 1430 ejusdem
985 1350 1172 1432 philosophia
1193 1351 1296 1429 liceat,
1329 1353 1385 1412 dici

142 1452 194 1510 vix
224 1465 325 1531 potest.
354 1451 427 1510 Nam
456 1472 515 1510 non
536 1463 596 1524 est,
617 1473 674 1530 quo
695 1451 765 1510 haee
786 1451 875 1530 magis
886 1451 1122 1528 constantiusque
1132 1465 1260 1530 spectet,
1279 1473 1386 1530 quam,

90 1605 92 1610 .
141 1564 171 1609 ut
192 1549 296 1610 elicere
315 1569 351 1612 cx
373 1550 435 1630 ipso
453 1549 551 1612 animo
568 1550 696 1610 hominis
716 1551 814 1609 omnia
832 1549 1006 1610 studeamus.
1049 1548 1187 1608 Refertur
1215 1549 1292 1610 illuc
1330 1563 1386 1608 tota

135 1647 306 1728 philosophi
336 1647 507 1722 dialectica,
535 1648 643 1728 quippe
665 1669 730 1708 cum
750 1647 905 1732 μαιευτικῇ
921 1662 949 1710 et
967 1644 1113 1738 ἐπαγωγῇ
1133 1649 1279 1722 Socratis,
1302 1667 1386 1726 quam

140 1748 292 1826 usurpavit
321 1745 494 1819 scribendo,
528 1749 702 1824 conjuncta:
733 1749 833 1811 statuit
863 1748 957 1824 adeo,
980 1749 1088 1830 primas
1120 1746 1254 1806 notiones
1273 1758 1387 1804 nostras

139 1843 310 1922 quantitatis
339 1857 367 1905 et
392 1844 558 1921 qualitatis,
589 1846 670 1906 ideas
701 1847 867 1925 praesertim
894 1847 1011 1927 proprie
1034 1847 1074 1905 sic
1103 1843 1214 1917 dictas,
1242 1845 1385 1921 jamtum

141 1956 290 2022 perceptas
309 1957 405 2006 mente
423 1943 520 2002 nostrd
541 1943 648 2018 fuisse,
669 1957 823 2022 antequam
845 1944 879 2002 in
898 1942 952 2002 hoc
975 1963 1081 2023 corpus
1104 1941 1237 2001 sensibus
1257 1943 1386 2000 instruc-

143 2053 204 2100 tum
224 2041 413 2119 migraverat:
433 2039 512 2118 quod
533 2042 566 2100 in
587 2041 728 2115 Menona,
748 2054 780 2102 ut
798 2041 946 2115 vidimus,
966 2041 1049 2120 pueri
1067 2039 1223 2120 exemplo,
1252 2060 1268 2096 a
1287 2038 1386 2098 Socra·

140 2151 168 2196 te
189 2137 225 2200 de
239 2136 373 2216 quadrati
393 2138 574 2203 dimensione
594 2140 782 2218 interrogati,
804 2136 1065 2218 demonstravit2).
1098 2138 1175 2196 Huic
1199 2150 1296 2196 autem
1316 2137 1388 2217 phi·

141 2235 315 2317 losopbandi
343 2237 450 2298 rationi
479 2235 552 2316 quid
571 2237 660 2316 magis
679 2257 857 2316 consequens
878 2250 938 2311 est,
968 2254 1054 2314 quam
1078 2249 1109 2294 ut
1129 2237 1233 2296 mirari
1255 2237 1287 2296 id
1305 2235 1387 2294 desi-

141 2354 256 2408 namus,
285 2334 364 2412 quod
390 2335 519 2395 vidimus
545 2335 644 2409 modo,
672 2348 783 2394 exstare
802 2337 835 2393 in
857 2335 966 2416 linguis
994 2355 1095 2408 voces,
1116 2334 1230 2413 quibus
1252 2335 1384 2394 nativam

123 2452 223 2490 suam
250 2431 335 2490 homo
361 2432 509 2512 cogitandi
534 2433 747 2512 judicandique
778 2435 919 2493 rationem
952 2434 1149 2514 expresserit?
1192 2434 1266 2492 Nam
1289 2435 1317 2492 si
1339 2435 1385 2492 in-

146 2542 214 2588 sunt
240 2529 310 2588 haec
337 2529 487 2591 hominum
505 2532 604 2611 generi
624 2517 746 2606 natura,
765 2531 872 2610 quidni
893 2531 1051 2591 enunciare
1070 2551 1102 2590 ea
1121 2544 1219 2610 gentes
1239 2530 1385 2610 loquendo

146 2640 247 2707 sponte
266 2648 319 2686 sua.
335 2628 394 2690 sint
411 2632 554 2689 conatae?
595 2629 705 2704 Quodsi
725 2630 898 2690 documenta
919 2629 1100 2710 expetimus,
1118 2628 1225 2707 quibus
1241 2627 1288 2703 id,
1310 2627 1386 2708 quod

145 2723 297 2806 probabile
325 2726 460 2800 videtur,
490 2741 587 2808 pateat
607 2729 711 2803 nobis,
733 2749 817 2788 voces
837 2728 907 2788 illac
928 2727 1077 2807 singulae,
1107 2728 1234 2806 quasin
1255 2726 1304 2786 bis
1326 2727 1386 2786 dis-

149 2823 354 2900 quisitiouibus
372 2825 537 2898 attulimus,
558 2825 753 2900 attendendae
774 2826 858 2887 nohis
879 2839 963 2896 sunt.
997 2827 1062 2886 Non
1083 2838 1143 2886 arte
1162 2838 1232 2884 sunt
1251 2848 1266 2884 a
1287 2825 1386 2906 philo-

149 2922 245 3001 sophis
264 2921 418 2997 confictae,
434 2923 485 2983 sed
497 2925 641 2983 communi
656 2925 786 2983 omnium
803 2926 954 2984 hominum
969 2936 1190 2998 neuteruntur,
1214 2936 1247 2982 ut
1269 2945 1387 3004 prorsus

92 3061 101 3078 .
149 3020 436 3082 naturtvideantur
463 3022 618 3082 exstitisse:
646 3037 674 3081 et
704 3037 815 3097 tamen,
843 3045 929 3102 quam
957 3035 1023 3103 apte
1045 3023 1189 3103 pleneque
1205 3024 1386 3103 exprimant,

145 3117 223 3195 quod
241 3119 335 3198 longis
363 3119 611 3200 disputationibus
632 3121 714 3180 Plato
737 3120 963 3194 demonstravit,
990 3120 1106 3183 eaedem
1129 3120 1184 3178 hae
1203 3118 1388 3196 disquisitio-

152 3239 202 3276 nes
221 3231 332 3278 nostrac
351 3221 520 3299 probarunt.
547 3219 622 3283 'Sed
639 3220 691 3278 ‘vel
710 3220 797 3280 fallor
815 3219 965 3298 equidem,
996 3219 1045 3280 vel
1062 3219 1176 3297 insigne
1196 3217 1384 3297 omniumque

153 3315 379 3378 illustrissimum
396 3317 482 3395 hujus
503 3319 544 3379 rei
566 3316 773 3380 documentum
793 3319 855 3398 ipsa
876 3319 961 3378 nobis
981 3332 1024 3377 est
1043 3314 1230 3399 philosophia
1248 3315 1385 3374 Platonis.

151 3411 215 3486 Quo
224 3413 403 3491 frequentius
414 3414 486 3473 mihi
498 3415 644 3476 naturales
655 3436 739 3474 voces
748 3416 817 3474 illae
829 3417 862 3474 in
870 3414 1048 3496 explicando
1057 3413 1176 3474 Platone
1187 3427 1384 3484 occurrerunt,

146 3499 183 3570 'eo
198 3512 304 3570 certius
318 3512 390 3572 mihi
410 3515 550 3593 persuasi,
570 3514 591 3572 si
614 3512 773 3578 easordine
784 3558 792 3587 ,
813 3513 973 3574 secundum
991 3512 1194 3594 philosophiae
1214 3511 1380 3572 Platonicae

148 3611 617 3692 progressionem·proponeremus
635 3624 663 3669 et
681 3610 911 3692 explicaremus,
940 3612 1027 3670 facile
1048 3613 1100 3669 nos
1127 3611 1167 3667 ita
1189 3608 1279 3688 ipsam
1299 3607 1385 3668 simul

139 3707 210 3770 'esse
230 3709 444 3791 philosophiam
475 3708 550 3769 hanc
576 3709 735 3784 tradituros
762 3723 790 3769 et
812 3711 1003 3792 exposituros.
1046 3701 1148 3766 Fateor
1168 3705 1258 3780 adeo,
1289 3726 1326 3764 eo
1345 3725 1385 3762 me

151 3808 313 3872 accuratius
332 3807 405 3868 mihi
423 3808 517 3867 visum
537 3827 596 3866 esse
614 3809 719 3872 mentis
740 3809 772 3869 in
792 3808 947 3889 cogitando
957 3851 966 3882 ,
982 3806 1167 3887 judicando,
1184 3802 1386 3884 cognoscendo

153 3905 292 3968 rationem
303 3908 412 3985 assequi
424 3952 431 3979 ‚
442 3927 499 3984 quo
519 3905 608 3984 magis
627 3926 763 3965 unacum
785 3907 900 3987 placitis
911 3906 1040 3980 Platonis
1056 3905 1169 3984 linguas
1187 3897 1386 3972 attendebam,

153 4015 185 4060 nt
200 4023 302 4082 parum
320 4003 408 4078 absit,
430 4005 500 4082 quin
518 4017 659 4078 statuam,
689 4005 803 4085 linguas
823 4005 908 4064 nohis
928 4005 1020 4084 ipsam
1042 4003 1134 4064 veluti
1156 4010 1386 4079 repraesentare

152 4100 365 4181 philosophiam
384 4104 520 4162 Platonis.

187 4387 212 4474 1>
231 4415 261 4462 v.
280 4431 298 4464 e.
319 4415 427 4464 ramur.
446 4413 503 4464 aas.
526 4414 554 4464 c.
571 4416 628 4464 aar.
650 4415 679 4466 o.

186 4501 213 4563 2)
234 4499 286 4551 Cic.
310 4500 379 4551 Tarso.
401 4501 428 4565 Q.
448 4500 465 4550 l·
482 4500 523 4552 24.
