2872 5122
462 183 468 218 l

736 231 780 291 90

140 410 169 456 et
189 395 307 455 surdum
327 409 354 454 et
371 413 499 467 coecum,
520 391 753 472 quandoquidem
773 413 825 451 neu
845 395 1018 454 suscitentur
1036 413 1135 455 sensus
1144 438 1152 467 ‚
1170 416 1222 453 nec
1240 394 1359 482 alantur,

141 515 193 553 nec
213 495 446 575 perpurgenmrl
476 484 649 569 Μισολόνος
670 485 724 572 (lq,
749 484 846 569 οἶμαι,
869 484 888 552 o‘
907 491 1046 566 τοιοῦτος»
1059 490 1182 572 γίγνεται
1203 492 1251 552 καὶ
1271 487 1360 571 ἀμου-

141 613 203 664 σσς·
225 591 274 652 καὶ
293 595 397 653 πειθοῖ
413 589 469 670 μὲν
490 588 540 654 teil
561 586 657 672 λόγων
678 587 765 653 οὐδὲν
787 586 828 652 ἔτι
849 594 973 676 χρῆται,
1001 592 1053 679 βία
1074 591 1110 654 δὲ
1130 594 1179 656 καὶ
1199 590 1359 678 ἀγριότητι,

142 689 240 777 ιδ’σπερ
267 694 390 778 θηρίον,
417 691 494 778 πρός
521 689 616 756 πάντα
646 690 866 779 διαπράττεται,
889 697 937 757 καὶ
959 695 990 757 ἐν
1012 693 1132 781 ἀμαθίᾳ
1152 697 1201 758 καὶ
1222 693 1377 777 σκαιότητι1

140 793 226 876 μετιλΙ
241 793 411 880 ἀρρυθμίας
436 822 468 859 τε
492 799 540 859 καὶ
566 795 739 880 ἀχαριστίας
765 797 815 884 ζῇ.
839 797 868 880 l)
896 799 1105 882 Quid'igitur'l
1137 800 1270 874 Scilicet,
1289 799 1362 878 quod

141 901 225 959 nohis
244 901 346 959 natura
366 901 492 987 inditum
512 917 566 978 est,
586 895 623 961 τό
644 893 767 983 ἥμερον,
789 895 826 961 acl
849 891 1028 980 (patriaeque,
1052 898 1130 979 unde
1159 899 1251 958 omnis
1272 910 1362 955 manat

140 997 236 1057 cultus
256 1011 283 1056 et
302 999 483 1076 humanitaS,
504 1001 582 1062 haud
606 1003 812 1063 emolliendum
837 1015 877 1061 est
896 999 1018 1074 mustea,
1040 997 1089 1058 sed
1108 997 1283 1077 gymnasticl
1301 1015 1362 1068 cor—

142 1097 351 1156 roborandum:
373 1099 504 1179 quodque
523 1102 601 1162 'item
625 1102 761 1161 debemus
786 1115 924 1173 naturae,
949 1092 987 1158 ro*
1010 1091 1184 1176 θυμοειδὲς,
1209 1085 1292 1153 unde
1311 1095 1361 1152 for.

141 1194 235 1254 titudo
269 1197 380 1256 exsistit
413 1212 440 1257 et
473 1201 652 1275 constantia,
682 1223 742 1260 non
771 1197 922 1258 intendere
953 1214 1064 1281 oportet
1091 1195 1287 1279 gymnasticl,
1318 1190 1362 1249 sed

141 1293 249 1352 musica
276 1294 464 1354 relaxandum
490 1311 530 1356 est
550 1312 670 1377 apteque
689 1297 915 1379 temperandum.
958 1298 1033 1358 Sunt
1060 1311 1153 1355 autem
1172 1294 1295 1354 musicae
1313 1290 1360 1346 hac

142 1396 174 1452 in
201 1411 230 1448 re
259 1394 439 1471 gravissimae
466 1408 567 1474 partes.
608 1397 679 1454 Nam
704 1396 787 1456 homo
815 1396 906 1475 prima
935 1409 1044 1471 aetate,
1075 1396 1121 1454 ον’
1135 1413 1218 1453 omn-e
1245 1387 1362 1459 animal,

140 1486 275 1568 μαίνεταί
302 1496 333 1551 τε
362 1490 411 1552 καὶ
441 1492 500 1576 βοᾷ
529 1488 667 1567 ἀτάκτως.
687 1492 718 1575 2)
758 1496 831 1553 Puer
854 1487 972 1554 πάντων
993 1491 1114 1575 θηρίων
1136 1490 1199 1552 ἐστὶ
1221 1489 1362 1565 δυσμετα-

140 1585 372 1673 χειριστότατον
395 1585 456 1680 ὅσῳ
476 1589 533 1676 yria
554 1585 682 1674 μάλιστα
704 1587 764 1672 ἔχει
785 1588 881 1674 πηγήν
901 1595 955 1655 τοῦ
977 1601 1093 1677 φρονεῖν
1114 1589 1205 1675 μήπω
1222 1605 1363 1672 κατηρτυ-

140 1689 244 1777 μένην,
276 1693 429 1775 ἐπίβουλον
453 1696 502 1757 καὶ
529 1692 619 1780 ιλριμι)
644 1695 691 1758 καλ
712 1689 923 1776 ὑβριστότατον
944 1696 1064 1779 θηρίων
1083 1695 1214 1777 Ιγίγνεται.
1230 1694 1263 1781 3)
1301 1693 1363 1752 Vin

141 1813 235 1857 autem
268 1799 343 1857 hanc
374 1801 490 1859 insitam
510 1815 538 1860 et
561 1801 735 1860 alacritatem
763 1811 791 1856 et
817 1820 886 1859 vero
913 1801 1121 1860 contumaciam
1150 1819 1208 1858 una
1240 1793 1363 1854 omnium

141 1898 381 1978 optimemusica
408 1912 436 1956 et
459 1900 587 1978 mitigare
610 1912 700 1979 potest
727 1911 754 1956 et
774 1897 924 1956 moderari.
971 1883 1096 1957 Omnino
1114 1911 1191 1974 'artes
1219 1895 1271 1952 hue
1298 1911 1363 1951 cou-

141 2015 233 2053 cessae
261 2008 328 2054 sunt
354 1995 479 2054 humano
508 1999 624 2076 generi,
655 2011 686 2055 ut
710 1989 747 2056 τό
767 1987 878 2076 ἥμερον
914 2009 1032 2057 naturae
1057 2009 1169 2054 nostrae
1195 1983 1281 2055 etati
1309 1987 1363 2048 θν-
1420 2063 1421 2068 ¹

141 2090 256 2170 μοειιλές
281 2087 416 2174 ἀλλήλοιν
439 2094 698 2176 ξοναρμσσθῆτσν,
727 2091 927 2175 ἐπιτεινομένω
955 2093 1003 2155 καὶ
1032 2087 1171 2171 ἀνιεμένω
1197 2087 1288 2172 μέχρι
1315 2087 1363 2150 τοῦ

141 2190 345 2275 προσήκοντος.
372 2197 513 2270 Quocirca
533 2191 587 2257 τόν
606 2191 732 2259 κάλλιστ’
752 2193 811 2282 ἄρα
831 2198 960 2284 μουσικῇ
979 2189 1174 2282 γυμναστικήν
1194 2186 1362 2274 κεραννύντα

141 2293 190 2358 καλ
210 2291 394 2379 μετριώτατα
415 2296 453 2382 τῇ
473 2298 563 2384 ψυχῇ
582 2295 800 2383 προσφέροντα,
822 2293 1100 2383 τὸῦτσνάρθόταά·
1115 2293 1151 2358 ἀν
1173 2299 1281 2380 φαῖμεν
1300 2287 1363 2356 εἶναι

142 2393 246 2474 τελέως
266 2392 484 2479 μουσικώτατον
504 2400 552 2460 καὶ
573 2396 833 2485 εὐαρμοστότατον.
852 2402 882 2483 4)
907 2413 909 2420 '
1004 2419 1006 2491 j

219 2600 270 2660 Ad
292 2603 484 2660 excitandam
508 2605 703 2682 alendamque
718 2611 759 2662 »tn
788 2612 900 2664 animia
919 2603 1026 2681 pulcri
1051 2591 1199 2675 amorem,
1225 2615 1293 2658 σιἰπι

281 2708 397 2759 marica
412 2711 477 2758 tum
495 2712 630 2760 caeterae
649 2713 730 2762 artae
749 2705 926 2762 tractandae
946 2712 1018 2761 aaut
1030 2699 1230 2779 potissimam.

185 2897 258 2955 Sunt
281 2896 350 2955 hacc
372 2896 516 2978 principia
539 2898 729 2978 pulcerrimae
753 2899 959 2978 institutionis,
982 2919 1067 2977 quam
1091 2897 1123 2955 in
1147 2895 1230 2953 libris
1254 2894 1290 2952 de
1316 2895 1361 2950 Re·

144 2995 261 3077 publica
277 2997 408 3075 exposuit
426 2994 515 3054 Plato.
542 2996 658 3074 Neque,
679 2997 724 3054 his
744 2989 903 3078 perceptis,
925 2995 1076 3055 mirabitur
1103 2992 1269 3074 quisquam,
1290 2987 1362 3048 nulli

145 3116 209 3153 eum
228 3094 282 3153 arti
307 3107 415 3152 tantam
433 3093 470 3152 ad
491 3093 681 3153 erudiendum
701 3095 946 3173 excolendumque
970 3093 1115 3168 hominem
1136 3091 1195 3151 vim
1215 3089 1361 3158 tribuisse,

145 3205 280 3270 quantam
307 3193 439 3250 musicae.
469 3191 519 3250 Est
538 3193 614 3250 enim
633 3192 703 3268 illa,
725 3193 748 3250 si
767 3213 822 3272 qua
850 3192 920 3266 alia,
942 3205 969 3249 et
999 3189 1109 3262 homini
1130 3187 1230 3247 natura
1252 3187 1362 3268 propria

146 3305 173 3349 et
191 3288 335 3348 naturales
349 3309 472 3368 quosque
487 3309 584 3348 sensus
603 3303 739 3370 temperat
757 3303 783 3348 et
797 3275 974 3363 moderatur,
990 3302 1021 3347 ut
1039 3287 1134 3347 studia
1150 3287 1218 3345 inde
1237 3287 1361 3346 oriantur

147 3389 271 3469 optima:
294 3402 320 3446 et
339 3390 441 3466 juncta
467 3409 531 3446 cum
555 3389 748 3468 gymnastica,
770 3387 801 3447 id
820 3387 908 3447 efficit
927 3369 1048 3445 maxime
1058 3432 1066 3460 ,
1090 3407 1126 3443 ne
1144 3384 1225 3444 abeat
1243 3385 1276 3442 in
1295 3385 1360 3442 fero·

146 3487 260 3546 citatem
283 3486 429 3561 alacritas,
450 3487 500 3545 sed
524 3486 561 3546 ad
586 3509 682 3547 veram
706 3484 1131 3567 componatur·fortitudinem.
1162 3484 1320 3557 Quocirca,
1340 3475 1360 3535 si

147 3585 255 3645 utilitas
282 3585 427 3664 quaeritur
450 3587 481 3644 in
508 3586 657 3644 hominum
676 3586 820 3658 societate,
841 3605 912 3661 quae
930 3581 1044 3642 tandem
1065 3603 1108 3640 ars
1127 3601 1279 3662 puerorum
1298 3577 1360 3635 edu·

145 3686 304 3759 cationem,
333 3705 389 3762 qua
415 3684 491 3743 nihil
517 3698 558 3742 est
583 3685 614 3742 in
642 3684 758 3744 civitate
778 3682 900 3761 ¹gravius
926 3695 954 3739 et
984 3679 1148 3754 efficacius,
1178 3677 1311 3758 provehit
1337 3685 1360 3730 et

146 3783 218 3864 regit
244 3784 361 3862 aptius?¹
390 3781 451 3840 Hac
480 3783 556 3840 enim
583 3781 632 3858 qui
658 3781 832 3854 instituitur,
862 3801 878 3838 a
906 3779 1011 3838 teneris
1039 3793 1139 3858 sponte
1163 3798 1211 3836 sua
1236 3783 1359 3854 agnoscet

146 3878 278 3960 pulcrum
307 3901 339 3937 ac
360 3878 450 3939 laetus
470 3881 502 3938 in
522 3877 649 3937 animum
668 3878 786 3958 recipiet
805 3891 832 3936 et
851 3877 931 3956 quasi
946 3878 1088 3937 nutrietur
1106 3897 1151 3951 eo,
1184 3873 1278 3954 turpia
1298 3888 1358 3930 vero

147 3977 322 4060 vituperabit
348 3976 469 4057 odioque
492 3977 624 4037 habebit:
646 3975 763 4035 omnino
785 3975 891 4035 amabit
915 3976 1067 4055 pulcrum,
1088 3988 1270 4053 anteaquam,
1290 3963 1355 4048 quid

153 4138 208 4145 ru·-

183 4204 207 4269 1)
228 4207 264 4257 De
281 4208 340 4276 Rep.
360 4208 405 4256 lll.
428 4203 488 4257 411.
506 4202 534 4256 G.

181 4290 206 4355 2)
226 4293 345 4360 Deleqq.
366 4294 397 4339 ll.
417 4289 475 4339 672.
498 4287 526 4341 C.

182 4375 207 4440 3)
227 4379 287 4430 an.
307 4379 362 4427 Vll.
382 4375 440 4427 808.
460 4375 490 4427 l).

130 4519 134 4528 Ι
183 4461 208 4527 l)
226 4465 264 4516 De
281 4465 342 4533 Rep.
359 4462 403 4515 ΙΙΙ.
427 4461 484 4514 111.
506 4461 536 4513 E.
558 4459 616 4510 411.
639 4461 670 4512 Α,
