2838 5120
736 273 796 332 232

154 437 287 509 lamium,
307 455 363 512 que
389 436 420 492 in
444 453 529 492 cursu
547 431 585 490 ad
608 432 677 491 haec
697 435 841 494 accedunt
859 433 1045 506 identidem?
1076 432 1169 490 Mirer
1186 431 1320 508 equidem,
1336 432 1352 488 si

153 548 348 605 astronomus,
379 531 424 590 bis
451 529 534 588 lectis
563 528 692 590 Platonis
720 511 891 606 sententiis,
924 553 985 590 non
1014 529 1187 609 descriptam
1214 549 1241 586 se
1267 529 1353 588 uidisse

152 632 234 712 p'utet
260 629 420 688 studiorum
444 647 559 686 suorum
579 628 739 703 rationem,
760 649 813 690 nec
833 628 1009 688 desiderasse
1029 627 1204 707 quidquem,
1225 627 1279 686 nisi
1294 625 1354 705 alge-

153 729 221 788 brae
249 739 348 800 notas,
379 725 486 804 quibus
509 745 561 784 uos
590 745 672 784 veros
701 748 852 800 numeros,
880 747 962 786 veras
990 725 1094 804 figuras
1105 772 1113 799 ,
1136 745 1232 785 ueram
1250 737 1353 784 motuum
1404 739 1405 746 ’

151 827 308 898 rationem,
337 823 567 900 celeritatemque
595 833 623 880 et
649 824 833 895 tarditatem,
864 825 939 896 alia,
970 823 1103 882 nonduin
1131 823 1216 882 uobis
1245 823 1354 901 cognita,

152 922 202 982 sed
230 920 427 1004 exploranda,
459 921 658 1000 exprimimus.
708 921 766 982 Sed
795 923 869 1003 legut
896 924 921 982 is
950 921 1046 980 locum
1074 921 1222 994 Platonis,
1250 921 1291 980 bis
1311 921 1356 996 jau

151 1021 328 1099 descriptum
357 1017 441 1076 nobis
451 1061 460 1090 ,
481 1017 532 1076 sed
550 1019 667 1076 tertium
686 1021 922 1093 memorandum,
943 1040 1001 1099 quo
1018 1033 1211 1094 astronomum
1231 1017 1356 1094 exquirere

150 1120 235 1196 jussit
261 1110 296 1176 td
323 1109 358 1177 dv
384 1109 491 1195 τάχος,
519 1110 573 1196 τήν
599 1108 690 1176 οὖσαν
714 1118 889 1200 βραδυτῆτα
911 1117 944 1178 ἐν
963 1119 1007 1202 τῷ
1027 1113 1165 1202 ἀληθινῷ
1185 1111 1306 1198 ἀριθμῷ
1322 1110 1356 1174 tul
1404 1179 1405 1184 ,

153 1217 223 1276 ocior
244 1221 305 1291 τοῖς
326 1211 454 1297 ἀληθέσι
476 1212 620 1298 σχήμασι.
665 1223 821 1296 Iteramus,
853 1221 931 1300 quod
957 1221 1104 1282 diximus:
1136 1241 1198 1279 non
1217 1219 1302 1288 lecit,
1318 1217 1354 1274 tit

153 1321 231 1382 adeo¹
250 1319 399 1380 inchoavit
427 1319 527 1394 Plato,
548 1341 620 1399 quae
638 1321 796 1381 recentiore
817 1333 908 1380 aetate
926 1320 1082 1378 astronomi
1101 1321 1303 1398 perfecerunt3
1320 1311 1351 1371 sal
1403 1376 1404 1380 ,

153 1420 283 1498 quamvis
310 1419 361 1478 ille
387 1418 425 1476 ad
453 1416 615 1476 acuendum
641 1419 672 1477 in
691 1418 792 1498 primis
810 1419 959 1497 ingenium
975 1431 1033 1478 tem
1052 1419 1274 1488 astronomiam,
1294 1430 1353 1491 quau

153 1519 334 1598 geometriam
360 1513 540 1575 tractandam
559 1529 705 1589 censeret,
727 1515 799 1574 illuc
820 1535 885 1574 eum
896 1561 904 1588 ,
925 1536 981 1594 quo
1000 1514 1138 1588 ardebat,
1158 1517 1279 1596 perfecti
1298 1513 1356 1574 reri·

153 1637 207 1694 que
237 1635 314 1674 amor
338 1616 490 1696 provexit,
519 1599 551 1672 ut
580 1635 676 1673 veram
703 1614 891 1672 astronomiae
911 1613 1090 1686 doctrinam,
1111 1613 1135 1671 si
1155 1614 1252 1672 minus
1269 1613 1358 1693 perspi·
1408 1640 1409 1648 ¹

153 1727 229 1772 ceret
256 1711 483 1792 quodammodo,
513 1725 588 1770 certe
617 1711 772 1788 conjiceret
801 1724 829 1769 et
851 1712 1067 1771 vaticinaretur.
1092 1711 1121 1790 l)
1163 1712 1273 1790 Yerurn
1291 1711 1359 1788 hujus
1404 1742 1405 1794 3

153 1811 195 1867 roi
223 1810 436 1890 diligentiorem
464 1803 694 1890 disquisitionem
724 1831 784 1868 non
803 1810 880 1889 capit
898 1809 946 1868 hic
967 1809 1056 1870 locus.
1097 1809 1179 1870 Illud
1198 1811 1359 1870 animaduer-

153 1908 288 1985 tendum,
320 1909 480 1969 discessisse
508 1911 541 1968 iu
565 1909 611 1968 bis
631 1906 765 1966 omnibus
784 1908 932 1966 Platonem
951 1929 968 1966 a
988 1907 1055 1966 trita
1076 1909 1142 1982 via,
1163 1930 1219 1988 qna
1240 1905 1359 1990 procede·

152 2005 224 2066 bant
252 2009 312 2066 sere
339 2009 430 2089 ipsius
458 2021 549 2066 aetate
577 2020 752 2087 geometrae,
774 2006 956 2080 astronomi,
978 2005 1024 2064 illi
1043 2009 1148 2081 etiem,
1169 2011 1220 2087 qui
1242 2014 1360 2071 musicam
1406 2041 1407 2082 ,

153 2106 213 2164 sive
243 2107 420 2164 harmoniam
449 2106 481 2165 in
510 2106 711 2164 astronomiam
741 2118 768 2164 et
796 2105 945 2185 physicam
973 2104 1174 2166 traducebant.
1217 2108 1303 2170 Suum
1321 2109 1359 2167 ille
1406 2099 1408 2124 ³

151 2203 207 2261 iter
243 2204 486 2285 persequebatur,
514 2225 620 2261 oerum
652 2217 783 2284 spectans
816 2202 928 2278 solnm,
959 2203 1037 2282 quod
1065 2205 1177 2282 assequi
1205 2203 1358 2265 incredibili

117 2365 125 2385 Ι
151 2299 249 2358 studio
277 2301 438 2376 nitebatur,
469 2301 686 2382 despiciensque
714 2321 750 2359 ex
778 2301 850 2375 illa,
881 2321 966 2379 quam
993 2302 1142 2380 attigerat,
1164 2323 1229 2362 arce
1249 2305 1360 2364 homiues
1409 2339 1410 2363 t

149 2397 268 2472 inanes,
289 2399 387 2458 inania
406 2413 623 2473 consectantes,
644 2399 747 2478 quiin
767 2399 913 2473 numeris,
933 2400 967 2458 in
986 2398 1086 2478 figuris
1104 2399 1275 2474 haererent,
1296 2399 1359 2458 deor·
1407 2429 1408 2432 ¹

151 2515 268 2573 sumque
292 2517 458 2558 conversam
478 2512 601 2558 mentem
619 2496 759 2556 haberent
769 2540 778 2571 ,
800 2511 861 2556 tum
881 2498 985 2572 etiam,
1007 2497 1057 2556 nbi
1077 2496 1113 2556 de
1133 2500 1216 2558 astris
1234 2499 1359 2577 rebusque

150 2593 323 2656 sublimibus
342 2607 480 2673 ageretur.

600 2790 657 2849 De
687 2794 918 2858 hierocomia.

189 2988 273 3048 Tales
301 3001 382 3047 erent
410 2985 571 3044 harmonici
598 2987 740 3062 maxime,
762 2989 795 3046 in
814 2987 1001 3066 Pythagoreis
1016 2989 1190 3066 frequentes.
1233 2989 1359 3048 Golebant
1410 3053 1411 3062 ἵ

146 3085 192 3144 illi
222 3085 427 3167 disciplinam,
456 3084 575 3144 minime
604 3083 718 3142 Platoni
746 3085 955 3165 improbatam,
978 3085 1095 3143 dicebat
1121 3085 1170 3143 hic
1194 3086 1360 3148 harmonian

146 3204 204 3242 esse
231 3184 417 3242 astronomiae
439 3176 647 3263 ἀντίστροφον·
671 3180 740 3242 huic
771 3184 848 3241 enim
876 3183 917 3240 sic
942 3203 1024 3240 aures
1046 3203 1104 3242 esse
1129 3184 1359 3255 accommodatas,

146 3295 177 3339 nt
197 3281 273 3340 oculi
303 3294 370 3340 sunt
397 3286 594 3344 astronomiae.
636 3282 693 3342 Sed
722 3279 836 3340 ridebat
867 3301 942 3339 vane
972 3281 1090 3338 istorum
1115 3279 1242 3356 studia„
1264 3283 1360 3362 quippe

144 3379 194 3458 qui
212 3381 289 3461 ipsos
305 3380 487 3440 attenderent
505 3384 538 3442 in
557 3382 667 3442 fidibus
684 3401 767 3443 sonos
777 3425 786 3453 ,
808 3399 910 3458 eosque
929 3379 1080 3437 metientes
1092 3378 1211 3438 auribus
1230 3381 1358 3450 admotis,

143 3479 225 3556 quasi
251 3499 267 3537 a
295 3478 400 3540 vicinis
430 3501 514 3542 uoces
542 3481 707 3572 percepturi
720 3502 728 3536 a
750 3477 916 3538 dicentibus
943 3477 1027 3550 eliis,
1048 3496 1077 3534 se
1103 3477 1136 3536 in
1155 3477 1361 3538 medicandus

143 3597 244 3635 sonum
271 3575 433 3655 quendam,
464 3593 493 3637 ct
520 3601 578 3640 esse
606 3581 685 3639 bunc
725 3577 898 3648 minimum,
929 3595 985 3654 quo
1013 3576 1049 3634 sit
1076 3573 1272 3634 metiendum:
1303 3573 1360 3632 eliis

142 3673 363 3750 dubitantibus,
385 3677 493 3757 qnippe
514 3678 607 3738 simile
628 3697 747 3737 sonare:
771 3675 916 3752 utrisque,
939 3673 979 3732 ait
998 3673 1127 3746 Glauco,
1149 3665 1214 3734 altu
1238 3672 1294 3734 τοῦ
1316 3669 1359 3732 νοῦ

140 3769 405 3855 προστησαμεῆιοις,
437 3783 533 3836 amnti
559 3776 813 3855 praeponentibus
840 3795 939 3861 augea.
961 3771 993 3852 2)
1033 3773 1117 3834 Vidit
1145 3786 1222 3836 aetas
1251 3788 1357 3844 nosue,

133 4090 137 4098 ,
175 4027 199 4093 l)
219 4029 293 4090 Quod
313 4033 345 4082 de
361 4032 472 4083 Arabum
491 4034 602 4082 inventis
623 4031 663 4081 hlc
679 4031 746 4092 dixi,
767 4047 818 4081 non
845 4031 878 4079 ita
901 4029 1097 4096 accipiendum,
1118 4023 1190 4098 qnasi
1206 4033 1285 4098 ipsam
1299 4041 1355 4076 uua·

141 4118 243 4182 lyticarn
262 4117 463 4181 arithmeticum,
493 4133 567 4184 quam
586 4118 665 4186 vulgo
684 4117 815 4186 algebrum
838 4131 979 4176 vocamus,
1005 4114 1038 4164 iis
1057 4115 1180 4166 tribuam:
1211 4119 1311 4166 inventu
1328 4125 1353 4159 ee

142 4203 245 4254 videtur
265 4219 280 4252 a
298 4201 445 4269 Diophanto
461 4203 653 4266 Alexandriam
673 4204 721 4254 sed
735 4213 806 4253 notus
825 4199 968 4268 significavi
982 4200 1160 4269 algebratcas,
1179 4217 1283 4270 quarum
1302 4193 1352 4262 apti

140 4305 196 4339 cum
216 4289 374 4339 arithmetica
393 4297 418 4338 et
435 4291 577 4356 geometria
598 4289 780 4354 conjunctione
799 4287 905 4338 maxime
922 4285 986 4336 baec
1004 4287 1141 4355 disciplina
1157 4289 1189 4340 ed
1205 4297 1242 4338 tot
1255 4297 1280 4337 et
1293 4290 1351 4334 tante

140 4374 296 4425 invenienda
312 4383 370 4440 apta
388 4382 427 4424 est
442 4374 516 4424 lecta.
537 4375 593 4424 viu.
612 4374 712 4424 Ruhnlt.
732 4376 820 4442 opusc.
839 4373 859 4422 l.
879 4369 936 4422 103.

172 4457 198 4522 2)
217 4461 253 4510 De
271 4461 331 4527 Rep.
351 4458 401 4510 Vll.
420 4457 478 4510 530.
497 4457 527 4509 I).
546 4459 575 4510 E.
595 4459 651 4510 531.
671 4460 701 4509 Α.
