2872 5122
737 227 794 288 102

145 415 202 454 non
227 391 359 472 pulcrum
383 405 442 464 ost,
463 391 620 450 necessario
638 389 671 450 id
690 402 795 448 tetrum
815 391 898 448 csse?
920 401 970 447 aut
995 389 1073 466 quod
1094 411 1153 450 non
1174 405 1215 450 est
1234 392 1351 472 sapiens,

145 491 287 552 stultum?
310 489 413 550 Nonne
440 487 689 562 animadvertisti,
716 488 846 548 medium
873 485 1021 565 quidesse
1041 487 1118 546 inter
1146 490 1312 570 sapientiam
1331 501 1353 546 01

145 588 313 661 stultitiam,
334 609 438 644 aarum
457 593 577 662 opinari
587 577 601 642 l
626 586 735 644 Verum
763 586 840 644 enim
850 631 859 659 ,
876 585 1013 663 inquam,
1035 585 1071 642 ab
1090 586 1224 650 omnibus
1242 587 1352 658 dicitur,

145 708 203 746 une
221 698 249 746 et
267 687 588 758 connerinensem,
608 704 727 764 magnus
745 685 822 742 Deus
841 703 909 742 esse.
931 682 976 740 Ab
996 683 1147 756 omnibus,
1168 685 1260 746 dicis:
1288 686 1354 764 igno·

144 784 295 858 rantibus,
314 805 352 842 an
370 780 550 841 scientibus?
571 781 615 840 Ab
634 781 787 855 omnibus,
806 783 924 858 inquam
930 827 939 854 ,
959 782 1086 840 omnino.
1117 785 1191 842 Tum
1211 783 1263 842 illa
1276 782 1355 842 sobri·

145 883 234 955 dens,
254 883 292 941 Et
310 903 366 959 quo
393 879 509 940 tandem
527 894 627 959 pacto,
657 880 770 958 inquit,
799 901 815 937 0
843 871 990 954 Socrates,
1018 901 1137 960 magnus
1166 881 1243 940 Deus
1263 879 1297 938 ab
1320 879 1357 936 his

145 980 276 1053 dicatur,
300 979 350 1058 qui
373 980 464 1037 Deum
490 977 572 1036 illum
603 998 660 1036 esse
689 979 819 1057 negant?
844 977 970 1051 Quinam
998 977 1045 1036 illi
1062 976 1197 1051 tandem,
1228 979 1356 1056 inquam?

146 1079 247 1152 Unus,
269 1078 382 1156 inquit,
410 1075 513 1134 1101111
537 1089 568 1134 11
588 1097 634 1148 es,
663 1074 752 1134 altera
775 1097 834 1156 ego.
877 1073 1019 1152 Equidem
1044 1095 1111 1134 vero
1138 1073 1285 1134 dicebam:
1313 1096 1359 1153 quo

146 1176 263 1236 tandem
282 1174 366 1234 modo
386 1174 439 1232 boc
459 1171 607 1233 affirmas?
626 1173 780 1233 Manifesto
790 1221 799 1248 ‚
819 1173 933 1252 inquit:
956 1194 1023 1232 nam
1046 1175 1197 1254 tumetipse
1212 1172 1357 1246 admisisti,

148 1289 278 1356 appetere
299 1293 420 1332 amorem
438 1271 539 1353 pulcra
557 1271 697 1346 0111010,
721 1270 955 1350 quandoquidem
979 1271 1016 1328 iis
1044 1285 1085 1331 est
1112 1271 1277 1342 destitutus,
1317 1273 1360 1329 His

148 1387 241 1432 autem
260 1371 426 1444 destitutus,
446 1370 497 1448 qul
517 1368 634 1428 tandem
654 1371 743 1449 possit
760 1371 836 1430 Deus
854 1371 936 1428 esse?
966 1367 1094 1428 Videsne
1115 1369 1222 1448 igitur,
1249 1383 1277 1428 te
1304 1370 1361 1428 item

149 1489 269 1550 negare,
291 1470 382 1528 Deum
401 1489 459 1526 esse
474 1469 619 1526 amorem?
639 1466 719 1542 Quid
733 1468 845 1546 igitur?
869 1467 987 1545 inquam
999 1452 1010 1520 :⁴
1028 1480 1106 1526 estne
1124 1466 1253 1526 mortalis
1272 1468 1360 1526 amor?
1418 1517 1419 1520 ,

149 1568 279 1629 Minime.
321 1565 378 1626 Sed
395 1563 467 1643 quid
485 1564 625 1624 tandem?
646 1566 687 1624 Ut
706 1565 852 1644 superiora
872 1561 942 1636 illa,
968 1563 1094 1622 medium
1115 1564 1187 1644 quid
1206 1566 1361 1624 1111011101-

149 1667 218 1726 talia
237 1679 264 1724 et
284 1662 462 1723 immortalia.
485 1661 563 1736 Quid
583 1663 671 1742 igitur
681 1709 690 1737 ‚
705 1662 853 1721 Diotime?
874 1662 1020 1735 Daemon,
1041 1683 1057 1720 o
1073 1661 1202 1722 Socrates
1212 1685 1361 1743 ,magnum

151 1778 178 1824 et
198 1784 265 1826 vero
284 1762 376 1822 omnis
393 1760 563 1820 daemonum
582 1775 684 1820 natura
702 1762 779 1820 inter
802 1757 904 1818 divina
923 1773 950 1818 et
970 1760 1101 1818 mortalia
1126 1773 1167 1818 est
1194 1761 1364 1821 intermedia.

149 1862 276 1940 Ecquam
295 1880 378 1935 vero,
399 1859 535 1936 inquam,
555 1859 615 1920 vim
634 1858 766 1918 habens?
787 1849 960 1936 Ἑρμηνεῦον
981 1855 1029 1916 καὶ
1049 1856 1275 1938 ὃιαπορθμεῦον
1296 1860 1366 1930 θεοῖς

126 1957 128 1964 ’
152 1954 188 2022 tri
215 1953 283 2042 παρ’
309 1950 480 2040 ἀνθρώπων
504 1955 552 2017 καὶ
579 1951 751 2040 ἀνθρώποις
770 1953 813 2019 eoi
840 1951 920 2039 nupti
947 1957 1045 2036 190010,
1074 1957 1135 2018 τῶν
1155 1954 1212 2036 μὲν
1233 1956 1287 2036 τὰς
1308 1955 1367 2041 rqu‘-

154 2083 210 2136 0ος
236 2060 283 2122 καὶ
309 2056 433 2134 θυσίας,
459 2058 522 2118 τῶν
548 2055 583 2118 δὲ
609 2052 662 2131 τὰς
684 2053 825 2132 ἐπιτάξεις
846 2081 876 2120 aa
898 2057 946 2119 καὶ
968 2054 1095 2138 &posticia
1114 2060 1176 2120 τῶν
1197 2061 1367 2124 decemvir

155 2157 234 2250 με’σῳ
256 2159 291 2224 δὲ
313 2157 347 2224 riv
368 2156 546 2242 ἀμφοτέρων
567 2163 748 2240 συμπληροῖ,
766 2154 840 2221 elota
855 2155 893 2222 ed
908 2161 968 2222 πᾶν
984 2157 1063 2235 011τόΙ
1078 2157 1160 2248 011101
1172 2162 1367 2234 ξυνδεδέσθαι.

156 2267 338 2343 interpretis
367 2275 396 2322 at
422 2271 580 2340 portitoris
598 2285 721 2321 moriere
731 2265 905 2345 fungitur,
928 2277 963 2322 ut
982 2267 1135 2324 hominem
1154 2289 1203 2325 ree
1223 2269 1369 2346 01111000,

156 2364 289 2423 Deorum
308 2365 347 2420 ad
365 2365 495 2420 homines
513 2370 726 2420 transmittat:
748 2364 871 2420 illorum
889 2365 1007 2441 quidem
1030 2385 1136 2441 preces
1159 2376 1188 2422 et
1206 2370 1368 2446 sacrificia,

156 2465 262 2522 borum
280 2471 518 2538 oeroprcecepta
536 2470 566 2518 at
583 2463 803 2537 carnficinam
823 2470 1096 2520 remunerationes:
1112 2470 1145 2520 in
1162 2466 1270 2522 inediis
1280 2475 1369 2524 autem

148 2569 447 2638 Δ0101000000010100,
459 2568 631 2618 universnm
642 2562 773 2636 complet,
785 2570 819 2616 ut
829 2568 927 2636 ipsum
938 2583 1035 2619 secum
1045 2568 1108 2640 ipso
1117 2573 1337 2624 cortnectoturn
1348 2561 1370 2640 1)

401 2754 450 2814 De
468 2765 578 2814 amoris
599 2766 722 2816 nature.
764 2757 814 2814 En
832 2759 1003 2838 indigentia
1022 2765 1133 2834 oritur.

197 2953 289 3012 Semel
308 2953 426 3031 ingressi
450 2951 634 3032 praeclarum.
651 2950 705 3011 hoc
725 2952 918 3032 colloquium,
939 2937 1020 3032 aegre
1040 2952 1219 3014 subsistimus
1248 2955 1371 3037 legendo.

159 3053 228 3110 Nam
245 3053 285 3110 sic
310 3064 458 3110 enarratur
482 3072 498 3109 a
526 3049 656 3123 Socrate,
678 3062 709 3106 ut
729 3049 784 3129 ipsi
813 3070 878 3107 cum
905 3051 1028 3108 Diutima
1056 3053 1261 3111 sermocinanti
1290 3052 1371 3114 veluti

158 3151 291 3210 interesse
311 3149 394 3207 nobis
414 3147 571 3208 videamur.
614 3147 829 3220 Veruntamen,
852 3160 882 3205 ut
901 3145 970 3205 haec
993 3161 1020 3206 et
1039 3149 1168 3229 proxima
1188 3151 1242 3208 rite
1267 3151 1372 3211 intelli-

159 3265 272 3326 gamus,
294 3244 432 3304 nonnihil
451 3245 504 3303 hoc
524 3244 586 3304 loco
605 3242 894 3303 animadvertendum
910 3245 1035 3304 videtur.
1066 3247 1103 3303 Et
1122 3247 1245 3326 primum
1264 3247 1372 3326 quidem

160 3342 228 3402 hinc
247 3356 325 3422 patet
343 3352 459 3400 nature
475 3343 594 3417 amoris,
615 3361 701 3420 quam
726 3361 886 3421 expressam
909 3343 965 3418 jam
986 3342 1111 3402 vidimus
1130 3344 1162 3402 in
1183 3345 1372 3427 Aristophanis

111 3497 112 3500 ,
151 3439 277 3516 1011110,
305 3460 444 3521 quamque
469 3441 528 3520 ipsa
554 3439 661 3499 deinde
689 3440 830 3513 Illumne,
862 3440 961 3498 sabuli
986 3441 1147 3500 enarrandi
1173 3442 1209 3501 de
1237 3444 1325 3502 Pania
1351 3453 1373 3498 01

127 3539 248 3630 Ῥ01·0,,
269 3533 431 3598 evidentius
451 3538 535 3608 etiam
558 3537 693 3598 declarat.
736 3537 781 3596 Ex
806 3539 977 3619 indigentia
1001 3539 1109 3613 oritur,
1135 3562 1194 3599 11011
1208 3541 1277 3618 illa,
1297 3559 1372 3622 quarn
1420 3547 1421 3582 l

161 3637 260 3696 Cicero
278 3651 305 3696 et
324 3636 412 3697 Stoici
430 3634 665 3716 reprehendunt,
686 3637 827 3694 honorum
845 3649 872 3692 et
890 3637 1095 3715 pecuniarum,
1117 3659 1188 3716 quae
1210 3652 1269 3698 tota
1285 3639 1372 3696 abesse

163 3733 199 3792 ab
217 3755 310 3794 amore
330 3749 357 3793 01
376 3735 502 3793 amicitia
533 3733 636 3808 debet,
657 3732 707 3792 sed
735 3753 771 3790 ex
799 3731 960 3812 indigentia
986 3746 1105 3792 naturae
1130 3751 1251 3796 nostrae.
1303 3737 1372 3794 Hinc

142 3815 144 3820 ι
163 3853 322 3912 comparare
341 3832 425 3893 nobis
443 3835 613 3907 studemus,
633 3853 706 3911 quae
726 3832 902 3913 appetimus:
930 3831 1000 3890 hinc
1021 3837 1122 3892 studio
1147 3836 1293 3915 praeclara
1321 3855 1370 3893 om·

163 3930 228 4004 nia,
250 3931 400 4011 inprimis
428 3931 522 4013 pulcri
550 3945 577 3990 01
604 3931 693 3989 boni:
714 3930 784 3989 binc
805 3941 905 4004 artes,
923 3931 1029 4009 quibus
1047 3933 1162 4013 explere
1183 3933 1255 3993 haec
1284 3932 1371 3992 studia

122 4059 125 4065 =
164 4048 315 4086 conamur:
343 4027 412 4088 binc
439 4031 499 4109 ipse
518 4028 589 4088 adeo
617 4029 717 4086 cultus
743 4026 877 4086 Deorum
885 4050 900 4098 ;
930 4049 997 4100 narn
1027 4030 1297 4111 1111011101101101010
1320 4051 1371 4089 non

164 4123 336 4199 sufficimus,
358 4129 397 4186 ita
417 4127 455 4186 ad
472 4128 546 4186 Deos
565 4127 746 4206 confugimus
764 4146 865 4205 eosque
889 4147 1036 4205 rogamus,
1058 4140 1089 4186 ut
1108 4142 1254 4208 praestent
1270 4127 1371 4199 nobis,

163 4243 234 4302 quae
260 4223 463 4284 desideramus.
508 4225 684 4306 Imaginibus
711 4223 781 4283 baec
808 4226 914 4304 magis,
943 4247 1027 4305 quam
1056 4226 1152 4287 verbis
1178 4241 1206 4286 01
1233 4224 1372 4288 sententiis

199 4447 223 4512 1)
241 4454 321 4519 Spmp.
341 4449 399 4501 202.
418 4450 448 4501 Ε.
