2872 5122
724 243 775 300 ‘ol
858 233 862 242 ’

136 423 223 469 estac
244 407 359 467 virtutis
379 407 459 464 ratio.
502 404 675 481 Quicunque
710 404 835 482 aliquem
863 403 932 462 colit
955 404 1008 462 bac
1031 423 1098 483 spe,
1121 416 1152 461 ut
1171 423 1233 481 eJus
1256 425 1362 464 consue-

134 508 237 568 tudine
266 505 375 564 melior.
395 503 444 561 fiat
474 516 501 594 et
531 502 706 581 sapientior,
733 501 877 562 laudatur.
930 500 1086 573 Similiter,
1117 502 1166 578 qui
1194 501 1364 584 gratificatur

135 606 236 678 alteri,
258 618 289 662 ut
309 601 346 661 ad
366 603 502 660 virtutem
521 599 670 679 proficiat,
686 600 816 677 quamvis
836 599 883 659 vel
903 600 1009 658 serviat
1023 601 1048 657 ei
1064 613 1182 680 sponte,
1198 613 1291 658 tamen
1311 621 1364 658 non
1423 639 1424 646 .

135 699 281 778 indecora}
292 704 354 778 ejus
372 700 495 758 habetur
514 699 645 756 servitus.
673 698 729 755 Hic
750 711 791 755 est
809 699 935 756 Uraniae
953 699 1029 756 Deae
1047 700 1146 769 Amor,
1164 697 1293 756 coelestis
1310 698 1364 778 ipse
1423 695 1424 706 ἢ

134 817 162 862 et
181 802 301 859 maxime
322 796 514 858 aestimandus
533 811 593 854 tum
613 795 736 874 singulis
754 809 814 854 tum
837 796 995 872 universis:
1018 815 1084 854 nam
1101 809 1245 854 amantem
1266 797 1365 876 pariter

134 915 162 960 et
183 913 306 966 amatum
328 897 365 957 ad
384 897 520 955 virtutem
540 894 639 967 ducit3
663 894 766 951 caeteri
785 893 931 972 vulgarem
953 908 1112 972 sequuntur
1132 895 1251 953 Deam.»
1268 891 1296 972 1)

174 998 255 1057 Talis
274 1011 332 1069 est,
355 1015 438 1072 quem
458 993 539 1052 Plato
558 992 733 1064 celebravit,
754 1013 849 1050 amor:
867 1013 919 1050 nec
936 993 1087 1070 quisquam
1105 993 1174 1052 haee
1193 991 1280 1051 facile
1299 992 1363 1071 lege·

133 1099 172 1155 rit
182 1097 283 1176 ,quin
304 1108 416 1152 nostrae
435 1091 555 1150 rationis
574 1104 601 1148 et
620 1090 754 1167 antiquae
773 1087 929 1148 discrimen
948 1089 1170 1174 animadvertat.
1209 1094 1365 1150 accommo-

136 1195 244 1255 darunt
262 1189 327 1250 euin
345 1191 411 1250 Itali
431 1196 530 1271 politae
547 1188 585 1246 ad
607 1186 795 1246 celebrandas
818 1169 1278 1269 amatassuas,etprofece1unt
1299 1188 1362 1248 inde

134 1292 255 1351 mirifice
275 1305 303 1351 et
320 1289 352 1348 hi
372 1304 399 1347 ct
419 1289 470 1347 alii
490 1287 574 1345 multi
595 1285 633 1344 ad
652 1283 855 1365 exprimendos
872 1306 958 1364 puros
978 1300 1005 1344 et
1023 1287 1160 1346 sublimes
1183 1301 1210 1346 et
1238 1287 1366 1346 coelestes

65 1375 69 1398 '
135 1375 207 1450 aileo
228 1391 388 1449 animorum
408 1408 524 1458 sensus,
546 1399 592 1442 eos
610 1381 794 1464 praesertim,
816 1383 865 1462 qui
883 1383 992 1463 puriori
1016 1387 1206 1445 convenirent
1225 1385 1365 1465 religioni.

83 1505 85 1514 ¹
135 1490 290 1549 Sed'amor
308 1485 385 1566 apud
415 1484 583 1554 Platonem,
605 1482 736 1561 quamvis
761 1482 821 1560 ipse
846 1479 975 1540 coelestis
1003 1498 1030 1542 et
1054 1485 1162 1565 pariter
1188 1482 1313 1544 tendens
1335 1483 1367 1542 ad

136 1590 224 1647 vitam
243 1587 354 1644 beatam
379 1597 406 1644 et
431 1582 597 1653 coelestem,
627 1579 664 1639 ad
677 1645 679 1652 Ι
687 1581 754 1657 pta·
766 1581 905 1654 [asophi
911 1600 965 1638 am
986 1584 1111 1660 pertinet
1139 1585 1292 1663 proxime,
1313 1605 1367 1645 non

136 1685 174 1744 ad
193 1685 369 1764 religionem.
420 1679 522 1738 Studet
551 1679 696 1738 sanctitati
723 1678 869 1756 integrae,
891 1677 942 1736 sed
971 1702 1049 1740 amor
1077 1678 1129 1761 est}
1149 1683 1263 1762 proprie
1293 1682 1367 1754 veri,

58 1773 60 1779 ’
135 1781 381 1856 boni,ui1·tutis‚
403 1780 435 1836 in
450 1779 550 1858 primis
572 1776 738 1857 sapientiae.
760 1767 1013 1854 (Dpdvqotg,'ait
1032 1778 1176 1854 Socrates,
1198 1781 1219 1838 si
1242 1781 1366 1861 conspici

135 1905 150 1941 a
171 1880 339 1962 mortalibus
362 1890 474 1958 posset,
496 1874 680 1934 admirabiles
711 1877 755 1934 sui
781 1878 919 1936 excitaret
945 1897 1060 1936 amores.
1085 1875 1117 1958 2)
1136 1879 1235 1958 Itaque
1259 1879 1368 1937 amabat

135 1980 185 2039 ille
206 1979 418 2048 adolescentes,
440 1975 611 2052 inquorum
631 1973 756 2052 ingeniis
778 1974 866 2034 latere
887 1965 1069 2056 φρόνησις
1091 1976 1255 2050 videretur,
1277 1977 1367 2056 {quam

135 2082 167 2138 in
186 2079 279 2136 lucem
296 2074 453 2156 producere
473 2071 628 2130 miscendis
648 2071 829 2131 sermonibus
848 2078 990 2138 studebat.
1033 2081 1091 2140 Hos
1111 2069 1258 2134 mordenti
1287 2096 1369 2136 voca·

140 2177 190 2236 bat
204 2197 266 2249 sua,
286 2191 438 2286 eorumque
455 2171 605 2230 inanimis
625 2161 776 2244 ἀντέρωτα
797 2174 954 2251 excitabat,
970 2192 1001 2236 ut
1019 2178 1112 2258 ipsum
1136 2191 1262 2236 amarent
1284 2177 1368 2236 vicis-

133 2275 187 2358 sim
216 2287 351 2352 tanquam
381 2261 509 2388 ipaurpv
537 2290 628 2328 suum.
668 2263 848 2348 Ωγενναῖε,
879 2273 952 2333 dicit
974 2274 1118 2335 Alcibiadi
1137 2274 1368 2344 adolescentulo,

132 2347 314 2451 nilupyori'
300 2363 360 2482 α’ροι
382 2363 399 2430 ὁ
422 2365 496 2447 ἕμος
518 2363 594 2449 ἐριος
615 2366 702 2432 oridia
724 2369 885 2446 διοίσει,
860 2395 885 2432 ee
904 2367 984 2452 παρά
1000 2395 1045 2434 σοι
1059 2367 1258 2447 ἐννοοττεύοος
1274 2369 1368 2454 ἔρωτα

132 2468 311 2552 οπόπτερον,
333 2465 392 2532 aino
414 2466 520 2533 τούτου
542 2466 627 2532 πάλιν
649 2467 870 2554 θεραπεύοιτο.
892 2459 924 2556 3)
954 2476 1035 2536 Idem
1062 2491 1103 2535 est
1125 2478 1174 2536 hic
1192 2498 1297 2552 amor,
1318 2496 1368 2554 quo
1429 2533 1430 2550 ,

133 2567 321 2657 Pythagoram
341 2575 510 2655 Pythagorei
540 2575 619 2636 ethi
648 2591 734 2636 semet
763 2577 890 2636 invicem
917 2575 1181 2655 prosequebantur:
1205 2573 1284 2634 idem
1295 2576 1367 2652 ,qui

132 2679 165 2735 in
184 2674 269 2738 rebus
288 2673 415 2754 politicis
434 2673 472 2732 ad
487 2673 687 2756 prudentiam,
709 2675 741 2733 in
757 2674 932 2734 militaribus
950 2673 988 2732 ad
1005 2673 1223 2746 fortitudinem,
1241 2674 1270 2732 in
1295 2674 1367 2732 omni

134 2775 210 2834 vitae
232 2793 334 2852 genere
350 2771 387 2831 ad
403 2771 539 2830 virtutem
553 2772 678 2832 ducebat
696 2787 724 2831 et
740 2767 928 2853 sapientiam:
951 2771 1081 2832 diversus
1096 2773 1367 2853 sanemaimopere
1430 2821 1431 2826 ,

133 2895 148 2931 a
175 2871 364 2929 foeminarum
391 2889 502 2944 amore,
532 2891 653 2948 quocum
683 2871 826 2930 confundi
855 2871 934 2930 solet.
962 2868 993 2950 4)
1031 2869 1272 2930 Excludebantur
1302 2868 1368 2929 adeo

134 2970 294 3042 foeminae,
315 2969 415 3048 paucis
435 2982 546 3028 tantum
565 2969 701 3048 exceptis.
744 2969 802 3026 Nec
827 2989 895 3028 vero
915 2968 968 3026 hae
987 2987 1093 3048 peraeae
1112 2982 1194 3027 erant
1213 2968 1367 3040 formosae,

134 3083 165 3126 ut
185 3070 291 3128 formae
309 3065 488 3146 p‘otissimum
506 3068 753 3128 commendatione
770 3066 874 3147 dignae
893 3068 1126 3128 existimarentur
1149 3087 1221 3144 quae
1241 3081 1367 3129 amarent

135 3181 162 3224 et
178 3179 358 3238 amarentur3
382 3162 432 3222 sed
451 3185 528 3241 quae
543 3165 660 3244 ingenio
679 3179 856 3244 praestarent
875 3179 903 3223 et
922 3166 1079 3246 sapientiae
1103 3164 1261 3224 studerent.
1302 3165 1368 3224 Erat

138 3265 196 3322 fere
218 3263 303 3320 unice
324 3263 541 3320 adolescentum
561 3284 656 3336 amor,
677 3259 883 3344 naidepuoria,
903 3284 1023 3343 quorum
1042 3263 1149 3343 quippe
1169 3276 1271 3322 natura
1290 3278 1319 3322 et
1327 3264 1367 3321 in·

134 3361 213 3420 doles
234 3361 339 3440 magis,
367 3380 452 3438 quam
479 3362 687 3437 foeminarum,
717 3363 754 3422 ad
780 3373 879 3424 'verum
906 3361 1130 3440 inquirendum,
1160 3361 1196 3420 ad
1224 3361 1368 3422 doctrinas

168 3620 193 3706 1)
211 3641 291 3708 Symp.
311 3639 368 3690 180.
387 3640 415 3692 G.
430 3672 460 3680 -
477 3641 534 3694 183.
550 3643 577 3695 Ο.
596 3645 634 3698 De
648 3646 749 3697 Venere
765 3644 864 3713 vulgari
880 3651 905 3694 et
920 3642 1027 3692 coelesti
1041 3641 1092 3692 vid.
1107 3639 1262 3691 Plutrlmnt.
1272 3639 1366 3692 70111-
1429 3657 1431 3716 j

136 3725 174 3777 Ol.
201 3723 308 3775 76211.
330 3727 372 3776 ubi
395 3727 582 3803 abilegyptiis
606 3731 670 3781 hane
688 3731 830 3783 doctrinam
844 3729 944 3794 repetit.
981 3727 1043 3777 llinc
1063 3727 1170 3778 maxime
1188 3734 1272 3792 patet,
1302 3742 1366 3794 quo-

135 3811 213 3863 modo
227 3809 321 3862 Graeci
331 3814 464 3864 orientalia
477 3814 510 3865 ad
524 3830 594 3866 suam
605 3817 730 3867 rationem
745 3813 968 3866 accommodarint.
985 3810 1023 3862 Gl.
1037 3813 1162 3878 lteyadere
1172 3810 1203 3861 ad
1220 3811 1243 3861 h.
1259 3811 1276 3862 l.
1289 3829 1313 3878 p.
1327 3811 1364 3860 tt.

168 3894 194 3959 2)
214 3895 320 3950 Phaedr.
336 3897 394 3950 250.
411 3898 441 3950 D.

169 3978 195 4046 3)
213 3982 292 4050 plcet
312 3985 331 4034 l.
348 3982 404 4034 135.
421 3984 450 4034 E.

169 4065 194 4132 l)
214 4060 341 4120 Plutarch.
357 4069 438 4119 Amat.
455 4069 512 4121 750
525 4070 553 4122 c
573 4056 719 4170 ἀληθινοῦ
740 4061 775 4125 δὲ
790 4057 918 4146 ’Ἑρωτος
939 4055 1041 4122 ουδ’
1023 4060 1120 4124 orteia
1140 4059 1181 4146 τῇ
1201 4055 1364 4140 γυναικωνί-

135 4154 193 4214 τιδι
214 4148 360 4232 μέτεστιν,
384 4149 483 4214 000Η
468 4155 606 4242 appius
575 4149 594 4215 ai
593 4155 653 4234 μᾶς
675 4149 767 4237 ἔγωγέ
788 4178 865 4237 φημι
887 4148 956 4227 τούς
975 4151 1085 4233 γυναιξὶ
1105 4144 1364 4234 προπεπονθότας

135 4239 347 4327 quaeritante
381 4258 475 4309 Veneri
493 4259 542 4310 1ιοο
553 4259 701 4312 tribuebant
715 4269 835 4322 veteres
861 4275 912 4311 nou
925 4275 1021 4322 amors
1045 4257 1140 4324 quippe.
1155 4272 1211 4308 cum
1224 4254 1363 4321 voluptati

136 4348 183 4400 bus
200 4347 372 4413 conjunctum
410 4325 518 4410 Έρως
555 4327 631 4413 yoip,
664 4328 789 4414 εὐφυοῦς
821 4331 869 4392 καὶ
899 4325 964 4402 νὲας
995 4329 1099 4412 ψυχῆς
1129 4323 1296 4408 ἁψάμενος,
1327 4348 1362 4396 tec

137 4427 244 4514 οἶοετὴν
265 4427 314 4493 diri
337 4427 434 4512 φιλίας
455 4428 581 4514 τελευτᾷ.
