2832 5120
711 265 771 327 214

126 427 227 502 cessit,
265 428 491 506 monstravitque
521 428 554 486 in
583 428 746 489 dialemicis
775 428 916 510 dialogis,
956 429 1063 510 quibus
1093 429 1214 506 studiis,
1243 432 1329 512 quibus

125 527 230 586 mentis
259 526 464 602 facultatibus,
495 525 603 607 quibus
622 526 808 608 disciplinis,
838 549 895 606 qua
915 529 1067 610 inprimis
1087 529 1221 590 methodo
1238 532 1272 592 ad
1288 552 1330 590 ue-

126 645 189 684 rum
208 626 245 686 sit
263 625 504 707 perveniendum.
547 623 751 686 successerunt
769 624 816 687 his
835 625 958 706 dialogis
978 627 1112 708 politici,
1142 629 1175 687 in
1193 629 1290 707 quibus
1305 629 1332 688 de

117 731 205 801 justo
234 724 291 802 egit
321 723 414 803 deque
443 723 621 799 virtutihus,
652 747 724 805 quae
752 725 791 786 ad
821 726 910 787 vitam
940 739 1016 786 recte
1043 723 1204 806 degehdam
1231 741 1331 808 apteque

126 821 384 882 administrandam
414 823 562 884 civitatem
592 825 790 902 requiruntur.
831 825 883 884 Est
903 825 973 882 haee
994 824 1081 904 plane
1102 825 1214 904 ingenii
1231 825 1333 884 humani

126 921 302 1002 progressio,
332 922 415 998 cujus
434 921 513 1001 apud
531 920 673 981 Buconem
689 937 717 982 et
734 921 1008 1002 Encyclopaedistas
1026 921 1108 982 nulla
1127 921 1251 981 hahetur
1269 923 1333 982 ratio.

48 1047 50 1052 ·
118 1019 198 1084 ,Nam
218 1026 391 1099 praeparant
420 1040 472 1078 nos
492 1033 584 1094 artes,
613 1033 645 1078 ut
664 1019 719 1078 rite
737 1020 879 1100 possimus
897 1019 1079 1099 gravioribus
1098 1019 1263 1100 disciplinis
1281 1040 1335 1100 ope-

125 1139 185 1177 ram
204 1136 330 1190 navare,
350 1129 435 1195 atque
454 1115 501 1176 his
519 1117 646 1177 instituti
667 1131 695 1177 et
715 1118 796 1196 quasi
815 1116 961 1178 nutritiae
971 1116 1167 1193 corroborati,
1189 1119 1229 1176 sic
1240 1117 1335 1176 demum

124 1235 272 1296 possumus
300 1214 334 1272 in
363 1213 449 1272 rebus
475 1214 615 1275 civilibus
643 1227 709 1295 apte
729 1215 878 1278 consulere
909 1214 1024 1274 civibus
1044 1215 1158 1275 nostris.
1201 1215 1241 1274 Ut
1259 1230 1335 1275 autem

126 1314 178 1373 ille
207 1311 380 1386 scribendo,
410 1326 511 1393 sponte
543 1314 583 1372 sic
614 1314 681 1388 suh,
712 1327 831 1372 naturae
851 1313 928 1373 viam
948 1326 976 1371 et
995 1315 1223 1393 progressionem
1242 1328 1335 1373 secutus

127 1426 168 1471 est
177 1457 187 1486 ,
218 1411 259 1469 ita
277 1411 311 1470 in
331 1411 501 1472 crudiendis
516 1411 694 1490 juvenibus,
725 1433 796 1491 quos
814 1410 932 1478 summis
950 1410 983 1469 in
1002 1431 1032 1470 re
1053 1411 1172 1492 publiea
1197 1411 1337 1472 honoribus

126 1509 309 1583 destinabat,
341 1508 408 1568 tata
436 1511 523 1590 opera
551 1511 678 1590 primum
704 1509 740 1570 de
771 1509 903 1570 sensibus
930 1507 1091 1588 studiisque
1118 1531 1149 1568 ac
1169 1509 1339 1570 facultatibus

125 1593 312 1687 disquisivit,
341 1606 447 1686 quibus
475 1608 596 1688 puerilis
613 1622 689 1668 aetas
709 1609 832 1687 insignis
849 1620 910 1681 est,
941 1605 1069 1702 indeque
1087 1622 1218 1668 naturam
1236 1617 1340 1666 ortium

25 1708 30 1718 '
127 1727 279 1788 earumque
304 1719 332 1764 et
352 1706 493 1764 rationem
513 1720 541 1765 et
560 1707 738 1787 propositum
759 1705 875 1786 repetiit
895 1718 980 1783 atque
998 1704 1175 1766 illustravit:
1207 1720 1266 1765 tum
1284 1727 1342 1767 vero

127 1802 256 1864 excultos
285 1802 337 1864 hos
365 1804 472 1885 puerili
500 1805 703 1880 institutione,
735 1803 900 1884 disciplinis
920 1801 1107 1879 eruditurus,
1137 1804 1343 1884 eprovectioris

127 1903 227 1962 aetatis
254 1902 359 1962 studiis
387 1902 630 1982 facultatibusque
658 1917 686 1962 et
714 1902 776 1962 veri
804 1902 837 1960 in
856 1901 957 1982 primis
976 1915 1089 1976 amore,
1120 1903 1343 1979 disciplinarum

123 2001 235 2082 pariter
264 2015 292 2060 et
319 2003 528 2060 doctrinarum
560 2015 711 2076 naturam,
743 2001 883 2072 rationem
900 1999 1134 2080 propositumque
1153 2001 1261 2060 effecit:
1289 2015 1343 2059 tan·

127 2098 265 2178 demque,
288 2113 338 2174 ut,
360 2098 431 2178 quid
450 2101 520 2181 ipsis
540 2113 611 2158 esset
631 2099 790 2180 aliquando
809 2099 841 2157 in
862 2099 979 2158 civitate
994 2099 1157 2178 agendum,
1179 2099 1344 2172 declararet,

127 2196 163 2258 de
183 2199 288 2258 maturi
308 2198 435 2260 hominis
453 2198 485 2256 in
506 2198 624 2258 civitate
642 2196 746 2258 officiis
765 2180 981 2274 virtutibusque
1001 2198 1144 2274 quaesivit
1154 2243 1163 2273 ‚
1184 2197 1344 2277 quodoctn'·

127 2317 231 2356 uarum
247 2297 479 2376 gravissimarum
489 2342 499 2372 ,
519 2317 591 2376 quae
615 2298 727 2376 justum
745 2308 896 2377 spectant,
916 2295 1078 2352 moralium
1088 2341 1097 2370 ,
1119 2297 1345 2356 utnohisdicun·

126 2407 193 2468 tur,
215 2408 243 2453 et
259 2397 456 2472 politicarum
477 2395 537 2454 vim
555 2408 582 2453 et
600 2395 740 2472 rationem
760 2393 861 2452 effecit.
903 2393 1023 2467 Nescio,
1045 2393 1119 2472 quid
1137 2394 1188 2454 alii
1209 2396 1344 2470 sentiant5

127 2490 200 2550 mihi
219 2491 356 2572 quidem,
376 2491 447 2551 hacc
468 2491 685 2566 consideranti,
706 2492 867 2570 ordineque
887 2489 995 2570 legenti
1014 2492 1127 2572 saepius
1146 2504 1239 2552 totum
1258 2493 1345 2552 Plato-
1406 2491 1407 2498 '

127 2609 194 2648 nem
205 2635 214 2664 ,
235 2589 340 2668 subjici
359 2590 441 2668 quasi
461 2588 553 2648 oculis
573 2589 710 2663 uidetur,
732 2611 792 2648 non
810 2587 896 2648 arbor
910 2588 1114 2664 scientiarum,
1134 2611 1207 2670 quae
1229 2591 1345 2674 scholam

128 2686 258 2761 redolet,
289 2686 340 2748 sed
360 2688 587 2768 encyclopuodio
597 2733 606 2761 ,
627 2686 678 2746 sed
698 2685 839 2766 ejusmodi
858 2685 1105 2768 encyolopaedia,
1124 2709 1184 2766 ,qua
1204 2702 1232 2748 ct
1250 2691 1346 2748 artium

131 2787 264 2846 universe
293 2807 324 2844 ao
353 2784 550 2848 doctrinarum
579 2785 736 2846 discrimen
754 2799 782 2844 et
802 2798 986 2864 utrarumque
1007 2785 1187 2864 singularum
1207 2802 1307 2847 natura
1325 2799 1348 2844 et

129 2885 308 2965 propositum
326 2888 410 2962 atquc
430 2885 523 2944 omnis
543 2884 663 2944 illarum
680 2884 761 2963 quasi
778 2886 857 2942 orbis
877 2895 1083 2966 exponuntur,
1105 2884 1297 2964 dooemmque
1315 2885 1346 2944 si·

129 2983 210 3059 mul,
231 2983 309 3062 quod
329 3004 464 3062 quaerere
484 3004 582 3044 omnes
592 2991 607 3058 ,'
622 2982 672 3061 qui
692 2995 766 3042 artes
783 2980 986 3058 doctrinasque
995 2994 1137 3058 tractant,
1159 2984 1285 3064 primum
1297 3004 1348 3042 ma·

128 3083 262 3166 ximeque
283 3081 407 3156 debent,
428 3101 500 3159 quae
511 3082 589 3158 justa
606 3101 658 3161 per
678 3079 889 3139 illashominis
907 3075 1056 3138 παιδεία
1076 3083 1131 3156 sit,
1153 3096 1185 3141 ut
1196 3083 1228 3142 in
1239 3083 1348 3143 civitate

130 3200 179 3238 sua
199 3179 238 3238 sic
258 3180 339 3240 vivat
358 3193 478 3258 agatque
494 3178 669 3257 aliquando,
692 3179 783 3242 utiet
801 3179 896 3240 civem
915 3180 1024 3240 bonum
1040 3202 1072 3240 ac
1093 3181 1241 3242 custodem
1251 3195 1279 3240 et
1288 3202 1345 3262 per·
1406 3167 1407 3218 3

129 3277 237 3336 fectum
255 3278 382 3338 civitatis
402 3277 621 3358 gubernatorem
640 3276 731 3336 decet.
751 3317 786 3327 -
807 3277 875 3336 Late
893 3277 947 3338 hoc
969 3293 1167 3360 argumentum
1188 3293 1285 3360 patet,
1305 3293 1346 3352 et,

130 3374 271 3454 siquando
300 3376 346 3435 his
365 3373 616 3453 disquisitionibus
634 3389 721 3434 totam
739 3376 879 3437 fuerimus
898 3376 1026 3438 Platonis
1044 3376 1259 3458 philosophiam
1277 3399 1347 3439 com·

129 3472 229 3554 plexi,
259 3486 360 3557 sponte
389 3495 439 3532 sua
467 3473 585 3532 lectores
611 3474 687 3532 hano
709 3473 769 3533 siv'e
791 3473 1044 3556 encyclopaediam
1062 3476 1123 3535 sive
1143 3474 1349 3558 philosophiam

56 3595 59 3604 ·
130 3571 234 3632 nostris
252 3571 429 3654 temporibus
448 3570 721 3648 accommodabunt5
744 3571 863 3632 sedhic
884 3594 944 3632 rem
961 3573 1164 3648 adumbrasse,
1185 3576 1224 3635 ad
1241 3593 1348 3654 eamque

130 3668 365 3752 philosophorum
384 3670 479 3734 studia
499 3670 677 3730 convertisse
696 3669 829 3734 sufficiat.

138 3785 143 3800 ¹
170 3767 263 3848 Ergo,
292 3791 431 3850 quaenam
458 3770 513 3842 sit,
535 3788 619 3846 quam
650 3769 846 3848 exquirimus,
875 3770 1048 3852 philosopha
1078 3785 1201 3844 natura,
1222 3772 1347 3852 quodque

131 3885 190 3924 esse
218 3880 245 3925 et
263 3866 348 3945 quale
367 3867 501 3927 videatur
521 3867 626 3924 artium
647 3867 774 3928 omnium
794 3883 822 3928 ct
842 3867 1066 3951 disciplinarum
1085 3881 1236 3932 commune
1255 3871 1347 3931 vincu-

56 4039 63 4048 .
89 3961 92 3968 ’
132 3962 212 4038 ium,
244 3978 275 4023 ut
302 3963 426 4024 Socratis
444 3987 496 4024 nos
516 3963 679 4024 docuerunt
697 3987 763 4026 cum
782 3966 937 4027 Adimanto
955 3988 1118 4043 sermones,
1149 3969 1191 4026 ita
1211 3965 1346 4028 Ciceronis

131 4061 289 4123 illustravit
305 4063 472 4144 exemplum
481 4108 497 4144 ,Ι
511 4065 562 4143 qui
582 4077 639 4121 tam
660 4064 720 4126 vita
740 4064 901 4144 studiisque
920 4087 1004 4145 quam
1022 4067 1137 4147 scriptis
1155 4065 1283 4126 Platonis
1292 4061 1346 4146 phi·

131 4158 291 4241 losophiam
319 4161 526 4242 comprobavit.
567 4163 626 4222 Nec
654 4152 807 4222 mirabitur
821 4166 881 4242 jam
899 4164 1069 4243 quisquam,
1101 4165 1266 4244 cuicunque
1285 4159 1345 4222 insit

132 4257 246 4319 indoles
273 4258 396 4334 haecce,
426 4260 568 4320 omnium·
582 4259 675 4320 eidem
706 4261 798 4322 inesse
817 4263 921 4322 artium
942 4261 1194 4342 doctrinarumque
1213 4280 1344 4329 amorem,

135 4371 184 4432 ut,
216 4357 299 4418 nullia
324 4347 486 4434 contemti,
516 4381 566 4419 suo
587 4361 714 4442 singulas
733 4361 841 4422 honore
860 4360 981 4436 habeat,
1004 4362 1148 4422 universis
1165 4361 1237 4421 adeo
1257 4358 1343 4442 perlu-

132 4453 234 4515 bcuter
260 4457 382 4519 studeat.
424 4459 495 4518 Nam
523 4479 588 4518 cum
614 4480 712 4520 omnes
731 4457 872 4530 fluxerint
891 4479 927 4518 cx
946 4459 1063 4540 optimis
1081 4461 1254 4541 optimorum
1273 4459 1342 4535 iuge·
