2908 5114
741 287 803 350 380

151 444 224 522 lud,
254 463 284 508 ut
312 449 459 510 Platonico
484 451 692 524 enuntiemus,
718 459 829 510 iccirco
851 471 904 510 not
932 459 1105 530 opinare·
1115 453 1207 526 fere,
1237 475 1295 510 non
1316 473 1376 510 vero

152 554 279 620 seire,
301 554 441 625 quianon
460 549 623 626 illue,quo
641 557 772 625 oportet,
784 557 895 608 rorentis
913 550 1218 609 oculumeoneeraum
1238 552 1379 608 habemur.

192 645 273 704 Nihil
293 667 345 705 nos
362 645 542 706 detrahimus
560 646 768 707 excellentium
778 691 787 721 ,
808 667 880 725 quos
900 645 1052 720 diximus,
1072 645 1313 728 philosophorum
1329 645 1380 705 lau·

151 740 248 802 dibus.
290 743 425 803 Fatemur
441 745 568 824 ingenue
579 791 587 819 ,
608 743 731 804 mirifice
749 745 835 804 nobis
855 743 998 826 placuisse
1016 744 1077 802 fere
1098 765 1163 802 cum
1183 743 1290 803 Kantii
1311 743 1380 802 illam

152 838 296 912 insulam,
321 861 446 919 quacum
465 861 555 921 purae
574 841 696 900 rationis
714 841 787 900 fines
807 843 1003 922 comparavit,
1034 853 1096 899 tum
1115 843 1206 922 magis
1223 842 1311 899 etiam
1330 861 1381 898 mo-

153 951 324 996 numentum
353 938 579 1018 inscriptionum
608 941 747 999 varietate
776 940 964 1019 conspicuum
992 939 1305 1012 Hemsterhusianum‚
1334 959 1382 1015 quo

152 1033 177 1092 is
196 1047 376 1113 praesentem
402 1049 528 1096 nostram
548 1037 741 1118 cognoscendi
762 1036 930 1096 facultatem
947 1037 1162 1096 determinavit.
1207 1036 1320 1110 Quodsi
1337 1035 1381 1093 uti·

153 1132 221 1191 litas
239 1133 352 1213 agitur,
380 1154 453 1211 quae
481 1135 519 1194 ad
538 1137 616 1195 vitae
637 1157 740 1209 usum,
770 1134 808 1193 ad
827 1136 882 1194 rite
908 1133 1103 1193 excolendum
1123 1133 1274 1192 hominem
1295 1153 1311 1190 e
1329 1132 1381 1212 phi·

154 1227 285 1309 losophia
303 1231 446 1313 capienda
467 1247 526 1307 est,
545 1235 681 1311 majorem
701 1231 834 1310 equidem
857 1231 1076 1309 uberioremque
1095 1251 1109 1289 e
1131 1231 1320 1311 philosophia
1330 1231 1382 1288 Pla·

153 1327 249 1400 tonis,
280 1349 365 1405 quam
393 1349 431 1390 ex
460 1329 506 1389 his
537 1330 656 1389 illorum
682 1329 920 1411 philosophorum
949 1329 1084 1410 placitis,
1116 1329 1230 1410 percipi
1258 1329 1381 1388 dixerim.

154 1425 226 1484 Nam
248 1425 318 1484 utile
348 1428 468 1488 omnino
498 1429 645 1510 negotium
676 1442 734 1503 est,
764 1427 837 1508 quid
857 1441 1026 1507 cognoscere
1052 1425 1213 1507 possimus,
1242 1426 1316 1506 quid
1333 1447 1382 1486 non

153 1523 312 1603 possimus,
332 1522 496 1584 describere
514 1542 664 1602 accurate,
691 1548 748 1606 quo
766 1527 856 1606 magis
876 1524 914 1584 ab
934 1523 1100 1583 affirmandi
1121 1525 1304 1599 temeritate,
1321 1543 1382 1603 quae

152 1622 214 1680 fere
234 1635 276 1682 est
290 1621 532 1703 philosophorum
543 1627 679 1705 propria,
691 1626 905 1699 abstineamus3
926 1621 978 1681 sed
996 1620 1212 1697 demonstrare,
1232 1622 1307 1700 quid
1316 1641 1384 1680 caus·

153 1739 199 1777 sae
218 1721 274 1793 sit,
295 1742 348 1780 cur
368 1743 441 1800 quae
461 1724 574 1804 possint
591 1743 760 1802 cognoscere
779 1720 931 1796 mortales,
948 1740 1009 1778 non
1026 1719 1202 1797 exquirant,
1218 1733 1283 1778 tum
1300 1721 1383 1792 etiam

153 1816 394 1893 quemadmodum
415 1840 447 1878 ea
465 1819 608 1879 facillima
634 1821 746 1879 ratione
767 1840 833 1878 cum
853 1817 1006 1898 exquirere
1036 1815 1142 1876 iisdem
1160 1815 1249 1876 liceat
1267 1832 1329 1877 tum
1344 1818 1383 1874 in·

154 1913 273 1990 venire,
295 1914 346 1989 id,
364 1918 504 1995 inquam,
524 1917 719 1977 demonstrare
738 1919 873 1994 viamque
891 1936 948 1995 qua
966 1935 999 1973 eo
1017 1915 1207 1993 perveniatur
1227 1914 1382 1984 ostendere,

153 2010 268 2089 majoris
289 2012 374 2071 etiam
392 2033 452 2073 esse
472 2028 500 2073 et
518 2035 643 2073 summae
675 2014 811 2073 utilitatis
841 2011 969 2073 videtur.
1011 2010 1174 2089 Utrumque
1196 2027 1294 2072 autem
1311 2033 1382 2092 prae-

153 2109 228 2168 stitit
248 2109 333 2169 nobis
353 2109 444 2171 Plato.
487 2113 552 2170 Non
571 2133 616 2171 res
633 2111 705 2186 ille,
725 2110 872 2190 quamde
893 2107 1003 2168 mundo
1021 2105 1123 2193 νοητῷ
1143 2123 1255 2190 ageret,
1276 2120 1309 2167 ut
1324 2109 1382 2182 alii,

152 2208 289 2286 respexit.
332 2207 397 2266 Non
414 2208 503 2267 finxit
523 2209 555 2266 in
575 2208 714 2288 spelunea
733 2208 942 2285 homines,qui
964 2208 1100 2288 caliginis
1117 2209 1219 2267 caussa
1237 2209 1289 2266 vix
1307 2205 1383 2288 quid-

153 2324 241 2380 quam
259 2305 480 2385 conspicerent:
502 2304 581 2383 quod
601 2306 634 2364 in
654 2305 776 2364 aliorum
797 2304 921 2383 quadrat
939 2305 1181 2387 philosophorum
1201 2305 1326 2386 placita,
1341 2304 1381 2381 qni
1447 2337 1448 2340 =

151 2421 258 2458 rarum
279 2401 443 2460 conditioni
463 2402 601 2460 obscurae
618 2416 647 2461 et
674 2404 858 2478 reconditae,
879 2423 939 2462 non
958 2405 1089 2464 hominia
1106 2405 1237 2484 torpori,
1258 2405 1381 2484 ignoran-

151 2497 222 2553 tiam
240 2496 375 2556 tribuunt
392 2497 559 2558 humanam.
601 2500 637 2557 In
654 2500 754 2559 fabula
780 2501 911 2560 Platonis
930 2502 1006 2580 ignis
1033 2502 1113 2560 adest
1133 2503 1293 2576 continuo,
1313 2499 1380 2558 adest

153 2593 287 2673 lucetque
316 2594 373 2652 sol:
396 2595 548 2681 finguntur
576 2617 644 2656 vero
672 2598 781 2676 captivi
816 2619 870 2656 nec
890 2597 928 2656 ad
946 2599 1043 2678 ignem
1063 2619 1116 2658 nec
1132 2597 1170 2658 ad
1191 2596 1281 2656 solem
1300 2595 1377 2656 oculis

152 2693 304 2765 conversi,
322 2691 431 2772 quippe
459 2693 570 2772 captivi
599 2707 626 2752 et
650 2694 780 2753 vinculis
809 2694 951 2769 cohibiti,
983 2697 1156 2774 quominus
1176 2694 1214 2756 ab
1237 2691 1339 2752 umbris
1354 2711 1376 2748 se

155 2787 194 2847 ad
212 2790 309 2867 ignem
325 2802 498 2850 convertant
515 2790 731 2870 escendentque
752 2813 766 2850 e
786 2793 910 2850 carceris
928 2791 1058 2851 tenebris
1076 2792 1114 2852 ad
1132 2794 1227 2874 ipsum
1248 2789 1377 2849 solemad·

153 2884 349 2966 spiciendum.
391 2886 482 2946 Plane
504 2887 536 2947 id
556 2889 696 2948 convenit
727 2887 931 2969 philosophiae
958 2889 1135 2949 Platonicae.
1178 2892 1334 2970 Opinamur
1348 2885 1376 2944 de

153 2985 283 3044 Platonis
313 2987 458 3044 sententia
478 3000 505 3045 et
533 2989 677 3061 erramus,
708 3008 768 3045 non
788 2987 858 3065 quia
886 2988 946 3045 lato
966 2986 1051 3046 nohis
1079 2987 1242 3047 destinatae
1259 2984 1376 3045 tenebrae

153 3097 222 3144 sunt
233 3128 242 3157 ,
263 3083 310 3142 vel
339 3096 509 3163 propterea,
535 3083 614 3162 quod
642 3085 698 3164 ipsi
718 3083 820 3145 videre
845 3105 906 3144 non
925 3105 1094 3165 possumus3
1124 3086 1175 3145 sed
1196 3086 1250 3144 hac
1270 3083 1377 3143 maxime

153 3201 268 3253 caussa,
286 3179 365 3258 quod
384 3180 483 3241 oculos
510 3181 650 3241 habemus
672 3203 731 3242 non
758 3182 796 3242 ad
817 3181 931 3258 lucem,
949 3203 1022 3262 quae
1041 3181 1141 3257 adest,
1161 3184 1181 3242 i.
1202 3204 1227 3243 e.
1249 3182 1285 3242 ad
1303 3201 1377 3239 mun-

154 3278 226 3337 dum
242 3271 364 3357 νοητόν,
390 3277 428 3338 ad
448 3277 546 3354 ideas,
563 3279 614 3338 sed
642 3278 680 3339 ad
708 3279 844 3339 tenebras
874 3281 1055 3359 insertasque
1086 3279 1202 3341 umbras
1220 3297 1377 3347 conversos,

155 3378 328 3458 umbrasque
348 3380 416 3438 istas
435 3391 463 3436 et
477 3376 610 3436 tenebras
631 3377 691 3436 luci
712 3379 925 3459 anteponimus.

194 3476 230 3536 Id
249 3497 335 3558 supra
356 3497 408 3536 nos
436 3475 574 3534 docuerat
600 3476 682 3535 Plato
704 3473 751 3555 l);
780 3497 860 3536 nunc
883 3497 952 3539 vero
971 3477 1106 3552 demum,
1128 3477 1159 3534 ni
1187 3475 1287 3550 fallor,
1306 3471 1377 3532 intel·

154 3573 279 3656 ligimus.
311 3576 382 3634 Nam
411 3573 528 3634 disertis
549 3573 581 3633 id
613 3573 710 3633 verbis
742 3575 806 3654 ipsa
826 3574 976 3635 oculorum
1002 3587 1030 3634 et
1058 3574 1163 3634 mentis
1181 3573 1378 3655 comparatione

153 3674 344 3752 significavit:
366 3672 454 3754 quod'
467 3671 603 3729 lubenter
622 3671 689 3746 hle,
709 3671 796 3733 credo
806 3719 814 3748 ,
826 3673 931 3732 iterum
952 3673 1087 3753 legemus.
1132 3666 1324 3752 Ὀφθολμοὶ,
1335 3669 1376 3727 in·

153 3773 218 3848 quit
236 3772 300 3832 illic
319 3773 465 3848 Socrates,
490 3761 573 3830 οἶσθ)
600 3761 670 3858 ὅτι,Ι
685 3763 759 3830 ὅταν
779 3766 884 3853 μηκέτι
907 3765 953 3831 ἐπ’
973 3767 1067 3834 ἐκεῖνοί
1087 3797 1137 3848 τις·
1152 3767 1261 3847 &root
1281 3765 1378 3854 τρέπῃ,

155 3857 198 3927 ὦν
213 3863 250 3928 ἂν
268 3865 323 3945 τοὶς
334 3866 432 3952 χρόας
445 3865 484 3932 το
495 3864 636 3952 riprando
658 3872 725 3953 φῶς
747 3869 857 3959 ἐπέχῃ,
880 3868 943 3935 oili-²
964 3863 1007 3934 ὦν
1026 3866 1177 3958 νυκτερινοὶ
1200 3871 1309 3957 φέγγη,
1329 3868 1379 3950 οἶμ-

153 3962 340 4048 βλοώττοοοί
363 3996 394 4034 τε
409 3972 465 4044 ,καὶ
487 3965 575 4054 e’yyaig
598 3971 750 4054 φαίνονται
772 3975 907 4056 τυφλῶν,
930 3967 1030 4058 ὥσπερ
1053 3971 1105 4038 οὐκ
1127 3971 1250 4059 ἐνούσης
1260 3973 1380 4054 καθαρᾶς

155 4064 386 4146 ὄψεως-Καὶ
407 4070 497 4152 μάλα.
520 4069 668 4136 -Ὅταν
690 4072 727 4137 δέ
745 4073 784 4158 γ’,
811 4071 909 4155 οἶμαι,
934 4067 1005 4140 cirri
1019 4072 1101 4160 ἥλιος
1114 4075 1310 4158 καταλάμπει,
1332 4097 1380 4136 σο·

155 4173 222 4256 φῶς
244 4167 354 4256 (ἱροῖσι,
375 4174 424 4236 καὶ
445 4181 507 4251 τοῖς
536 4173 637 4252 αὐτοῖς
657 4176 773 4254 τούτοις
799 4173 933 4258 ὄμμασιν
959 4172 1161 4256 deteriorationi
1184 4180 1321 4263 φαίνεται.
1343 4207 1380 4220 -

333 4354 415 4362 ὓ...-

192 4441 215 4504 ll
234 4443 311 4494 letitia
325 4460 348 4510 p.
366 4442 425 4494 338.
