2832 5120
633 279 690 338 159

88 436 283 516 Eloquentiam
303 457 381 498 nunc
397 438 487 519 ipsam
511 453 686 520 spectamus:
709 441 746 502 de
770 443 911 506 rhetorica
929 449 1005 510 alius
1027 454 1113 535 nolus¹
1131 455 1268 542 deinceps

53 536 99 593 crit
115 533 230 595 dicendi
250 535 339 596 locus.
381 536 581 596 Veruntamen
598 560 637 598 ne
653 537 707 598 hoc
727 540 845 620 quidem
864 544 926 606 loco
947 547 1016 608 haec
1039 573 1154 631 prorsus
1180 560 1268 618 omit·
1295 549 1297 554 ¹

52 633 126 692 tenda
144 633 270 694 videtur.
312 636 481 709 Nam,‚nisi
501 638 570 695 artis
590 637 751 697 intercedat
771 641 918 719 studium,
943 648 1079 709 exsistere
1100 675 1115 710 c
1139 655 1265 735 philoso-

51 730 109 810 phia
130 731 292 810 eloquentia
321 755 380 794 nou
399 749 501 814 potest.
532 736 631 814 Itaque
653 757 725 814 quae
743 758 782 810 en
799 743 984 823 Anaxagorae
1003 747 1187 832 philosophia
1208 777 1265 816 ma·

49 830 119 888 navit
144 829 326 908 eloquentia,
346 833 384 892 ad
398 834 471 906 artis
487 835 608 892 formam
632 833 869 915 diligentiamque
894 841 931 900 ab
950 846 1131 926 Antiphonte
1149 853 1265 916 redacta

48 941 98 1002 est,
116 928 296 1007 Thucydidis
314 945 516 1012 praeceptore,
537 932 585 990 cui
603 947 699 1012 gratus
718 934 878 1016 discipulus
897 939 1008 1002 debitas
1027 944 1127 1008 leudes
1146 953 1261 1012 retulit:
1285 941 1287 946 ,

46 1025 188 1105 Ἀντιφῶν,
222 1030 282 1104 ait,
315 1023 390 1112 οἷνήρ
419 1024 588 1110 Ἀθηναίων
619 1029 680 1091 τοῖν
709 1027 782 1094 καθ’
812 1029 919 1098 ἓαοτόν
951 1035 1047 1129 ἀρετῇ
1078 1069 1108 1108 τε
1144 1045 1266 1126 οὐδενος

46 1119 171 1208 ὕστερος,
200 1129 250 1194 καὶ
280 1125 433 1214 κράτιστος
464 1129 679 1214 ἐνθυμηθῆναι
712 1129 878 1214 γενόμενος
908 1141 957 1202 καὶ
989 1142 1010 1204 ii
1040 1143 1077 1208 dr
1107 1150 1188 1234 γνοίη
1221 1155 1263 1215 εἰ·
1329 1209 1335 1220 .

45 1231 105 1288 nto.
127 1231 155 1312 1)
180 1235 301 1293 Exstitit
329 1233 462 1294 similiter
486 1235 614 1296 Platonis
635 1251 744 1312 aetate,
771 1242 877 1318 quiex
897 1266 992 1322 novo,
1013 1251 1091 1328 quod
1118 1256 1261 1336 sophistae

7 1371 8 1376 1
44 1345 201 1412 pepererant
211 1379 220 1408 ,
230 1332 458 1415 philosophandi
476 1353 580 1412 genere
589 1352 694 1396 novam
703 1335 822 1398 dicendi
840 1342 980 1402 rationem
998 1348 1184 1429 informaret,
1203 1357 1262 1418 Iso·

44 1444 140 1504 crates,
169 1430 291 1511 Gorgiae
315 1431 495 1513 discipulus:
518 1430 550 1512 2)
578 1449 698 1528 mpgnus
724 1437 792 1494 item
811 1452 924 1516 orator,
943 1447 1073 1506 omnium
1093 1469 1179 1527 vero,
1208 1455 1258 1534 qui

44 1543 120 1586 artem
137 1530 315 1612 eloquentiae
334 1542 514 1604 tractarunt,
535 1530 619 1610 longe
638 1533 774 1616 princeps
792 1549 820 1596 et
835 1538 1048 1606 celeberrimus.
1087 1548 1182 1628 Hujus
1197 1555 1256 1614 riri

43 1647 117 1703 quam
135 1627 191 1686 late
211 1628 337 1706 patuerit
356 1629 453 1688 visin
473 1648 556 1687 omne
574 1628 722 1690 literarum
741 1653 850 1711 genus,
874 1658 889 1696 e
913 1641 1050 1703 Cicerone
1070 1647 1259 1729 intelligitur.

45 1745 55 1776 o
64 1725 132 1784 Ecce
156 1725 211 1786 tibi
236 1739 351 1786 exortus
372 1741 432 1801 est,
463 1727 521 1800 ait,
551 1726 704 1804 Isocrates,
725 1733 807 1810 cujus
826 1754 842 1791 c
862 1734 950 1813 ludo,
971 1753 1108 1821 tanquam
1128 1768 1165 1808 ex
1184 1770 1257 1828 equo

42 1824 172 1902 Trojano,
192 1825 263 1882 meri
281 1825 428 1906 principes
454 1825 601 1900 exierunt,
625 1827 676 1886 sed
696 1849 793 1889 eorum
818 1835 923 1912 partim
944 1839 977 1896 in
1005 1861 1128 1922 pompa,
1149 1849 1255 1926 partim

40 1921 149 1982 inscie
177 1923 306 1982 illustres
335 1944 394 1982 esse
422 1923 588 1984 voluerunt.
636 1926 736 2004 Itaque
762 1941 790 1986 et
817 1930 882 2006 illi,
910 1935 1107 2020 Theopompi,
1129 1944 1257 2024 Ephori,

40 2019 161 2096 Philisti,
183 2023 340 2090 Naucratae
358 2021 500 2100 multique
520 2022 571 2081 alii
592 2025 703 2082 naturis
724 2025 874 2088 differunt:
898 2033 1047 2096 voluntate
1061 2054 1156 2101 autem
1178 2046 1256 2104 sinri-

41 2118 72 2176 les
89 2133 175 2195 sunt,
196 2133 224 2178 et
243 2121 320 2178 inter
336 2140 414 2194 sese,
436 2133 464 2179 et
480 2121 620 2200 magistri:
642 2137 670 2181 ct
690 2123 731 2198 ii,
751 2126 801 2205 qui
818 2149 847 2185 se
867 2129 905 2188 ad
920 2152 1033 2192 caussas
1049 2131 1253 2222 cdntulerunt,

41 2231 64 2274 ut
86 2218 307 2293 Demosthenes,
338 2217 520 2299 Hyperides,
550 2219 720 2299 Lycurgus,
749 2225 924 2318 Aeschines,
955 2232 1120 2308 Dinarchus
1146 2240 1253 2320 aliique

40 2317 188 2396 complures
198 2362 207 2390 ,
228 2317 281 2374 etsi
299 2317 376 2378 inter
394 2337 520 2397 separes
539 2339 599 2378 non
619 2319 754 2397 fuerunt,
776 2336 872 2383 tamen
892 2343 960 2388 sunt
984 2351 1082 2392 omnes
1101 2335 1135 2394 in
1153 2337 1253 2399 eodem

41 2415 156 2474 recitatis
175 2413 314 2476 tutandae
331 2435 436 2494 genere
451 2416 566 2474 versati.
580 2441 594 2472 o
609 2413 640 2496 3)
661 2417 745 2492 Quod
761 2419 840 2479 idem
857 2423 923 2484 aliis
934 2428 1030 2488 verbis
1044 2432 1146 2492 iterat:
1172 2458 1186 2490 o
1197 2437 1254 2496 Ex·

40 2491 99 2571 stitit
117 2514 204 2594 igitur
219 2515 279 2591 jam
298 2512 416 2572 senibus
429 2513 490 2573 illis
504 2515 640 2575 Isocrates
649 2562 658 2590 ,
680 2520 762 2596 cujus
781 2519 1158 2606 domuscunctaqGraeciae
1173 2537 1254 2612 quasi

40 2609 114 2670 ludus
132 2609 248 2690 quidam
266 2613 359 2693 patuit
378 2627 463 2700 atqup
483 2611 599 2672 officina
620 2612 756 2692 dicendi;
779 2639 899 2700 magnus
929 2640 1024 2686 orator
1051 2641 1079 2686 et
1106 2632 1253 2709 perfectus

40 2711 173 2789 magister,
194 2732 364 2789 quamquam
383 2711 490 2771 forensi
509 2712 574 2770 luce
592 2714 685 2772 caruit
695 2760 703 2788 ,
725 2716 858 2796 intraque
876 2723 998 2800 parietes
1016 2727 1088 2786 aluit
1113 2747 1174 2788 eam
1193 2731 1253 2811 glo·

40 2809 116 2883 riam,
137 2830 222 2887 quam
242 2830 344 2884 nemo,
364 2829 427 2867 meo
446 2810 562 2888 quidem
577 2810 708 2889 judicio,
730 2828 770 2873 est
788 2831 884 2894 postea
905 2839 1101 2886 consecutus.»
1127 2827 1159 2907 4)
1192 2830 1252 2890 Sci·
1307 2905 1310 2911 r

40 2905 95 2966 licet
111 2909 248 2968 leocrates
265 2930 324 2968 non
344 2922 420 2968 totus
433 2919 495 2968 erat'
511 2931 527 2968 a
543 2909 677 2989 sophistis
693 2911 731 2971 ad
749 2913 962 2996 philosophiam
983 2923 1171 3002 informatus,
1192 2944 1252 2989 erat

40 3004 63 3062 in
80 3007 168 3086 ipsius
184 3007 303 3085 ingenio
321 3004 504 3086 philosophia
523 3008 671 3087 quaedam.
714 3011 798 3084 Quod
823 3013 984 3093 Socratem,
1006 3037 1081 3081 certe
1101 3025 1251 3086 Platonem

41 3123 86 3163 uon
111 3105 202 3184 fugit,
225 3102 302 3162 unde
326 3104 375 3162 hic
403 3104 488 3163 illum
516 3106 548 3164 in
578 3106 708 3168 Phaedro
727 3109 768 3168 sic
798 3110 837 3169 de
860 3134 893 3172 eo
922 3117 1127 3180 vaticinantem
1157 3125 1247 3184 lacit:

42 3196 103 3274 Νέος
123 3197 178 3276 ἔτι,
202 3195 229 3262 oi
249 3202 378 3282 Φαῖδρε,
400 3197 575 3286 Ἰσοκράτης·
598 3201 621 3266 δ’
637 3200 737 3283 μέντοι
755 3205 937 3289 μαντεύομαι
955 3212 1022 3276 κατ’
1038 3213 1144 3294 αὐτοῦ,
1161 3216 1250 3302 λέγειν

41 3297 136 3369 ἐθέλω·
158 3342 198 3350 -
222 3303 304 3364 δοκεῖ
319 3327 370 3382 μοι
392 3299 520 3384 ἀμείνων
538 3301 561 3388 ἢ
580 3303 655 3368 nurci
676 3305 746 3383 τούς
766 3312 834 3396 περὶ
855 3313 973 3376 Λυσίαν
994 3312 1065 3380 εἶναι
1086 3317 1192 3403 λόγους
1211 3319 1249 3386 τοὶ

39 3404 81 3484 τῆς
100 3404 226 3486 φύσεως,
249 3402 291 3467 ἔτι
312 3429 343 3468 τε
365 3402 437 3488 ἤθει
458 3405 651 3496 γεννικωτὲρῳ
668 3413 852 3494 κεκρᾶσθαι·
876 3410 951 3480 oi'ore
974 3418 1061 3483 οὐδὲν
1083 3420 1119 3485 ἂν
1138 3421 1248 3505 γάνοιτο

40 3504 216 3586 θαυμαστόν,
244 3503 410 3591 προϊούσης
436 3509 490 3592 τῆς
516 3505 627 3592 ἡλικίας
652 3513 677 3574 εἰ
697 3515 763 3597 περὶ
786 3512 895 3593 αὐτούς
915 3544 951 3585 τε,
968 3519 1038 3598 τούς
1063 3522 1181 3606 λόγους,
1205 3521 1249 3604 οἷς

41 3609 79 3670 uir
101 3610 249 3695 ἐπιχειρεῖ,
275 3607 363 3673 πλέον
388 3607 411 3694 ἢ
435 3610 551 3673 παίδων
576 3610 713 3695 διενέγνοι
734 3618 795 3678 τῶν
815 3615 932 3684 πώποτε
954 3619 1117 3705 ἁψαμένων
1137 3627 1246 3712 λόγων·

42 3705 72 3770 ἔτι
94 3737 140 3790 τε,
166 3715 191 3776 εἰ
217 3711 301 3801 ου’τρῖ
325 3709 369 3796 μή
397 3709 565 3797 ἀποχρήσοι
598 3715 710 3793 ταῦτα,
739 3719 788 3781 ἐπὶ
812 3721 907 3802 μείζω
934 3721 971 3788 δέ
994 3753 1038 3803 τις
1065 3725 1155 3794 οὔτᾶν
1181 3731 1256 3821 ἄγον

42 3804 107 3896 ὁρμή
127 3813 275 3901 θειοτέρα·
299 3812 384 3900 φύσει
404 3812 476 3901 γάρ,
499 3811 526 3882 oi
547 3817 625 3900 φίλε,
649 3815 743 3884 ἔνεστί
762 3847 805 3898 τις
826 3828 985 3911 φιλοσοφία
1006 3832 1049 3917 τῇ
1067 3835 1121 3896 τοῦ
1134 3831 1245 3922 corpor·
1279 3921 1281 3926 s

65 4129 85 4192 l)
100 4133 172 4186 Thuc.
188 4135 253 4187 vtn.
274 4135 316 4187 68.
340 4135 378 4188 ct
402 4136 502 4188 Ruhnk.
524 4139 613 4206 Opere.
632 4140 650 4189 l.
670 4138 727 4192 149.

64 4213 85 4278 2)
100 4217 152 4272 vid.
169 4219 221 4272 Cic.
240 4221 293 4272 Cet.
315 4223 377 4287 Maj.
399 4240 422 4273 e.
446 4223 469 4274 5.
1009 4295 1012 4303 .

65 4297 86 4362 3)
103 4302 149 4357 Cic.
169 4308 198 4357 de
220 4307 343 4382 Orut0¹ll.
367 4307 409 4359 22.
433 4309 465 4359 de
493 4307 645 4378 Ruhnkenii.
665 4313 828 4380 conjectura,
853 4319 942 4388 opusc.
971 4323 989 4374 Ι,
1011 4321 1069 4379 335,
1090 4327 1173 4400 vulgo
1190 4329 1239 4386 le-

43 4385 109 4450 tilut,
128 4393 151 4442 in
169 4395 531 4446 monumentorumque.
555 4395 593 4447 cf.
614 4398 648 4448 id.
673 4399 705 4450 ud
731 4399 806 4452 Rutil.
825 4402 855 4455 ll.
871 4403 899 4456 ’6.
924 4419 948 4474 p.
971 4409 1013 4460 92.

69 4467 88 4530 11
104 4472 150 4526 Cic.
170 4480 246 4530 Bruto
267 4497 289 4530 c.
307 4480 332 4528 8.
821 4513 833 4544 a
