2838 5120
713 269 804 330 tto·

141 431 197 514 μὲν
217 431 258 508 εἰς
280 424 459 511 ἀνθρώπους
481 424 579 506 δόσις,
602 425 644 506 ὥς
664 452 695 512 ys
716 429 924 513 καταφαίνεται
944 424 1026 509 ἐμοὶ,
1048 425 1145 490 ποθὲν
1166 427 1199 489 ἐκ
1216 429 1295 498 dreia
1315 425 1355 512 ἐῤ-

142 533 217 622 ῥίφη
236 529 287 598 de'oi
307 556 384 608 τινος
402 529 602 616 Προμηθέως
629 528 694 614 ἅμα
716 529 883 620 φανωτάτῳ
901 531 956 595 rud
973 530 1058 614 πυρὶ·
1087 535 1197 594 donum
1223 531 1355 608 Deorum,

143 641 274 699 etmihi
296 638 432 713 videtur,
453 638 605 698 divinitus
624 641 664 698 ed
683 640 816 698 homiues
833 657 892 717 per
911 637 1125 696 Prometheum
1144 635 1288 712 quendem
1306 653 1355 689 αοο

53 775 57 783 ·
142 761 211 799 eum
229 738 413 796 lucidissimo
441 744 512 820 igue
540 738 662 806 deluere
691 741 768 797 eet.»
786 734 815 817 l)
863 735 952 796 Unde
980 733 1175 813 intelligitur,
1203 741 1288 810 quain
1311 731 1356 789 late

141 849 237 921 pateat
255 832 334 916 apud
353 835 501 896 Platonem
520 855 572 917 per
598 856 697 895 omnes
716 849 791 896 artes
809 836 971 913 artiumque
992 832 1179 893 inventiones
1199 831 1244 891 vis
1261 829 1356 888 dialec-

140 937 224 996 ticae.
266 934 307 993 Et
327 954 396 995 vero
415 935 543 995 fructum
562 932 632 994 inde
658 935 766 1015 posteri
789 934 964 993 uberrimum
983 944 1132 1013 ceperunt.
1174 929 1287 990 Dicitur
1303 929 1358 986 hri-

140 1033 254 1095 stoteles
271 1032 386 1114 primus
404 1032 510 1108 fuisse,
531 1034 581 1112 qui
599 1045 674 1092 artes
693 1032 896 1112 doctrinasque
915 1044 943 1091 et
962 1029 1153 1110 distingueret
1170 1049 1186 1086 a
1202 1049 1232 1087 se
1250 1027 1359 1086 invitem

141 1133 196 1192 rite
216 1145 243 1192 et
263 1130 386 1210 singulis
404 1131 551 1213 propriam
571 1132 760 1191 constitueret
776 1131 933 1190 rationem:
956 1128 1033 1188 idem
1053 1148 1122 1188 vero
1142 1139 1209 1187 ante
1231 1146 1294 1184 eum
1316 1125 1358 1202 jan

142 1231 331 1292 inchoaverat
351 1229 453 1305 Plato,
474 1243 550 1289 certe
572 1229 715 1308 quomodo
736 1230 769 1291 id
797 1244 870 1289 esset
894 1225 1120 1310 perficiendum,
1150 1225 1205 1283 hac
1235 1222 1357 1285 tradendi

144 1328 287 1389 cernendi
302 1329 505 1409 jungendique
524 1341 583 1388 arte
606 1328 752 1389 docuerat.
795 1328 978 1404 Quinetiam
998 1343 1071 1404 quae
1090 1322 1204 1384 scholae
1225 1322 1354 1381 mathena·

142 1428 264 1487 ticorum
290 1427 458 1487 Platonicae
485 1426 577 1486 tribui
604 1428 664 1487 fere
689 1427 809 1488 inventa
830 1425 941 1499 solent,
964 1445 980 1482 a
999 1443 1075 1485 nova
1095 1422 1149 1481 hac
1170 1400 1299 1481 Platoiris
1318 1439 1356 1479 ne·

101 1588 109 1603 ,
143 1525 232 1586 thedc
250 1523 412 1606 repetenda
430 1545 564 1604 magnam
584 1539 694 1606 partem
721 1525 870 1587 videntur.
912 1521 999 1599 Quod
1018 1521 1140 1580 Procles
1155 1517 1359 1590 animadvertit,

34 1645 61 1687 η
141 1646 232 1704 quum
252 1624 353 1704 agebat
372 1623 410 1682 de
430 1624 631 1684 Leodamantis
648 1624 841 1683 mathematici
853 1621 1000 1682 inventis:
1022 1615 1162 1701 καλλίστη
1174 1615 1233 1697 μὲν
1246 1612 1361 1697 editior

142 1716 165 1804 ἡ
186 1717 236 1783 deci
257 1723 312 1804 τῆς
332 1714 499 1796 ἀναλύσεως
515 1716 560 1782 ἐπ’
578 1716 679 1806 οἰρχήν
696 1715 936 1804 ὁμολογουμένην
955 1714 1107 1803 οἷνάγοοσα
1125 1715 1163 1783 τό
1185 1713 1361 1818 ζητοιλλενω·

143 1821 182 1908 ἢν
195 1823 244 1887 καὶ
262 1818 282 1887 o‘
302 1818 448 1900 Πλάτων,
470 1817 512 1899 ὥς
533 1845 621 1906 φασι,
644 1817 845 1904 Λεωδάμαντι
865 1818 1047 1904 παρέδωκεν,
1069 1819 1121 1906 ἀφ’
1141 1814 1177 1907 ἧς
1200 1821 1251 1885 καὶ
1271 1817 1360 1893 ἰκτῖνος

143 1929 260 1990 πολλῶν
279 1921 353 1989 κατα
373 1923 555 2010 γεωμετρίαν
571 1921 692 2010 εὑρετής
708 1922 862 2011 ἱστόρηται
877 1921 1028 2010 γενέσθαι.
1038 1924 1071 2007 2)
1283 1990 1288 2003 ι

185 2031 265 2105 Quae
286 2051 352 2090 cum
380 2030 418 2090 sit
445 2029 533 2109 hujus
562 2030 690 2090 methodi
721 2030 929 2110 universaeque
958 2029 1127 2089 dialecticae
1148 2025 1312 2084 Platonicae
1330 2021 1363 2082 vis

146 2142 175 2187 et
196 2128 329 2204 ubertas,
351 2149 404 2188 nos
422 2127 541 2208 quidem
561 2127 598 2186 de
617 2129 763 2188 divisione
783 2141 811 2187 et
834 2135 1005 2206 partitione
1025 2149 1103 2200 non,
1126 2138 1157 2184 ut
1176 2123 1214 2183 de
1236 2117 1362 2182 communi

145 2227 271 2306 quodam
291 2227 400 2307 logicae
420 2225 484 2285 loco
495 2271 504 2301 ,
525 2246 648 2306 agemus.
690 2227 886 2287 Proferremus
904 2228 944 2286 ita
965 2225 1097 2306 vulgares
1115 2223 1282 2302 centiesque
1302 2236 1363 2298 repe·

146 2326 214 2384 titas
233 2315 405 2385 dialecticae
424 2325 599 2401 sententias,
625 2326 658 2385 in
685 2326 778 2386 nullis
799 2347 859 2385 non
879 2325 1059 2406 compendiis
1089 2323 1199 2383 obvias.
1253 2319 1362 2381 Prolerre

147 2435 176 2482 et
193 2423 276 2502 quasi
305 2422 338 2480 in
363 2421 458 2482 lucem
483 2443 616 2484 revocare
636 2423 728 2504 ipsius
757 2423 886 2483 Platonis
914 2421 1082 2483 methodum
1100 2418 1185 2480 nobis
1206 2417 1363 2500 propositum

142 2509 207 2596 est,
229 2540 347 2600 eamque
366 2520 407 2580 ita
427 2521 607 2602 producere,
629 2535 661 2580 ut
690 2521 810 2605 abipso
840 2521 984 2604 descripta
1011 2533 1126 2580 auctore
1145 2531 1207 2593 est,
1229 2537 1294 2576 cum
1311 2509 1364 2572 defi·

148 2619 253 2682 niendi'
272 2631 332 2678 arte
351 2631 379 2678 et
396 2618 542 2680 Socratica
562 2618 733 2680 inductione
753 2622 924 2699 conjuncta,
946 2621 1088 2699 uniceque
1108 2617 1211 2678 valens
1228 2615 1265 2676 ad
1283 2614 1364 2673 riteet

148 2717 334 2799 cogitandum
354 2730 382 2781 et
403 2717 564 2778 dicendrim
585 2733 612 2779 et
630 2717 831 2794 scribendum,
853 2718 1027 2796 omninoque
1048 2718 1199 2776 ationem
1219 2716 1364 2779 diviniter,

106 2836 109 2841 ·
148 2817 228 2896 quod
248 2817 309 2898 ipse
329 2817 388 2892 ait,
404 2839 464 2894 per
483 2817 698 2877 Prometheum
717 2819 867 2897 quendem
890 2817 931 2874 ud
951 2818 1104 2874 hominum
1123 2835 1223 2896 genus
1240 2814 1364 2871 deletum.

72 2902 76 2914 ¹
148 2900 190 2977 Ut
209 2935 277 2976 vero
297 2913 329 2974 id
348 2929 423 2975 recte
442 2917 647 2992 instituamus,
669 2931 737 2999 peto
757 2939 773 2976 a
793 2914 970 2989 lectoribus,
992 2927 1042 2989 ut,
1063 2913 1157 2973 missis
1176 2911 1305 2991 vulgaris
1321 2905 1364 2965 dia·

148 3014 268 3074 lecticae
287 3015 468 3095 praeceptis,
489 3015 597 3095 quibus
617 3037 634 3074 a
652 3009 760 3076 teneris
770 3036 867 3075 sumus
878 3013 997 3088 imbuti,
1018 3032 1055 3071 ex
1074 3030 1256 3070 unomecum
1266 3008 1364 3067 Platone

148 3113 265 3174 haurire
284 3112 398 3188 velint,
421 3111 597 3193 eidemque,
618 3135 674 3194 qua
695 3114 765 3190 ille,
788 3114 838 3175 via
855 3126 883 3172 et
904 3113 1016 3171 ratione
1036 3107 1207 3196 procedant.

161 3247 163 3254 ,
189 3213 262 3272 Tres
281 3224 350 3270 sunt
367 3210 477 3292 dialogi
496 3212 642 3287 Platonis,
663 3233 786 3292 quorum
805 3211 881 3271 alius
899 3231 936 3268 ex
956 3209 1014 3268 alio
1040 3207 1147 3282 fluxit,
1169 3218 1201 3264 ut
1223 3197 1365 3266 disserendi

151 3311 185 3370 in
204 3311 241 3370 iis
265 3309 346 3389 quasi
373 3311 555 3370 continuatio
575 3311 716 3390 quaedam
737 3323 889 3384 cernatur,
915 3289 1112 3382 Tteeeu'tus,
1136 3305 1297 3382 Sophiste,
1320 3299 1366 3358 Pe

149 3411 266 3468 titicus.
309 3409 397 3467 Recte
415 3409 467 3468 hos
486 3409 657 3468 dialecticos
678 3430 771 3470 voces.
794 3406 826 3488 3)
849 3409 949 3482 llam,
971 3421 1003 3466 ut
1020 3402 1180 3485 quaerendi
1202 3404 1364 3478 interrogar-

125 3575 127 3584 Ι
147 3507 239 3587 dique
259 3508 320 3568 sive
339 3508 436 3587 potius
455 3507 662 3568 obstetricandi
684 3508 716 3567 in
734 3507 919 3589 philosophia
939 3519 1027 3564 artem
1042 3503 1221 3562 Theaetetus
1242 3498 1365 3568 continet,

150 3608 192 3666 ita
220 3607 296 3666 hane
325 3606 465 3665 cernendi
482 3605 684 3687 jungendique
699 3605 866 3666 methodum
885 3605 918 3664 in
939 3603 1081 3680 Sophiste
1099 3615 1127 3660 et
1143 3600 1274 3676 Politice
1293 3611 1366 3679 erpo·

146 3706 209 3766 suit
224 3706 316 3766 Plato.
337 3705 379 3766 De
399 3705 492 3787 primo
502 3703 601 3784 hujus
610 3703 742 3786 trilogiae
759 3703 873 3784 dialogo
887 3704 949 3782 jam
958 3701 1097 3762 diximus.
1113 3697 1146 3779 h)
1166 3695 1298 3758 Occurrit
1310 3693 1366 3752 ineo

186 3978 212 4045 1)
230 3982 322 4034 Philet.
337 3980 378 4033 te
395 3982 425 4034 B.
443 3981 471 4034 0.
497 3981 632 4034 llaniteste
650 3981 700 4032 huc
721 3981 836 4048 respexit
853 3977 943 4032 Cicero
961 3981 991 4031 de
1006 3981 1067 4048 ltcp.
1086 3976 1128 4028 Ill.
1146 3975 1171 4028 2.
1195 3991 1295 4044 quorem
1307 3962 1365 4020 artri

126 4068 228 4120 eteius
246 4087 272 4120 re
292 4069 449 4133 eettderttnt,
477 4078 500 4119 et
521 4069 618 4136 aliquid
639 4069 737 4136 ᾴίμαανο
761 4069 840 4118 dotto
862 4069 991 4118 deorum
1005 4075 1049 4116 aut
1068 4065 1164 4132 efficere
1184 4071 1230 4113 eut
1248 4057 1364 4122 moade&

170 4164 294 4208 otuerunt.

149 4175 169 4225 p
185 4237 211 4305 2)
230 4241 287 4292 vid.
304 4239 414 4292 Casaub.
437 4200 472 4291 cd
490 4241 560 4306 Βίας.
579 4239 608 4288 l.
629 4238 672 4289 lll.
692 4237 733 4290 tt.
752 4237 791 4290 cf.
812 4238 921 4304 Dionys.
939 4236 995 4289 llal.
1016 4246 1066 4291 ert.
1085 4237 1155 4288 ittet
1173 4231 1215 4288 Μ.
1242 4231 1267 4284 8.
1278 4245 1310 4321 p
1327 4219 1363 4278 ὅθ’

108 4340 109 4345 ’
150 4337 179 4380 et
198 4327 337 4379 Stellbaum
357 4329 391 4378 ei
408 4326 474 4376 Pte.
496 4326 589 4377 Philet.
611 4325 683 4378 Prol.
698 4343 723 4394 p.
735 4323 800 4377 LlV.

186 4411 213 4476 3)
232 4413 289 4464 vid.
305 4413 354 4464 Ast
370 4412 464 4464 Ploto's
483 4411 564 4462 helen
582 4429 608 4480 p.
632 4411 675 4464 53.
800 4405 812 4435 ⁸

122 4495 126 4502 ’
185 4496 214 4563 h)
232 4500 309 4550 luitie
333 4515 359 4565 p.
378 4495 427 4548 124
445 4514 501 4569 sqq.
524 4497 570 4549 ttt
593 4515 648 4566 sqq.
