2832 5120
644 233 696 291 181

62 397 99 454 his
120 393 295 476 apponendis
326 395 356 454 in
387 393 488 474 primis
515 393 643 454 Platonis
666 393 858 452 characterem
888 392 1129 473 exprimeremus,
1159 393 1267 474 quippe

60 514 119 572 quae
135 491 274 552 Socratica
291 493 410 554 luerunt
430 513 562 571 maguam
580 506 690 572 partem
719 504 747 549 et
774 489 930 550 Platonicis
957 490 1062 549 iccirco
1081 490 1160 550 haud
1179 489 1267 556 dissi.-

59 591 134 650 milia.
173 592 257 650 Nunc
276 603 388 672 praeter
410 589 556 669 dialogos,
578 591 628 670 qui
648 589 805 663 Aeschini,
826 589 863 649 ab
892 588 956 648 aliis
985 587 1096 648 Simoni
1124 587 1266 647 tribuun-

58 704 111 762 tur,
131 709 181 747 nec
199 689 320 747 formam
334 689 479 769 propriam
499 689 588 769 magis
603 687 712 747 habent
722 731 729 762 ,
743 708 828 768 quam
847 688 896 766 qui
913 687 985 745 falso
1002 686 1130 746 Platonis
1150 687 1266 746 nomine

57 787 194 860 seruntur,
215 785 417 862 Xenophontio
447 799 540 846 exstat
564 785 762 868 symposium,
789 785 936 866 dialogus,
958 785 1007 864 qui
1037 784 1136 844 multis
1154 783 1266 866 placuit

56 884 243 957 vehementer,
264 884 415 965 displicuit
433 884 602 958 nonnullis,
623 885 696 944 mibi
717 885 775 942 fere
795 884 916 964 probare
941 885 1019 943 visus
1044 894 1103 956 est,
1131 880 1185 940 hoc
1206 902 1265 940 nou
1328 930 1331 934 .
1385 895 1390 908 ¹

57 982 130 1040 luisse
147 980 296 1042 scribendi
316 1003 423 1062 genus,
451 1003 507 1060 quo
526 983 647 1063 scriptor
667 980 861 1063 Cyropaediae
880 995 907 1040 et
928 982 1092 1041 Anabaseos
1112 979 1265 1038 excelleret

55 1081 173 1140 maxime.
206 1079 323 1158 Legenti
343 1094 419 1140 certe
439 1093 466 1138 et
484 1079 553 1138 haec
574 1081 631 1140 viri
651 1101 734 1160 opera
754 1079 894 1160 palmaria
914 1093 941 1138 et
962 1077 1163 1138 Memorabilia
1178 1078 1265 1152 item,

56 1177 97 1236 vin
125 1178 195 1236 mibi
228 1177 386 1256 quidquam
413 1177 561 1250 occurrit,
598 1178 671 1257 quin
698 1177 843 1252 admirer;
876 1180 908 1237 in
938 1177 990 1238 illo
1023 1197 1091 1237 vero
1128 1172 1266 1257 opusculo

55 1297 104 1332 non
121 1295 211 1354 pauca
231 1287 361 1348 exstant,
379 1276 411 1334 in
431 1275 537 1354 quibus
557 1276 609 1336 vin
636 1295 786 1355 agnoscere
814 1277 956 1355 integrum
977 1274 1061 1334 illum
1088 1271 1265 1354 Xenophon·

9 1439 11 1456 ἶ
53 1373 84 1430 tis
108 1373 359 1454 incorruptumque
387 1372 545 1453 elegantiae
572 1393 687 1432 sensum
719 1372 813 1432 liceat.
872 1371 997 1432 Videtur
1026 1385 1149 1444 auctor,
1187 1367 1265 1448 quod

54 1471 80 1527 in
97 1470 221 1530 Lucieno
239 1469 501 1530 animadvertemus
524 1471 709 1551 praesertim,
739 1471 885 1533 levitatem
913 1471 1085 1542 comicorum
1113 1488 1178 1548 cnm
1210 1465 1264 1526 So-

53 1568 147 1626 cratica
164 1569 275 1630 ratione
294 1571 467 1649 conjungere
487 1569 631 1630 voluisse:
653 1568 730 1647 quod
745 1589 797 1628 nec
819 1568 911 1630 voluit
927 1589 980 1628 nec
998 1568 1067 1628 lecit
1084 1566 1173 1626 Plato.
1201 1565 1263 1624 Uti·
1304 1574 1314 1648 J

55 1687 110 1724 nam
124 1687 190 1727 vero
202 1667 379 1726 Aristotelia
389 1679 567 1748 superessent
582 1665 704 1746 dialogi,
727 1687 797 1744 quos
815 1667 920 1726 multos
934 1679 961 1724 et
980 1666 1104 1746 egregios
1119 1663 1263 1746 scripsisse

54 1761 165 1824 dicitur!
189 1765 248 1824 Hos
267 1765 510 1846 operaepretium
530 1777 601 1823 esset
620 1785 685 1822 curn
704 1764 859 1824 Platonicis
879 1765 1018 1824 conferre.
1057 1765 1127 1824 Nam
1137 1809 1146 1838 ,
1164 1775 1196 1820 ut
1213 1782 1263 1820 sua

54 1883 111 1920 usus
128 1875 168 1921 est
186 1863 218 1922 in
236 1861 468 1945 philosophando
488 1877 515 1922 et
533 1863 644 1922 ratione
663 1876 691 1922 et
709 1863 853 1936 oratione,
875 1861 933 1935 ita,
955 1883 1020 1922 cum
1040 1862 1177 1922 scriberet
1197 1859 1263 1918 dia-

53 1959 135 2039 logos,
156 1960 307 2044 probabile
326 1973 386 2032 est,
407 1961 430 2018 si
451 1981 510 2019 non
529 1960 651 2033 melius,
672 1961 817 2042 peculiare
838 1979 903 2018 eum
921 1973 997 2017 certe
1015 1959 1192 2039 dialogorum
1212 1978 1263 2038 ge-

53 2078 98 2116 nus
114 2058 271 2118 induxisse.
314 2059 378 2116 Non
398 2059 476 2118 enim
494 2056 639 2118 subtilitas
658 2058 788 2138 ingenii,
813 2072 843 2116 ut
862 2069 929 2116 sunt
948 2058 997 2140 qui
1016 2070 1136 2138 putent,
1160 2061 1262 2142 probi-

53 2154 123 2229 buit,
143 2156 313 2236 quominus
338 2155 481 2236 eleganter
505 2155 591 2214 simul
619 2169 647 2214 et
676 2169 757 2214 acute
784 2154 930 2214 scriberet.
973 2155 1154 2215 Contrarium
1178 2159 1262 2218 nobis

53 2254 191 2332 persuadet
220 2256 338 2327 Cicero,
356 2241 409 2332 iqui
435 2254 489 2323 nil,
505 2275 538 2314 eo
557 2275 615 2312 esse
636 2255 767 2328 acutius,
789 2253 865 2312 nihil
893 2252 1013 2334 politius
1040 2255 1170 2313 statuit:·
1189 2258 1261 2336 quin

53 2350 116 2410 idem
133 2353 165 2412 in
185 2350 359 2412 celebranda
387 2353 448 2430 ejus
477 2352 623 2425 oratione,
654 2374 714 2411 non
742 2353 838 2410 minus
857 2372 943 2431 quam
970 2352 1002 2410 in
1031 2351 1175 2426 Platonis,
1205 2352 1261 2411 sibi
1291 2406 1298 2428 ,
1321 2359 1327 2370 ’

8 2451 9 2454 ’
54 2449 179 2528 placuisse
198 2451 324 2512 videtur.
367 2449 574 2510 Incredibilem
593 2471 651 2510 esse
668 2436 712 2509 ait
735 2450 767 2510 in
786 2450 937 2510 Aristotele
960 2448 1079 2510 dicendi
1097 2449 1207 2530 copiam
1235 2463 1262 2507 et

6 2563 8 2568 ·
53 2549 224 2608 suavitatem:
254 2549 376 2608 fundere
396 2568 461 2606 eum
488 2547 576 2629 plane
606 2546 713 2606 flumen
741 2549 880 2607 orationis
899 2568 1034 2606 aureum:
1057 2549 1200 2606 neminem
1229 2567 1261 2604 eo

53 2645 78 2702 in
93 2645 241 2704 scribendo
259 2647 452 2706 nervosiorem
467 2646 574 2704 fuisse:
595 2645 770 2704 aemulatum
783 2644 854 2704 adeo
872 2647 1015 2727 cumipse
1035 2645 1156 2704 Isocrate
1173 2645 1261 2704 luisse

53 2743 259 2804 etlacessivisse
276 2744 354 2805 hunc
375 2744 513 2804 orationis
533 2756 647 2802 ornatu.
690 2743 778 2803 Haud
804 2745 844 2801 ita
863 2745 921 2802 rari
950 2742 1029 2825 apud
1051 2743 1202 2822 antiquos,
1230 2755 1260 2800 ut

52 2841 116 2920 apud
133 2864 183 2903 nos
193 2889 201 2916 ,
222 2854 317 2916 erant,
338 2844 389 2922 qui
407 2841 555 2922 cogitandi
570 2841 766 2900 subtilitatem
784 2859 849 2900 curn
869 2838 1016 2899 scribendi
1036 2840 1177 2920 elegantia
1191 2842 1259 2917 jun·

53 2939 227 3016 gneum-hac
247 2938 333 2998 laude
351 2941 438 3020 prisci
458 2939 623 2998 Academici
643 2961 675 2998 ac
695 2937 877 3020 Peripatetici
897 2938 956 2996 lere
974 2957 1071 2996 omnes
1094 2939 1259 2996 nituerunt:

53 3034 100 3114 ipse
116 3037 279 3096 Aristoteles
288 3083 297 3112 ,
317 3057 401 3116 quem
420 3058 503 3096 nemo
521 3057 601 3096 nunc
611 3038 760 3097 suavitatis
781 3029 1036 3116 oblectationisque
1056 3037 1154 3094 caussa
1175 3035 1259 3115 legit,

53 3151 105 3191 cnm
122 3148 196 3194 totus
216 3135 375 3216 legeretur,
395 3157 467 3214 quae
489 3136 635 3195 Ciceronis
664 3135 722 3194 luit
748 3135 891 3209 felicitas,
912 3133 1084 3194 mirabiliter
1112 3145 1258 3192 commen-

52 3228 121 3292 datus
137 3233 316 3313 eloquentiae
335 3233 422 3294 laude
442 3235 508 3295 luit.
551 3233 588 3293 Et
608 3234 684 3292 lacto
702 3232 838 3314 probavit
868 3233 966 3292 Cicero
991 3231 1136 3310 judicium
1157 3253 1239 3292 suurn
1251 3278 1259 3307 ,

52 3348 126 3405 quum
140 3331 321 3391 Aristotelea
335 3353 429 3405 mora,
439 3333 536 3414 prouti
554 3329 592 3390 ad
610 3331 765 3392 Lentulum
785 3329 900 3404 scribit,
920 3343 977 3390 tras
987 3330 1024 3392 de
1034 3329 1151 3390 Oratore
1170 3330 1259 3391 libros
1288 3323 1289 3328 ἵ

7 3459 8 3462 =
52 3429 236 3504 conscriberet.
262 3427 291 3508 l)
311 3428 368 3489 Sed
388 3429 467 3488 nihil
485 3429 535 3488 hic
554 3429 591 3488 ad
612 3451 663 3489 nos
681 3427 865 3488 Aristoteles:
896 3425 933 3485 dc
951 3427 1079 3486 Platonis
1097 3429 1259 3504 quaerimus

6 3543 7 3546 ’
52 3521 157 3605 dialogis
175 3547 328 3606 eorumque
348 3526 385 3585 ab
403 3527 593 3586 Aristotelicis
612 3527 788 3588 diversitate.
831 3526 912 3587 Hanc
933 3537 1027 3584 autem
1051 3545 1087 3582 ex
1117 3545 1149 3584 eo
1178 3526 1258 3607 ipso,

7 3607 8 3668 i
53 3622 214 3696 quodmodo
239 3625 322 3698 dixi,
351 3623 464 3684 efficere
492 3625 579 3700 licet,
607 3625 772 3685 Ciceronem
796 3624 937 3683 imitatum
962 3622 1143 3682 Aristotelem
1161 3623 1258 3683 luisse.

6 3713 8 3760 !
54 3717 225 3802 Deperditis
216 3724 305 3803 igitur
322 3723 409 3802 hujus
424 3722 564 3805 dialogis,
586 3743 623 3783 en
644 3722 698 3782 illo
723 3721 799 3782 effici
827 3719 1036 3801 quodammodo
1063 3739 1160 3778 eorum
1187 3723 1259 3780 ratio

6 3769 8 3882 l
53 3829 76 3873 et
90 3822 241 3902 comparari
265 3843 330 3882 curn
359 3822 506 3882 Platonica
533 3823 681 3904 possit.
663 3819 695 3902 2)
724 3821 780 3886 Nec
809 3842 876 3879 vero
905 3821 956 3880 toti
981 3819 1131 3900 perierunt
1151 3818 1257 3900 dialogi

58 3977 293 3994 Q-—u—-n—o-—u

82 4066 103 4131 l)
120 4069 169 4123 Cic.
185 4075 219 4124 ad
235 4075 305 4124 Fam.
324 4074 342 4125 l.
360 4074 392 4139 9,
411 4075 452 4128 23.

82 4153 103 4218 ²)
120 4155 183 4209 loco
201 4161 227 4209 in
246 4159 293 4228 up.
311 4163 345 4212 ori
362 4161 430 4213 Pam.
450 4178 524 4231 quern
541 4161 619 4214 modo
639 4163 732 4223 citavi,
753 4161 880 4213 contraria
896 4157 1033 4220 videntur,
1054 4169 1120 4224 quae
1140 4159 1173 4207 orl
1191 4158 1257 4210 Arri-

57 4259 100 4295 um
115 4249 194 4302 scribit
212 4249 305 4303 Cicero
324 4253 392 4305 XIII.
411 4253 451 4304 19.
471 4253 553 4324 Negat
573 4253 631 4318 hic,
651 4251 730 4306 libros
745 4255 777 4305 de
796 4249 906 4306 Oratore
924 4236 1144 4323 Ἀριστοτέλειον
1161 4265 1257 4302 moreni

59 4329 143 4390 labere.
174 4341 229 4394 ut.
247 4344 325 4409 Wytt.
343 4345 368 4395 in
387 4345 465 4415 Epist.
484 4347 553 4414 Sper.
569 4363 620 4396 meo
636 4363 728 4414 praeiri.
749 4363 772 4413 p.
791 4347 819 4397 L.
856 4345 907 4396 Sed
929 4346 978 4397 hoe
1001 4345 1060 4396 loco
1083 4359 1180 4394 morem
1195 4342 1258 4394 hri-

61 4422 141 4474 etotelis
162 4427 301 4497 significat,
326 4446 377 4499 quo
397 4431 498 4484 solebat
519 4432 563 4482 illo
586 4435 610 4483 in
634 4431 744 4500 dialogis
764 4435 929 4498 semetipsum
954 4431 1076 4482 inducere
1095 4429 1258 4498 toquentem:
