2838 5120
543 277 706 376 sats

68 443 97 506 in
117 439 260 518 justitiam
283 437 400 502 dicebat
419 435 601 512 Carneades,
632 459 666 500 ac
683 438 798 502 duobus
817 441 938 506 saeculis
955 454 1022 502 arrte
1042 439 1184 520 sophistae
1203 439 1288 500 Athe·

63 538 110 606 nis
135 558 170 599 ne
194 536 252 618 ipsi
273 535 391 620 quidem
418 535 521 597 virtuti
537 534 725 614 justitiaeque
743 553 950 618 pepercerunt,
972 553 1004 601 ut
1022 538 1196 620 prudentiae
1213 538 1287 618 poli

66 637 134 700 ticae
159 633 370 713 facundiaeque
394 631 546 715 gloriolam
564 632 676 698 scilicet
695 633 823 714 aliquam
840 650 999 718 captarent.
1041 635 1288 716 Thrasymachum

66 733 139 816 apud
165 732 332 806 Platonem,
364 732 411 796 eui
441 729 570 793 Socrates
590 743 618 788 et
636 731 716 790 Plato
737 753 901 812 germanam
919 734 1133 819 philosophiam
1152 755 1290 816 opposue·
1338 793 1341 800 ,

65 844 141 905 rant,
168 831 276 896 imitari
305 843 332 891 et
360 850 495 918 superare
515 826 586 891 adeo
607 829 777 896 cavillando
796 847 915 896 conatus
932 833 1059 900 ridetur.
1084 831 1114 914 l)
1153 832 1200 895 sic
1219 846 1289 893 tern-

66 950 129 1010 pore
148 941 268 994 mutata·
276 941 375 994 erant:
397 927 455 986 imo
479 947 548 992 vern
567 926 605 992 ad
624 928 763 1008 pristinas
783 929 907 1013 ineptias
926 931 1152 1013 sophisticesque
1170 929 1289 1000 cauilla-

66 1029 153 1086 tiones
180 1026 342 1092 redibatur.
394 1023 451 1090 Sed
480 1025 534 1087 hac
565 1038 656 1090 aetate
683 1025 848 1106 eloquentia
876 1043 905 1090 et
933 1029 1048 1105 minus,
1077 1047 1162 1110 quam
1190 1042 1288 1103 antea,

65 1124 317 1188 commendationis
334 1122 460 1188 hahebat
479 1135 506 1184 et
522 1122 589 1204 plus
603 1123 771 1187 detrimenti
791 1128 934 1189 afferebat.
969 1130 1041 1192 Nam
1060 1129 1176 1192 fuerant
1195 1126 1290 1208 sophi·
1351 1157 1352 1165 κ

66 1237 166 1310 starum
194 1236 324 1306 tempora
348 1221 464 1285 moralis
481 1221 677 1304 doctriuaeet
694 1223 830 1304 politicae
849 1227 984 1288 infantia.
1016 1225 1165 1308 sophistae
1184 1226 1272 1306 igitur
1281 1271 1291 1304 ,

66 1335 94 1380 ut
119 1321 167 1404 lit,
198 1343 216 1383 a
246 1320 407 1412 calliditate
436 1320 593 1396 continuo,
615 1342 675 1384 non
700 1341 737 1382 ex
751 1323 823 1400 justi
842 1325 997 1406 principiis
1014 1345 1080 1386 cum
1099 1323 1291 1390 hominiscu·

62 1421 158 1502 josque
183 1433 247 1484 tum
269 1419 454 1508 politicorum
485 1419 613 1481 virorum
642 1422 848 1501 praestantiam
867 1422 1052 1504 repetebant:
1073 1421 1153 1501 quod
1171 1436 1199 1484 et
1218 1423 1292 1489 serto

66 1517 205 1584 iaciebant
231 1539 329 1584 eorum
354 1517 501 1602 principes
530 1529 558 1575 et
577 1516 650 1578 miro
669 1519 803 1583 acumine
823 1520 943 1600 parique
962 1521 1141 1600 eloquentiae
1161 1521 1243 1600 oppia
1264 1535 1292 1581 et

66 1616 213 1696 elegantia,
255 1618 328 1683 Num
352 1617 413 1680 vim
442 1627 469 1674 et
498 1615 579 1694 quasi
605 1615 798 1681 maturitatem
816 1631 984 1679 consecutae
1001 1618 1055 1678 hae
1072 1617 1220 1684 doctrinae
1239 1639 1291 1701 per

66 1713 181 1778 Socratis
209 1730 239 1774 et
266 1715 396 1782 Platonis
425 1712 638 1798 philosophiam
655 1727 683 1773 et
701 1715 901 1777 Demosthenis
922 1717 1134 1798 eloquentiam,
1156 1729 1188 1776 ut
1206 1730 1290 1799 turpe

66 1827 130 1872 esset
159 1814 401 1890 vehementerque
432 1823 549 1880 noceret
574 1811 721 1887 moribus,
742 1813 782 1874 sic
802 1812 840 1872 ad
860 1813 973 1877 ludicra
995 1815 1109 1895 negotia
1126 1815 1290 1896 eloquentia

67 1910 149 1971 abuti.
180 1909 410 1977 Corrsenescehat
428 1909 497 1972 item
515 1908 569 1968 bac
588 1922 679 1968 aetate
698 1910 777 1991 apud
794 1910 918 1972 Graecos
936 1912 1115 1991 eloquentia,
1137 1927 1169 1977 ut
1183 1914 1290 1996 granas

66 2007 198 2090 pristinae
216 2023 303 2088 atque
323 2008 461 2073 ubertatis
478 2007 531 2070 uix
555 2007 633 2070 levia
653 2009 773 2071 referret
789 2010 927 2090 vestigia:
949 2010 1103 2073 dialectica
1123 2033 1191 2075 vero
1211 2033 1290 2078 nunc

66 2099 356 2192 demum'praeceptis
373 2105 542 2188 legibusque
561 2104 732 2188 disputandi
754 2121 815 2166 erat
833 2108 1015 2186 confirmata,
1036 2130 1069 2170 ac
1086 2131 1138 2192 per
1154 2109 1289 2190 eloquen-

67 2206 144 2284 tiam,
173 2207 308 2291 quamvis
336 2205 530 2290 decrepitam,
561 2205 693 2284 quamvis
715 2204 795 2286 apud
814 2205 922 2270 Stoicos
941 2208 1059 2286 quidem
1079 2207 1117 2271 ad
1134 2209 1290 2269 infantiam

67 2301 248 2380 redeuntem,
269 2317 365 2367 tamen
392 2324 444 2386 per
470 2323 551 2378 eam,
571 2303 801 2384 qualemcunque
821 2305 939 2371 tandem
950 2352 959 2384 ‚
981 2307 1041 2374 vim
1059 2328 1139 2370 suam
1158 2306 1293 2369 studebat

68 2422 206 2480 exserere,
239 2415 329 2467 mater
353 2401 441 2466 fiebat
469 2401 689 2466 contentionum
717 2401 868 2480 sutilium,
888 2403 1031 2486 falsasque
1056 2406 1208 2487 opiniones
1231 2427 1292 2474 non

68 2502 123 2560 veri
151 2501 317 2590 ignorantih
346 2514 468 2575 temere,
499 2500 550 2560 sed
579 2489 646 2564 dull
674 2501 776 2582 uperi,
806 2502 856 2566 sed
884 2504 1002 2567 rixandi
1021 2505 1120 2567 caussa
1139 2504 1293 2567 elaboratis

69 2599 359 2680 argumentationibus
387 2598 678 2677 conclusionibusque
704 2599 827 2681 probare
853 2601 1104 2682 aggrediebantur.
1146 2603 1208 2662 Hac
1229 2602 1291 2663 dia·

70 2696 159 2763 lectica
184 2700 281 2786 speeie
309 2697 404 2766 medio
432 2718 502 2760 aevo
527 2698 561 2756 in
589 2695 749 2777 Europaeis
776 2698 892 2779 populis
908 2700 1027 2780 prodiit.
1059 2699 1234 2780 Scholastica
1259 2713 1291 2763 ut

73 2809 140 2871 eret,
166 2800 206 2858 ita
234 2798 320 2862 etiam
348 2795 385 2863 ab
414 2795 476 2862 illis
496 2809 525 2855 ct
541 2795 641 2858 hahita
662 2809 690 2856 et
706 2796 872 2876 appellata,
892 2798 942 2877 qui
953 2843 962 2874 ,
984 2798 1022 2863 ad
1039 2799 1160 2860 humani
1178 2799 1291 2880 generis

72 2896 283 2962 emolumentum
291 2892 628 2970 summum‚substituere
638 2895 665 2962 ei
675 2893 848 2959 son-ausam
858 2909 886 2960 et
896 2896 1073 2962 Platonicam
1082 2898 1203 2978 aggressi
1215 2911 1295 2958 sunt.

192 3093 453 3156 Socraticae
481 3092 750 3170 dialecticae
781 3103 818 3160 et
847 3093 1161 3158 Aristotelicas

554 3190 797 3256 discrimen.

103 3384 158 3451 Sed
185 3388 257 3454 lieet
286 3385 448 3454 Aristotelis
477 3378 692 3468 commentari,
721 3400 752 3454 ut
779 3399 916 3474 usurpata
942 3407 959 3451 a
984 3387 1104 3474 posteris
1123 3401 1184 3468 cst,
1204 3387 1291 3456 indue
1386 3464 1388 3472 ,

41 3479 43 3486 “
69 3484 151 3546 cunni
176 3486 337 3552 Socraticae
366 3500 539 3572 repugnaret
555 3488 655 3570 plane
684 3488 872 3566 docueritque
894 3506 1033 3572 perquam
1052 3487 1183 3554 veritatis
1202 3488 1293 3553 virtu·

70 3581 153 3664 tisque
178 3584 293 3668 studio,
322 3598 420 3652 tarmen
447 3607 508 3650 non
527 3587 568 3652 ita
583 3585 811 3654 existimandum
828 3582 864 3647 dc
881 3584 934 3646 illa
954 3598 1014 3661 est,
1035 3585 1117 3666 qnasi
1134 3581 1292 3668 rejicienda
1323 3647 1337 3666 0

70 3679 101 3742 sit
115 3685 233 3748 omuino
249 3696 281 3745 ut
297 3697 416 3754 naturae
436 3685 590 3752 cermeria,
633 3684 803 3750 Cavendum
822 3696 864 3744 est
881 3684 1026 3758 manime,
1047 3703 1084 3751 ne
1094 3684 1310 3766 Aristotelicas·

70 3777 230 3843 dialecticae
245 3796 389 3848 auctorem
402 3801 468 3849 cum
481 3782 666 3866 syllogisticis
681 3783 743 3845 sive
758 3779 937 3846 scholasticis
951 3781 1056 3843 veteris
1071 3781 1293 3860 recentiorisque

71 3879 127 3938 aevi
147 3879 328 3961 pbilosophis
346 3879 568 3944 confundamus.
609 3881 734 3945 Socratis
754 3880 934 3967 dialecticam
956 3899 1021 3940 cnm
1040 3879 1201 3942 Aristotelis
1219 3901 1294 3940 com-

72 3978 252 4054 parantibus,
283 3979 432 4057 utriusque
458 3980 544 4041 nohis
569 3980 696 4041 tenenda
722 3995 764 4039 cst
792 4000 858 4038 cum
884 3978 1001 4038 consilii
1017 3991 1079 4038 tum
1097 3978 1232 4038 utilitatis
1251 3978 1297 4039 di·

75 4076 194 4137 versitas.
237 4076 344 4138 ambae
372 4099 476 4137 verum
504 4091 651 4159 spectant,
672 4078 723 4138 sed
747 4077 889 4138 Socratica
907 4085 1047 4136 invenire
1066 4076 1161 4152 illud,
1182 4078 1293 4137 Aristo-

73 4169 151 4233 telica
173 4179 302 4252 pedore
329 4176 444 4238 nititur.
485 4177 603 4238 Habent
621 4179 661 4237 ita
681 4175 780 4237 amhae
800 4175 956 4244 utilitatem
974 4195 1125 4258 magnam,
1145 4173 1197 4237 sed
1213 4196 1292 4237 suam

76 4281 205 4350 utraque,
226 4295 299 4349 nec,
319 4275 397 4354 quod
420 4275 511 4336 altera
538 4268 628 4356 eflicit
646 4276 678 4336 in
696 4274 793 4336 studio
810 4274 959 4350 veritatis,
979 4273 1057 4341 idem
1076 4271 1189 4339 efficere
1204 4272 1294 4341 altera

77 4412 323 4435 *z-—ss-

107 4483 208 4550 turin.
226 4493 335 4562 aean
353 4491 371 4544 1.
385 4491 450 4545 vaaa
470 4493 500 4544 o.

438 4735 451 4772 d
