2886 5118
656 309 715 368 405
813 367 816 376 ,

70 483 105 526 tes
125 490 189 528 vero
209 466 286 526 illud
301 487 354 547 per
371 468 499 526 ironiam,
515 467 647 544 dixerat,
668 469 805 550 sophistis
825 471 986 548 adhibens,
1007 477 1057 553 qui
1077 477 1173 536 omnia
1182 499 1213 536 se
1224 481 1298 539 scire

71 565 287 646 profitebantur:
307 584 364 643 quo
383 563 495 623 scilicet
513 564 631 626 facilius
650 569 813 647 certiusque
832 567 904 628 illuc
922 592 969 631 eos
980 573 1185 653 interrogando
1204 575 1296 636 addu-

68 679 151 738 ceret,
172 678 204 722 ut
222 664 297 744 ipsi,
318 683 347 720 se
363 661 441 720 nihil
460 663 554 736 scire,
575 664 793 725 confiterentur.
816 664 845 746 l)
866 669 1016 728 Caeterum
1032 674 1227 733 conveniebat
1242 697 1297 755 ap-

67 762 149 842 prime
167 762 222 820 hoc
242 761 354 820 dictum
372 760 497 820 Socratis
517 783 582 820 cum
601 763 693 843 ipsius
713 777 774 822 tum
794 765 923 824 Platonis
937 768 969 826 in
988 769 1158 831 disserendo
1176 774 1294 834 rationi.

67 858 240 938 syllogistica
250 860 323 918 ratio
344 857 437 918 theses
456 860 540 939 ponit
551 906 560 934 ,
581 882 652 940 quas
671 863 822 922 confirmet
836 877 947 943 atquea
968 865 1202 931 dissentientium
1213 891 1297 950 argu·

67 957 284 1016 mentitionibus
300 955 458 1032 defendat;
486 956 538 1016 sed
560 953 702 1039 ἐπαγωγή
724 959 867 1036 Socratis,
894 964 1060 1043 pariterque
1080 965 1209 1025 Platonis
1228 989 1295 1026 ana·

66 1054 146 1134 lysis,
162 1063 235 1132 quae
256 1076 321 1114 cum
340 1050 485 1140 ἐπαγωγῇ
505 1079 590 1135 quam
611 1062 760 1142 proxime,
781 1072 813 1118 ut
833 1060 962 1120 vidimus
972 1107 981 1137 ,
1002 1065 1158 1140 conjuncta
1177 1078 1236 1138 est,
1258 1066 1296 1126 ad

66 1152 254 1230 quaerendum
283 1156 555 1237 inveniendumque
580 1173 637 1218 tota
665 1161 802 1241 pertinet.
833 1161 1032 1220 Consentanea
1053 1162 1143 1241 igitur
1166 1171 1296 1221 nesciera-
1369 1213 1381 1225 .
1429 1169 1430 1234 Ῐ

66 1255 153 1325 tibus,
171 1272 232 1310 non
253 1258 417 1314 orientibus
435 1270 513 1315 erat:
534 1259 631 1336 ecquis
652 1259 731 1316 enim
757 1257 870 1334 quaerit
899 1258 1053 1319 invenitve
1073 1257 1153 1336 quod
1172 1261 1227 1318 scit
1246 1263 1294 1321 vel

66 1349 128 1406 scire
147 1369 174 1407 se
194 1350 259 1408 ait?
297 1351 355 1411 Sed
374 1353 453 1412 illud
471 1369 617 1434 praeterea
629 1355 666 1414 de
685 1368 805 1434 utroque
816 1354 990 1436 philosopho
1009 1354 1179 1416 tenendum.
1198 1359 1294 1433 Quum

65 1459 223 1522 quaererent
243 1446 279 1507 de
300 1470 333 1508 eo
343 1495 352 1524 ,
371 1451 451 1530 quod
470 1473 571 1512 verum
588 1455 757 1532 justumque
778 1467 869 1526 esset,
889 1467 1027 1532 tanquam
1038 1455 1200 1514 nescientes
1209 1477 1295 1534 pror-

66 1565 105 1602 sus
114 1589 122 1618 ,
140 1544 211 1622 quid
231 1545 310 1605 illud
328 1562 418 1622 esset,
439 1569 500 1608 non
520 1550 697 1610 dubitabant
713 1548 750 1608 de
771 1571 803 1610 eo
813 1595 821 1624 ,
839 1573 910 1609 num
931 1566 1021 1611 esset:
1043 1552 1066 1610 si
1089 1551 1292 1627 dubitassent,

66 1661 115 1698 nou
132 1643 357 1720 quaesivissent:
377 1645 435 1704 imo
454 1667 523 1707 tero
534 1647 589 1706 hoc
607 1649 669 1728 ipso
680 1688 697 1722 ,-
709 1648 788 1727 quod
806 1649 1003 1727 quaerebant,
1023 1650 1121 1730 palam
1140 1649 1288 1712 faciebant

66 1739 206 1816 omnibus,
230 1762 259 1799 se
280 1762 338 1801 csse
358 1741 437 1802 illud
452 1764 505 1823 pro
524 1759 601 1803 certo
621 1745 744 1822 habere3
775 1747 909 1826 scepticis
927 1767 996 1806 vero
1007 1789 1015 1821 ,
1035 1749 1135 1824 quales
1152 1750 1294 1810 Arcesilas

66 1837 169 1915 eiusque
187 1837 329 1920 discipuli
351 1841 492 1916 fuerunt,
513 1841 546 1900 id
555 1843 706 1923 proprium
726 1844 783 1902 fuit
802 1857 853 1917 ut,
873 1842 952 1922 quod
972 1845 1073 1904 Cicero
1093 1859 1213 1905 testatur
1224 1855 1293 1918 ,ni-

66 1935 105 1990 lu'l
120 1959 177 1994 aare
188 1945 268 1995 certi
277 1983 287 2012 ,
306 1941 449 2016 quoderat
466 1944 600 1999 aemulus
618 1952 674 1998 aut
692 1949 792 2001 animo
810 1949 929 2019 percipi
942 1951 1054 2017 posset,
1075 1956 1243 2002 statuerent.
1256 1941 1288 2022 2)

66 2033 107 2090 Uti
125 2055 190 2093 uero
210 2035 293 2096 Plato
314 2057 372 2095 una
392 2057 459 2096 cum
479 2040 613 2118 magistro
631 2039 722 2119 probe
742 2061 757 2097 a
776 2040 910 2120 scepticis
930 2037 1157 2118 distinguendus
1174 2054 1233 2115 est,
1248 2041 1289 2099 ita
1364 2069 1370 2089 x

65 2131 213 2191 carendum
230 2133 341 2208 etiam,
361 2156 399 2192 ne
424 2156 490 2194 eum
510 2157 575 2194 cum
598 2136 768 2216 dogmaticis
796 2134 1027 2194 confundamus:
1049 2157 1106 2215 quo
1126 2137 1217 2216 ipsius
1238 2159 1290 2197 nos

66 2229 138 2288 facile
157 2229 301 2291 adducere
319 2231 505 2313 philosophia
533 2234 640 2312 possit,
659 2234 767 2312 quippe
785 2232 823 2291 ad
842 2232 938 2306 illud,
959 2232 1038 2312 quod
1056 2247 1165 2292 certum
1186 2222 1214 2292 et
1232 2235 1295 2294 ius-¹

66 2327 190 2386 mutabile
207 2343 268 2403 est,
296 2343 353 2388 tota
380 2345 523 2411 spectans.
566 2331 719 2404 Fatemur,
749 2331 781 2390 id
800 2329 926 2390 subinde
945 2331 1096 2390 Platonem
1116 2332 1149 2390 in
1169 2333 1283 2413 scriptis
1314 2379 1322 2390 .

66 2428 114 2485 suis
131 2431 321 2506 commisisse,
340 2428 418 2508 quod
438 2430 665 2510 dogmaticorum
692 2432 841 2511 proprium
869 2443 1007 2509 putatur,
1029 2445 1061 2489 ut
1079 2430 1164 2502 nobis
1181 2431 1288 2510 placita

66 2545 121 2598 sua,
139 2526 274 2586 adductis
295 2528 427 2606 undique
446 2529 641 2608 argumentis,
660 2528 783 2608 probare
804 2548 836 2585 ac
856 2526 1030 2606 persuadere
1050 2539 1218 2600 conaretur,
1238 2529 1288 2584 sed

66 2621 123 2681 lecit
139 2623 186 2698 id,
206 2639 238 2684 ut
258 2646 308 2684 suo
336 2625 399 2684 loco
428 2617 708 2698 demonstravimus,
730 2623 913 2706 quaerendq,
944 2611 1173 2710 interrogandoi
1190 2622 1288 2681 Socra-

67 2719 112 2777 tica
128 2735 154 2780 et
173 2721 322 2803 analytica
351 2723 482 2796 ratione,
507 2744 582 2794 non,
614 2737 646 2780 ut
673 2722 848 2800 dogmatici,
868 2719 1022 2779 statuendo
1043 2740 1075 2779 ac
1096 2734 1232 2798 tanquam
1252 2739 1287 2778 ex

66 2818 164 2896 tripode
191 2819 426 2900 pronunciando.
468 2818 553 2894 Quod
584 2840 653 2879 tero
673 2819 709 2878 de
730 2820 792 2899 ipsa
811 2819 868 2880 viri
897 2817 1082 2898 philosophia
1103 2817 1229 2887 dicitur,
1250 2819 1287 2876 ad

67 2912 130 2974 illud
148 2938 207 2975 earn
225 2931 355 2999 spectare
376 2917 471 2993 unice,
483 2918 563 2996 quod
580 2931 734 2991 constans,
755 2930 864 2975 certum
874 2960 882 2988 ,
894 2915 1073 2974 immutabile
1094 2930 1136 2974 est
1146 2961 1154 2989 ,
1176 2915 1208 2974 id
1218 2937 1285 2975 vero

68 3032 110 3070 nec
127 3015 399 3095 reprehendendum
419 3037 491 3089 nos,
520 3035 574 3073 nec
594 3015 663 3073 solis
682 3035 741 3072 esse
764 3013 933 3092 dogmaticis
952 3012 1178 3073 adscribendum
1198 3013 1288 3072 bomi-

67 3109 140 3170 nibus
158 3115 363 3173 existimamus.
406 3113 479 3186 Quis
506 3113 585 3171 enim
604 3111 816 3192 reprehendat,
838 3111 889 3170 ubi
909 3110 1101 3191 philosophus
1112 3158 1119 3186 ,
1141 3123 1173 3168 ut
1194 3133 1285 3170 unus-

67 3208 169 3287 quisque
184 3211 289 3289 integri
311 3211 402 3268 animi
417 3210 582 3289 judiciique
601 3209 703 3284 homo,
723 3209 760 3269 de
774 3210 897 3290 pulcro,
917 3208 954 3268 de
974 3209 1051 3269 bono
1060 3256 1068 3283 ‚
1087 3207 1123 3268 de
1137 3210 1216 3286 justo
1227 3257 1234 3284 ,
1245 3211 1282 3269 de

68 3306 171 3366 veritate
190 3328 351 3392 quaerens,
371 3308 441 3368 haec
463 3329 522 3367 esse
543 3308 736 3368 immutabilia
756 3307 931 3370 contendit?
960 3308 1042 3368 Plato
1060 3322 1155 3366 autem
1166 3353 1174 3381 ,
1195 3307 1290 3367 iubis

67 3408 216 3478 praesertim
235 3405 412 3486 indagandis
430 3407 695 3487 explorandisque,
716 3408 840 3489 optima,
859 3429 944 3487 quam
964 3406 1095 3468 diximus
1105 3453 1114 3480 ‚
1135 3406 1288 3478 methodo,

67 3499 221 3564 inductione
240 3518 269 3564 et
286 3505 400 3585 analysi
421 3527 489 3564 usus
509 3520 559 3565 est.

245 3703 525 3786 Dogmuticue
556 3715 769 3782 rationis,
797 3729 917 3786 quum
948 3706 1091 3766 Stoici

208 3814 508 3880 usurparunt,
539 3815 578 3863 et
604 3805 865 3866 Platonicos
893 3808 1138 3864 discrimen,

101 3999 153 4058 Nec
170 4005 301 4084 scepticis
320 4004 410 4083 igitur
429 4004 610 4085 philosophis
629 4005 728 4082 Plato,
749 4028 803 4066 nec
823 4006 991 4085 dogmaticis
1000 4003 1199 4064 accensendus
1210 4002 1284 4064 ride·

70 4107 117 4156 tur.
155 4099 210 4160 Sed
230 4103 351 4161 luerunt
371 4103 404 4161 in
422 4102 590 4184 dogmaticis
609 4104 717 4182 Stoici,
736 4125 857 4185 quorum
867 4102 904 4162 dc
922 4102 1055 4162 sensibus
1073 4116 1156 4181 atque
1172 4101 1290 4180 opinio-

70 4247 307 4263 Ἢ·-

71 4308 1287 4458 ffffwmemmmmxmuanamamumama

80 4406 151 4458 iu

100 4489 446 4555 bmammma
