2832 5120
757 275 813 352 178
877 273 880 279 ’

1148 358 1162 388 ρ

173 458 316 531 absurdo,
338 471 369 515 ut
389 455 522 528 videtur,
544 476 572 512 se
602 454 678 513 nihil
707 457 869 536 scripsisse,
890 475 962 533 quae
983 473 1050 514 vero
1071 453 1161 533 ipsius
1191 450 1298 508 nomine
1322 451 1366 508 ler-

173 571 291 630 rentur,
312 554 435 614 Socratis
454 575 531 626 esse,
554 553 778 612 existimandum
798 555 850 628 sit,
872 565 967 633 pateat
983 555 1043 631 jam
1064 550 1149 609 nobis
1170 547 1309 607 facillime.

212 655 281 712 Erat
298 653 352 711 hoe
373 637 483 710 So‘erati
502 651 668 732 proprium,
691 665 722 709 ut
742 653 794 731 qix
813 653 971 731 quidquam
990 647 1046 710 sibi
1067 647 1274 730 perficiendum
1295 647 1366 704 susei-

170 765 268 831 peret,
288 749 437 831 perliceret
454 755 548 806 autem
569 749 734 828 gravissima
753 751 859 809 omnia.
906 749 1027 827 Infinita
1052 767 1171 806 numero
1203 759 1230 804 et
1256 745 1367 804 varietate

170 849 331 930 edebantur
347 849 411 924 'ejus
429 858 519 904 aetate
537 845 775 926 philosophorum
799 848 1047 929 sophistarumque
1067 846 1191 925 scripta,
1213 843 1310 922 quibus
1331 843 1369 898 iu-

171 948 286 1026 genium
314 945 538 1024 sapientiamque
566 965 644 1004 suam
671 946 797 1026 stupenti
826 947 1010 1005 multitudini
1042 943 1190 1021 ostendere
1218 956 1245 1000 et
1271 939 1369 1021 pmhare

170 1043 342 1103 studebant:
373 1043 434 1121 ipse
459 1042 601 1102 scribebat
629 1042 715 1102 nihil.
757 1043 919 1103 Resonahat
943 1042 1072 1122 quotidie
1098 1043 1193 1100 iorum
1211 1039 1371 1121 politicorum

170 1136 319 1200 hominnm
339 1139 534 1214 orationibus,
554 1140 660 1219 quibus
678 1141 715 1199 ad
734 1151 856 1215 summos
871 1144 903 1202 in
928 1141 1077 1222 republica
1093 1139 1269 1220 auctoritatis
1286 1135 1372 1216 gradus

170 1239 381 1298 escendehant:
403 1238 480 1317 ipse,
506 1238 563 1298 nisi
590 1222 723 1313 coactus,
742 1253 891 1319 nunquam
918 1239 1034 1298 dicebat
1060 1237 1188 1319 publice.
1230 1237 1305 1310 Quae
1328 1252 1371 1310 quo

170 1339 265 1401 minus
283 1336 501 1416 aggrederetur,
523 1358 582 1394 non
599 1329 804 1416 intempestivi
823 1339 1002 1396 retinebatur
1025 1333 1188 1409 modestih,
1209 1353 1279 1412 quae
1299 1331 1371 1390 civem
1409 1369 1410 1398 ,

169 1435 307 1494 dedecet:
338 1434 561 1514 quotiescunque
579 1434 672 1514 ipsius
693 1422 791 1492 vocem
812 1435 976 1514 postulabat
995 1433 1171 1514 respublica,
1193 1433 1235 1491 uti
1251 1430 1304 1488 illo
1320 1443 1372 1486 ten·
1409 1475 1410 1492 ,

169 1540 255 1613 pore,
276 1546 332 1610 quo
349 1533 452 1589 insana
482 1530 696 1604 multitudo,a
725 1530 886 1612 demagogis
914 1532 1073 1605 concitata,
1101 1533 1133 1589 in
1161 1531 1239 1590 cives
1265 1529 1373 1586 insontes
1409 1563 1410 1598 ,

165 1631 310 1709 judicium
331 1629 389 1687 erat
409 1630 653 1709 pronuntiatura,
674 1643 736 1688 tum
755 1629 806 1687 ille
835 1631 868 1688 in
896 1637 1015 1704 senatu,
1036 1629 1068 1688 in
1092 1643 1151 1688 tota
1178 1629 1295 1687 civitate
1315 1639 1374 1682 unus
1409 1667 1410 1696 ᾗ

170 1741 248 1802 erat,
266 1729 316 1807 qui
335 1726 431 1784 dicere
458 1747 511 1807 pro
532 1727 645 1804 justitia
671 1727 797 1786 auderet.
839 1729 896 1804 sed
924 1727 1052 1808 pudebat
1080 1727 1175 1788 virum
1203 1743 1333 1804 magnum
1356 1731 1376 1776 tl
1407 1753 1410 1802 q

169 1827 257 1886 ferme
278 1825 471 1904 singularem,
492 1838 593 1904 sponte
612 1825 648 1883 'ad
667 1825 826 1884 dicendum
840 1826 971 1906 prodire,
989 1827 1069 1904 quasi
1089 1825 1166 1884 solus
1181 1820 1253 1882 esset
1272 1819 1375 1900 diguus,
1408 1829 1410 1894 fl

146 1980 150 1984 .
170 1925 239 2002 qui,
257 1923 421 1982 tacentibus
439 1922 593 1996 omnibus,
614 1923 780 1983 audiretur:
806 1923 934 2003 pudebat
953 1924 1059 1982 imitari
1083 1923 1144 1983 sive
1166 1920 1320 2002 sophistas,
1337 1913 1376 1995 qui
1409 1953 1410 2004 q

169 2022 353 2084 venditarent
373 2021 480 2102 populo
507 2009 667 2079 doctrinam
695 2007 791 2093 suam,
809 2023 874 2081 ¹sive
902 2023 1044 2096 oratores,
1065 2022 1115 2100 qui
1142 2031 1242 2081 uerum
1266 2021 1376 2095 justum-
1409 2071 1410 2104 ,

170 2131 243 2200 que,
262 2121 408 2199 ipsamque
427 2116 635 2198 rempublicam
645 2118 730 2178 'flocci
745 2120 882 2178 facientes
888 2165 896 2194 ,
918 2118 1043 2178 dicendo
1061 2119 1201 2197 inservire
1215 2135 1281 2174 suae
1298 2127 1377 2174 aucto

170 2217 268 2290 ritati,
298 2227 364 2274 suae
394 2217 529 2275 avaritiae
548 2216 712 2276 studebant.
754 2217 821 2276 Esse
845 2218 938 2276 bonus
964 2230 991 2275 et
1019 2216 1166 2276 excellens
1186 2215 1311 2288 virtute,
1330 2227 1378 2270 nou

171 2315 265 2374 videri
276 2360 284 2387 ,
306 2313 439 2384 volebat,
461 2333 513 2371 nec
533 2318 600 2373 vero
615 2313 795 2374 ‘detrectabat
816 2316 1034 2396 rempublicam.
1076 2316 1141 2374 No‘n
1163 2325 1229 2372 'erat
1249 2315 1330 2374 'citis
1354 2309 1379 2367 in

166 2425 228 2470 tota
254 2412 394 2484 civitate,
424 2413 475 2489 qui
505 2413 614 2471 civium
642 2412 728 2471 saluti
755 2414 958 2494 provehendae
989 2403 1163 2493 prospiceret
1190 2411 1290 2491 magis.
1331 2406 1379 2468 hlii

166 2509 345 2590 peregrinari
365 2510 397 2567 in
415 2508 486 2566 alias
506 2521 611 2583 terras,
631 2511 692 2569 sive
708 2512 898 2590 cognitionis,
918 2512 978 2570 sive
998 2519 1148 2589 quaestus,
1173 2509 1233 2568 sire
1260 2508 1381 2568 'oblecta-

167 2608 255 2666 tionis
273 2607 380 2686 gratih:
411 2606 462 2664 ille
483 2606 559 2664 domi
578 2617 692 2666 manere
711 2621 740 2665 et
759 2611 795 2666 rie
815 2618 964 2667 excurrere
982 2608 1099 2687 quidem
1119 2609 1208 2667 animi
1234 2607 1334 2666 caussa
1356 2606 1381 2662 in

168 2719 256 2763 terras
275 2705 406 2764 vicinas:
435 2707 573 2778 ardores,
595 2705 727 2780 dicebat,
748 2709 855 2764 nolunt
870 2709 919 2765 'me
938 2708 1100 2784 quidquam
1120 2708 1239 2780 were,
1270 2703 1324 2765 aed
1337 2721 1383 2762 uo-

167 2804 237 2859 lunt
255 2810 289 2858 tn
309 2805 381 2860 urhe
396 2805 536 2861 hominos.
562 2801 590 2880 l)
610 2803 708 2881 ltaque
728 2825 780 2884 per
798 2807 889 2864 toturir
910 2803 961 2863 ille
982 2803 1059 2861 diem
1079 2803 1187 2863 versari
1205 2803 1235 2862 in
1256 2805 1338 2877 foro,
1358 2803 1382 2858 iu

166 2899 332 2979 palaestris,
353 2902 508 2980 inportu,
530 2901 562 2958 in
582 2900 670 2975 locis,
687 2902 742 2961 tihi
765 2886 1054 2982 plurimi⁴adessenn
1082 2921 1149 2959 cum
1174 2901 1219 2958 his
1246 2901 1383 2960 confabu-

166 2996 219 3055 lari
240 2996 276 3054 de
292 2998 379 3056 rebus
395 2997 535 3057 civilibus
553 3011 580 3055 et
599 3000 816 3075 communibus,
839 3000 889 3060 sed
912 3000 1037 3057 maxime
1056 2997 1092 3056 de
1115 2999 1167 3073 iis,
1195 3020 1317 3076 quarum
1336 2997 1383 3078 ipsi

166 3094 316 3152 scientiam
334 3094 553 3174 profitebantur.
596 3097 673 3155 Haec
698 3097 758 3156 vita
780 3112 857 3156 erat:
880 3099 920 3157 sic
941 3109 1036 3155 autem
1059 3096 1250 3176 sophistarum
1274 3097 1385 3158 vanita-

166 3205 241 3265 tem,
262 3192 444 3271 politicorum
474 3193 624 3252 hominum
649 3194 772 3252 consilia
800 3195 966 3267 recondita,
988 3194 1116 3252 omnium
1140 3197 1248 3254 eir‘hres
1272 3209 1301 3254 et
1322 3194 1385 3254 vitia

161 3289 196 3348 in
213 3288 307 3347 lucem
330 3289 508 3370 proferebat:
524 3291 565 3350 sic
587 3313 654 3350 vero
674 3293 803 3350 omnium
819 3293 1104 3368 maximejuventuti
1120 3291 1297 3352 consulebat.
1320 3293 1387 3352 Nam

163 3387 242 3462 quod
261 3387 293 3445 in
319 3387 448 3446 Phaedro
474 3389 565 3463 dicit,
586 3387 728 3468 agendum
758 3411 816 3450 esse
843 3389 1035 3471 philosopho,
1057 3403 1089 3448 ut
1115 3409 1175 3448 non
1195 3389 1285 3450 libros
1306 3389 1386 3462 edat,

115 3487 117 3493 '
165 3485 216 3543 sed
234 3485 340 3544 scribat
359 3487 390 3544 in
410 3486 558 3546 hominum
577 3487 699 3561 animis,
717 3487 753 3548 id
772 3490 811 3548 ita
830 3488 998 3561 factitabat,
1015 3489 1100 3566 ‘quasi
1119 3487 1157 3547 ad
1176 3487 1229 3547 hoc
1249 3496 1388 3570 peragen-

164 3580 233 3641 dum
253 3583 396 3646 divinitus
414 3598 486 3643 esset
506 3585 544 3644 ad
562 3585 693 3644 homines
707 3587 822 3646 missus.
852 3586 973 3661 Qualem
993 3599 1086 3644 auten
1106 3599 1303 3666 quantumque
1323 3585 1388 3646 inde

164 3683 288 3740 fructum
307 3696 335 3741 et
353 3684 413 3763 ipse
433 3684 541 3763 ceperit
564 3697 594 3742 et
616 3685 648 3743 in
673 3685 819 3744 civitatem
844 3683 1018 3756 euntnlerit,
1038 3683 1085 3742 illi
1111 3699 1239 3759 norunt,
1259 3685 1310 3763 qui
1333 3686 1391 3762 ejus
1409 3747 1410 3772 ,

165 3774 332 3860 μαιευτικήν
349 3797 559 3864 perspexerunt
574 3797 602 3842 ct
621 3785 732 3864 copiam
750 3781 936 3842 attenderunt
955 3782 1146 3840 maximorum
1164 3784 1314 3856 virorum,
1336 3802 1389 3840 sec·
1409 3809 1410 3818 ¹

140 3906 142 3914 ¹
167 3896 260 3940 tarum
280 3881 350 3941 adeo
370 3881 627 3939 illustrissimarum
638 3926 646 3954 ,
666 3902 740 3960 quae
770 3901 806 3940 ex
824 3881 885 3958 ejus
902 3878 1058 3960 disciplina
1078 3893 1105 3938 et
1123 3880 1302 3939 sermonibus
1323 3901 1391 3961 pro-

170 3993 322 4039 venerunt.

209 4077 288 4150 Talis
311 4079 367 4137 viri
387 4097 452 4134 cum
470 4075 632 4158 discipulus
651 4078 740 4136 fuerit
759 4076 859 4150 Plato,
879 4097 939 4136 non
959 4089 1000 4135 est
1009 4121 1018 4150 ,
1039 4075 1118 4155 quod
1136 4077 1291 4149 miremur,
1318 4075 1391 4134 alie-

170 4166 240 4233 num
259 4195 322 4233 eum
346 4195 361 4232 a
387 4173 512 4234 dicendo
541 4174 752 4254 scribendoque
781 4176 887 4249 luisse,
907 4195 1023 4254 negasse
1050 4173 1139 4249 adeo,
1170 4196 1199 4234 se
1230 4171 1391 4254 quidquam

168 4273 322 4353 scripsisse.
344 4273 408 4354 Nou
428 4275 590 4352 quaerimus
608 4273 662 4333 hoc
680 4274 743 4334 loco
759 4274 795 4332 de
814 4272 949 4353 epistolae
968 4273 1134 4332 auctoritate
1144 4317 1153 4346 ,
1173 4269 1278 4352 quaid
1301 4293 1394 4352 nega-

170 4409 260 4420 fi--m-
274 4409 428 4418 „anan—-

205 4479 229 4546 l)
249 4481 354 4533 l’ltoerlr.
373 4481 423 4533 230
446 4482 475 4534 D.
