2838 5120
621 245 680 307 243

701 336 715 371 a

51 403 261 484 ipquirendique
288 405 429 466 rationem
458 403 630 482 sequebatur
655 406 802 468 monendo
829 403 1091 487 praecipiendoque
1119 402 1266 471 Socrates:

51 506 116 582 quin
139 504 222 564 etiam
249 502 352 562 ducem
379 525 409 562 se
436 503 593 584 praebebat
617 503 646 567 e't
672 506 806 566 comitem
830 501 964 563 discendi
982 501 1136 577 studiosis,
1157 515 1189 562 ut
1207 525 1265 562 una
1311 511 1316 528 ‘

51 622 136 660 secum
158 598 420 663 animadverterent
438 601 485 660 illi
506 605 620 680 omnia,
649 607 710 686 ipse
729 603 972 675 submonstraret,
998 599 1045 661 illi
1059 601 1265 660 attenderent:

50 700 103 780 ipse
118 713 281 778 quaereret,
302 698 375 778 qnid
394 697 470 758 effici
491 723 506 760 e
527 702 649 782 singulis
669 715 781 785 posset,
807 699 854 760 illi
873 699 905 758 id
923 695 1079 760 efficerorlt.
1107 696 1142 758 ld
1161 687 1265 760 Graeci

50 800 213 878 προαγαγεῖν
232 819 332 858 vocare
350 797 501 873 solebant,
522 813 551 858 et
571 823 658 876 vero,
671 821 730 860 esse
744 799 821 858 hanc
837 796 1008 866 dialecticae
1022 798 1162 857 rationem
1178 819 1266 868 unam

50 900 163 960 maxime
188 911 307 960 naturae
335 909 576 973 consentaneam,
606 897 723 978 linguae
752 897 867 960 docent.
901 897 944 957 ¹Iu
968 896 1014 956 his
1041 896 1112 976 ipsis
1140 895 1267 956 scriben-

50 996 90 1056 dis
115 1015 316 1080 saepenumero
330 996 401 1072 jam
417 1001 483 1054 aiae
500 1009 528 1054 et
546 1003 672 1056 itineris
691 997 893 1077 usurpavimus
912 997 1077 1056 notionem:
1099 993 1269 1076 διηγεῖσθαι

51 1110 152 1162 veteres¹
176 1095 213 1156 de
229 1094 360 1154 ducendo
378 1093 513 1172 proprie,
534 1094 585 1154 sed
603 1095 672 1155 item
691 1093 918 1180 deveneranda,
939 1098 1105 1174 reponendo
1114 1143 1122 1172 ,
1143 1099 1269 1158 meando

51 1208 229 1276 usurparunt:
250 1185 373 1271 μέθοδ
379 1211 415 1264 ος
435 1193 609 1253 vocabulum
631 1193 721 1252 estin
742 1192 845 1252 lexicis
866 1193 1034 1272 legitimum.
1077 1195 1156 1269 Quid
1174 1194 1269 1256 dicam

51 1290 81 1352 de
95 1306 189 1353 nostro
211 1290 476 1371 oaderroajren?
495 1289 525 1371 l)
553 1290 721 1372 Respondet
734 1312 794 1351 non
809 1305 928 1352 tantum
939 1290 1099 1362 Socraticae
1115 1294 1270 1370 methodo,

52 1389 94 1450 sed
104 1435 112 1465 ,
137 1412 218 1469 quae
235 1389 361 1453 docendi
382 1391 489 1472 optima
507 1390 580 1472 ratio
600 1391 659 1465 sit,
676 1409 749 1469 quae
769 1389 830 1452 sola
848 1391 886 1448 sit
906 1391 1072 1470 r·atio,qqua
1086 1391 1130 1466 is,
1151 1395 1201 1471 qui
1220 1392 1271 1452 do·

52 1501 141 1562 cetur,
169 1490 266 1568 quoad
290 1492 351 1568 ejus
376 1488 439 1548 fieri
463 1489 570 1570 possit,
600 1488 661 1569 ipse
682 1507 733 1568 per
752 1507 784 1548 se¹
803 1485 1022 1569 progrediatur,
1053 1488 1129 1548 banc
1154 1491 1271 1572 propria

52 1584 149 1667 linguis
166 1587 347 1648 Germanicis
367 1607 443 1662 vox,
463 1586 722 1664 aliaequesimiles
738 1605 840 1660 voces,
862 1585 1008 1666 exprimit.
1032 1589 1100 1662 Quo
1115 1589 1202 1648 miror
1213 1611 1270 1648 ma·

53 1684 103 1764 gis,
123 1705 206 1752 verae
232 1685 424 1746 institutionis
443 1670 590 1768 principia
609 1705 645 1746 ex
665 1685 802 1743 interiore
817 1684 877 1742 lere
895 1685 1080 1766 psycbologia
1092 1686 1180 1748 ducta
1197 1709 1270 1763 esse,

53 1801 115 1860 quae
132 1799 173 1844 est
190 1785 302 1844 incerta
312 1829 320 1858 ,
341 1805 402 1844 non
423 1804 508 1858 vero,
529 1794 606 1841 certe
623 1804 704 1856 raro,
726 1803 762 1842 ex
780 1783 852 1863 ipsis
865 1802 925 1841 esse
943 1784 1087 1863 explicata
1105 1779 1271 1866 linguarum

52 1879 200 1942 elementis.
244 1883 315 1941 Nam
335 1883 454 1962 siqua,
475 1881 545 1940 haec
565 1894 633 1940 sunt
653 1895 730 1940 certa
741 1927 750 1956 ,
771 1881 880 1961 quippe
901 1901 937 1938 ex
958 1882 1019 1961 ipsa
1040 1882 1167 1943 bominis
1176 1900 1272 1954 mente

53 1993 142 2057 sponte
158 1995 237 2054 orta,
254 1981 438 2057 omniumque
458 1999 599 2039 consensu
617 1999 727 2058 usuque
742 1979 934 2059 comprobata.
956 1981 1014 2040 Nec
1034 2002 1102 2042 vero
1117 1983 1273 2063 respondet

53 2088 153 2136 tantum
170 2077 294 2137 verbum
313 2078 391 2138 illud
409 2091 537 2136 nostrum
556 2076 716 2138 Socraticae
736 2077 924 2153 dialecticae,
944 2078 995 2138 sed
1013 2079 1144 2160 explicat
1155 2102 1218 2156 ,eam
1235 2083 1271 2139 si-

54 2175 122 2249 mul,
151 2191 230 2237 certe
258 2176 395 2236 illustrat.
436 2174 485 2234 Sic
502 2175 580 2234 enirn
608 2176 656 2235 vit
684 2175 740 2234 sud
765 2196 830 2234 curn
858 2165 932 2258 aliis·¹
946 2177 1121 2258 procedebat
1141 2178 1210 2254 ille,
1231 2180 1272 2238 sic

55 2251 177 2355 οοζηῖεῖν
194 2297 264 2334 curn
283 2274 345 2334 illis
365 2274 491 2350 solebat,
514 2288 547 2333 ut
566 2289 690 2336 mentem
709 2295 807 2338 eorum
826 2277 858 2334 in
878 2296 910 2338 ea
925 2276 1115 2353 intenderet,
1136 2299 1208 2358 quae
1224 2299 1273 2338 ne·
1321 2303 1324 2311 ·

55 2375 187 2456 gligebant
216 2375 278 2432 fere
306 2387 339 2432 ut
357 2372 434 2434 levia
452 2388 493 2434 ,et
520 2373 637 2434 futilia:
668 2373 738 2434 haec
762 2375 798 2434 iis
818 2374 996 2442 monstrabat
1015 2369 1195 2452 identidem,
1216 2361 1274 2437 imo

56 2475 388 2546 veroautmomtratat,
409 2473 430 2532 i.
451 2493 476 2532 e.
498 2472 603 2532 leviter
622 2470 787 2547 monendo,
816 2486 916 2553 gestu,
947 2467 1039 2555 digito
1057 2476 1090 2536 in
1109 2476 1274 2546 memoriam

57 2573 213 2633 revocabat:
244 2573 300 2652 ipsi
319 2583 413 2629 autern
434 2570 504 2630 haec
522 2571 720 2646 attendentes,
741 2591 807 2630 cum
826 2573 888 2652 ipso
907 2593 944 2633 ex
964 2572 1043 2632 bisce
1054 2619 1062 2648 ,
1083 2575 1215 2652 quamvis
1234 2574 1274 2633 le·

58 2669 136 2732 ribus
153 2687 181 2733 et
194 2669 355 2744 futilibus,
376 2668 414 2729 ad
433 2671 557 2730 maxima
576 2668 867 2749 omniafexplicanda
885 2673 1079 2750 conjecturam
1096 2672 1253 2732 ducebant.

383 2864 631 2933 Dialectico
670 2839 962 2926 Aristotelis.¹

92 3053 241 3147 Ἐοιογωγῇ
261 3061 330 3122 huic
359 3062 518 3124 Socraticae
546 3062 696 3123 dissimilis
720 3075 763 3121 est
781 3075 809 3122 et
828 3064 959 3144 opposita
978 3063 1188 3143 quodammodo
1206 3068 1275 3125 Ari-

58 3164 154 3226 stotelis
174 3151 395 3248 συλλογιστικοὶ.Ι
422 3166 504 3224 ¹Nam
523 3176 556 3222 ut
574 3181 727 3243 quaerere„
748 3161 923 3241 interrogare
941 3161 1070 3223 Socrates
1087 3163 1197 3224 solebat
1206 3209 1214 3238 ‚
1234 3165 1275 3223 ita

58 3249 244 3328 Aristotelicas
258 3278 318 3324 erat
333 3262 507 3344 disciplinae
527 3261 693 3342 proprium,
715 3273 747 3321 ut
760 3273 934 3340 poneretur,
953 3262 1134 3343 probaretur,
1157 3262 1275 3323 demon·

59 3373 191 3426 oraretur.
244 3365 338 3440 Quam
367 3382 426 3422 esse
453 3359 612 3440 syllogismi
640 3354 817 3446 Aristotelici
845 3355 1122 3434 naturam,'omnes
1147 3375 1276 3435 norunt,

59 3461 99 3536 qui
127 3453 255 3544 unquam
283 3475 343 3522 arte
367 3459 569 3540 disputarunt.
611 3459 740 3537 Cumque
769 3459 880 3520 Socrati
905 3457 1068 3535 sufficeret,
1088 3461 1112 3520 si
1132 3462 1196 3540 quis
1214 3461 1276 3540 ipso

59 3556 123 3618 duce
150 3561 187 3622 ad
217 3560 450 3643 probabilitatem
477 3558 656 3638 pervenisset
672 3557 818 3637 aliquam,
839 3572 939 3632 contra
957 3557 1150 3636 contendebat
1170 3559 1276 3617 Aristo.-

59 3656 134 3734 teles,
152 3659 296 3742 agendum
316 3679 374 3718 esse
394 3657 563 3728 dialectico,
586 3668 617 3714 ut
628 3702 637 3730 ,
656 3657 776 3736 positis,
796 3677 868 3736 quae
887 3669 963 3716 certa
983 3669 1093 3730 essent,
1115 3655 1153 3714 ad
1171 3670 1276 3715 certam

60 3773 145 3816 rerum
165 3760 316 3837 scientiam
335 3755 511 3838 procederet.
529 3753 620 3814 -Unde
639 3754 815 3836 intelligitur
825 3801 834 3830 ,
854 3753 1095 3834 quemadmodum
1114 3768 1278 3814 constructa

60 3871 73 3910 a
95 3855 274 3939 philosophis
294 3857 360 3920 ,sint
370 3901 379 3929 ,
399 3875 472 3934 quae
492 3854 580 3933 vulgo
600 3852 756 3928 dicuntur,
777 3853 961 3932 systemata:
982 3853 1172 3934 intelligimus
1190 3855 1278 3929 item,

61 3957 196 4028 systemati
223 3952 343 4024 condito¹
368 3953 456 4012 facile
475 3951 596 4010 alterum
627 3971 798 4032 prorsusque
816 3951 990 4010 contrarium
1009 3952 1117 4031 opponi
1142 3953 1278 4034 potuisse.

61 4045 117 4128 lpse
144 4054 284 4134 praecipit
311 4050 494 4124 Aristoteles,
524 4063 556 4109 ut
584 4070 753 4128 quaeramus
781 4050 936 4123 continuo,
965 4069 1038 4128 quae
1064 4050 1166 4109 sinon
1186 4065 1279 4126 certa,

62 4150 178 4208 maxime
206 4149 364 4212 videantur
383 4150 554 4223 manifesta,
574 4148 645 4208 hinc
664 4162 760 4207 autem
777 4161 805 4207 et
824 4149 1097 4228 argumentationem
1117 4164 1144 4208 et
1163 4150 1279 4210 conclu·

63 4243 161 4308 sionem
187 4264 325 4332 petamus.
367 4248 508 4325 Quocirca
537 4268 602 4307 curn
618 4262 737 4327 vagatur
755 4247 787 4307 in
816 4247 862 4307 bis
889 4249 1124 4308 venenatorum
1151 4271 1259 4308 summa
1271 4293 1280 4324 ,

228 4369 233 4378 .
356 4369 358 4376 .

98 4453 120 4517 l)
138 4454 289 4513 Germanice
305 4461 532 4523 retamim,
551 4457 649 4511 Gallice
666 4461 843 4526 esaeipaer.

1027 4543 1081 4601 16*
