2838 5120
742 63 749 82 Ι
783 99 798 142 0

713 271 773 332 asa

123 430 201 503 tius,
222 432 300 510 quod
330 445 469 512 spectasse
495 436 584 514 magis
614 435 700 496 etiam
731 433 867 508 videtur,
900 445 931 492 ut
951 431 1005 494 hoc
1031 429 1232 512 distinguendi
1258 427 1341 491 studio

125 529 216 610 ipsam
235 529 373 593 cernendi
390 531 593 612 jungendique
618 545 731 606 artem,
762 531 843 611 quasi
865 528 1055 604 dramatico,
1074 527 1231 592 lectoribus
1254 546 1342 608 pmpo·

127 639 217 688 aeret.
259 627 436 708 Quamquam
464 631 642 711 propositum
671 649 731 692 ooo
758 627 847 709 plane
878 626 1020 707 explevit.
1066 628 1148 690 Nam:
1166 625 1304 706 sophistae
1321 637 1343 684 et

48 780 52 786 .
125 723 245 804 politico
273 747 334 788 uon
362 727 467 806 adjecit
488 727 701 809 philosophum.
735 723 764 806 l)
801 724 992 805 Philosophus
1027 745 1096 791 tero
1122 726 1188 804 quis
1216 723 1269 802 sit,
1296 721 1343 784 aliu

126 820 264 908 deinceps
283 845 386 905 opere,
408 825 441 888 in
454 825 587 902 Politia,
603 825 700 888 minus
713 824 884 898 dialectice,
899 821 951 884 sed
966 813 1029 886 uou'
1037 823 1134 887 miuus
1141 819 1342 904 philosophice,

94 933 160 997 „ut
181 921 236 1002 ipsi
253 922 314 998 jam
336 922 485 1020 vpdimus,
506 923 656 1005 expressit.
699 922 756 984 Sed
773 943 934 1004 pergamus.
1197 933 1199 938 '

169 1019 280 1102 Hospes
301 1021 408 1101 igitur,
431 1035 462 1084 ut
481 1021 658 1102 gratificetur
678 1021 807 1097 Socrati,
828 1033 856 1081 et
875 1018 1032 1101 sophistam
1051 1018 1191 1100 exprimit
1209 1018 1345 1089 continuo,

127 1116 224 1196 qualis
243 1119 298 1194 sit,
318 1139 373 1178 nee
391 1119 463 1182 facit
481 1119 567 1201 longa
588 1120 717 1183 oratione
727 1164 737 1194 ,
759 1132 791 1182 ut
806 1116 940 1181 solehant
959 1117 1103 1192 Eleatici,
1123 1115 1175 1178 sed
1189 1115 1296 1178 ratione
1304 1113 1346 1174 So·

130 1213 255 1288 oratioe,
275 1215 479 1298 interrogando
488 1240 522 1282 ac
531 1217 748 1300 respondendo:
770 1217 924 1298 idemque,
945 1229 977 1278 ut
988 1215 1052 1280 heri
1062 1215 1192 1278 Socrates
1203 1260 1212 1290 ,
1234 1215 1344 1278 itanum
1405 1207 1406 1266 l

131 1313 211 1392 ipse,
232 1312 417 1376 Theaetetum
434 1315 472 1378 ad
494 1335 637 1380 sermones
665 1315 782 1379 invitat.
817 1318 916 1398 «Age,
938 1315 1053 1394 inquit,
1085 1312 1259 1397 Theaetete,
1290 1308 1343 1392 quid

132 1409 179 1503 sid
199 1410 343 1491 sophista,
364 1434 549 1496 quaeramus:
572 1434 640 1478 mam
660 1434 740 1476 nuuc
761 1412 880 1494 quidem
899 1433 1006 1476 nomeu
1020 1411 1113 1474 solum
1126 1409 1267 1474 hahemus
1284 1429 1344 1470 cou-

133 1529 240 1584 mune,
262 1530 323 1572 rem
341 1532 410 1574 vero
420 1557 429 1587 ,
450 1533 524 1593 quae
541 1512 658 1576 nomine
686 1510 870 1596 appellatur,
892 1523 1010 1590 uterque
1029 1509 1272 1604 facilsqrostrum
1294 1514 1347 1590 ple

133 1608 226 1688 priam
245 1608 302 1672 sihi
320 1608 442 1672 haheat:
463 1623 575 1697 oportet
590 1625 685 1674 autem
702 1630 813 1690 semper
823 1655 833 1688 ,
853 1631 914 1672 rem
932 1609 1023 1690 magis
1043 1610 1135 1690 ipsam
1154 1627 1220 1670 cum
1241 1605 1348 1670 rationi·

135 1704 208 1780 hus,
229 1727 315 1785 quam
334 1707 440 1771 nomen
460 1707 553 1772 solum
574 1707 636 1772 sine
656 1708 836 1786 rationibus,
856 1709 993 1786 utrinque
1012 1720 1120 1770 tenere.
1153 1705 1252 1769 Genus
1271 1717 1350 1765 autem

135 1801 231 1878 illud,
251 1805 330 1886 quod
350 1827 429 1888 punc
449 1807 600 1887 exquirere
621 1807 801 1878 inanimum
817 1806 1007 1880 induximus,
1030 1827 1090 1868 non
1109 1805 1238 1870 omnium
1254 1802 1350 1864 facilli-

134 1923 212 1964 mum
233 1917 275 1966 est
293 1904 331 1966 ad
351 1905 580 1986 assequendum,
601 1903 674 1990 quid
689 1907 740 1982 sit,
761 1907 894 1984 sophista
910 1903 1031 1966 scilicet.
1052 1905 1132 1978 Quae
1149 1916 1243 1968 autem
1263 1920 1351 1980 magno

133 2021 200 2060 oum
218 2001 315 2072 studio
336 2003 515 2083 exquirenda
535 2017 621 2080 suot,
642 2003 743 2067 dehis
764 2017 847 2066 vetus
865 2017 907 2064 est
926 2023 959 2062 ac
976 2003 1136 2064 communis
1156 1994 1350 2062 omniura-or

78 2147 80 2154 .
134 2100 245 2176 tentia,
263 2101 346 2181 prius
364 2122 395 2162 ea
416 2115 546 2185 oportere
563 2101 595 2164 in
614 2103 712 2186 parvis
732 2116 761 2164 et
779 2100 979 2178 facilioribus,
1000 2120 1085 2180 quam
1094 2099 1127 2160 in
1138 2100 1209 2180 ipsis
1217 2095 1350 2168 maximis,

135 2196 297 2260 meditandi
316 2200 416 2260 caussa
434 2200 622 2264 considerari.
664 2201 749 2262 Nunc
765 2201 855 2282 igitur
873 2198 1025 2282 equidem,
1045 2219 1062 2260 o
1089 2197 1261 2271 Theaeteto,
1283 2193 1351 2256 nohis

136 2295 168 2360 id
185 2295 311 2374 suadeo,
333 2312 364 2358 ut
374 2344 383 2374 ,
403 2319 470 2358 cum
489 2296 611 2360 difficile
640 2297 679 2360 ad
699 2297 909 2380 assequendum
926 2296 1150 2376 tenendumque
1171 2295 1208 2356 sit
1225 2293 1351 2376 sophistae

130 2402 244 2474 geom,
265 2396 391 2478 primum
408 2397 442 2458 in
459 2395 517 2458 alio
536 2397 661 2476 quodem
683 2397 815 2458 faciliore
844 2393 1015 2476 assequendi
1035 2395 1096 2478 ejus
1119 2395 1261 2456 rationem
1287 2410 1351 2473 prae·

135 2491 325 2556 meditemur:
347 2494 405 2558 nisi
423 2508 456 2556 tu
477 2495 594 2560 fortasse
611 2495 832 2581 commodiorem
849 2493 953 2571 habes,
973 2513 1058 2575 quam
1078 2490 1209 2568 indices,
1230 2492 1312 2556 riam.
1327 2515 1351 2525 -

136 2592 197 2674 Ego
217 2614 285 2655 vero
303 2615 364 2654 non
381 2593 483 2656 habeo.
504 2621 539 2631 -
559 2595 650 2660 Visne
673 2595 763 2678 igitur
783 2593 843 2656 vile
863 2589 936 2675 quid
962 2611 1149 2676 quaeramus,
1170 2589 1259 2668 idque
1284 2605 1351 2648 cone·

136 2711 201 2752 mur
219 2691 383 2776 exemplum
400 2679 507 2776 ponere
527 2694 643 2776 majoris
661 2693 743 2754 illius
763 2693 895 2774 negotii?
916 2721 951 2732 -
970 2689 1107 2750 Omnino.
1128 2717 1163 2726 -
1183 2686 1264 2766 Quid
1279 2687 1352 2767 igitur

135 2810 350 2874 proponamus,
369 2791 448 2874 quod
476 2806 578 2856 motum
597 2793 634 2856 sit
658 2790 793 2856 omnihus
806 2803 847 2852 -ct
866 2810 1008 2873 paruum,
1028 2787 1281 2850 rationem‘sutem
1306 2803 1352 2844 ooo

31 2933 39 2946 ,
136 2888 293 2964 minorem,
314 2911 400 2975 quam
418 2891 537 2972 quidvis
556 2892 713 2974 majorum,
732 2889 863 2952 habeat?
886 2888 987 2950 Veluti
1008 2877 1216 2968 mammio,
1232 2891 1353 2968 piscator

137 2987 350 3050 samsones.-
370 3011 470 3052 noone
490 3003 519 3053 et
537 2989 672 3064 omnihus
691 2987 725 3050 id
739 3001 839 3050 notum
850 3000 947 3048 etnon
958 2988 1055 3068 magni
1072 2987 1209 3050 momenti
1224 2983 1351 3068 nogotium

138 3087 203 3148 est?
224 3115 259 3125 -
279 3089 372 3150 Certe.
393 3119 428 3128 -
448 3088 535 3150 Viam
554 3087 639 3150 illum
659 3087 847 3152 strationem
873 3084 981 3148 habere
1005 3085 1044 3147 ad
1072 3086 1123 3164 id,
1144 3083 1224 3165 quod
1252 3077 1352 3162 quaeri·

135 3206 219 3261 mats,
240 3200 336 3269 aptam
355 3209 446 3272 spero.
460 3215 495 3226 -
509 3185 546 3248 Id
562 3187 587 3248 si
604 3187 646 3246 ita
663 3199 754 3262 esset,
770 3205 859 3246 resse
879 3183 985 3268 optime
999 3181 1127 3248 haberet.
1148 3211 1183 3220 -
1202 3185 1262 3264 Age
1271 3225 1280 3255 ,
1295 3177 1352 3236 hius

135 3282 342 3346 exordiamur:
372 3285 421 3348 dic
444 3285 551 3361 mihi,
566 3284 672 3348 artisoe
697 3303 762 3344 eum
790 3281 932 3364 peritum,
953 3302 992 3345 an
1021 3296 1167 3364 expertem
1196 3279 1282 3354 artis,
1308 3271 1353 3334 alil

136 3402 208 3444 ‘vero
233 3383 371 3446 facultate
398 3384 543 3448 valentem
568 3385 732 3466 ponemus?
753 3411 788 3420 -
817 3380 942 3446 Minime
965 3401 1034 3446 saue
1063 3393 1209 3463 expertem
1237 3378 1310 3440 artis.
1327 3397 1353 3408 -·

62 3539 67 3550 ,
138 3482 254 3544 Artium
275 3483 403 3546 ommium
428 3482 486 3545 duo
512 3497 581 3546 sunt
608 3503 720 3564 genera.
740 3509 776 3522 —
796 3482 944 3555 Quaenam
975 3478 1053 3544 illa?
1073 3503 1109 3518 ··
1128 3477 1307 3558 Agricultura
1332 3479 1352 3528 tl

135 3601 327 3664 quaecunque
340 3580 454 3644 cultura
471 3581 596 3662 quodvis
615 3580 734 3644 mortale
750 3600 854 3661 corpus
870 3591 994 3663 spectat,
1014 3590 1076 3642 tum
1096 3598 1165 3639 uero
1183 3577 1268 3640 etiam
1284 3566 1352 3652 quid·

135 3678 213 3760 quid
232 3680 420 3761 compositum
439 3693 481 3742 est
498 3694 527 3742 et
542 3678 660 3758 fletum,
681 3677 760 3760 quod
785 3675 918 3758 supellex
938 3690 1077 3754 vocatur,
1096 3696 1198 3754 arsque
1217 3646 1352 3738 imitandis

140 3777 211 3840 haec
232 3780 368 3840 universa
387 3800 447 3842 uno
468 3779 590 3860 nomine,
603 3793 680 3843 recte
699 3774 1048 3853 disemum-Quomodo
1069 3788 1170 3854 etque
1190 3769 1370 3838 nominet-s

140 3876 212 3940 Πᾶν
238 3868 311 3960 ὅπερ
338 3869 374 3939 iis
399 3871 444 3960 μή
471 3869 616 3961 πρότερόν
642 3899 686 3952 τις
714 3868 750 3940 dv
775 3866 898 3957 ὕστερον
924 3871 964 3948 εἷς
1002 3866 1105 3938 maiar
1130 3864 1203 3957 dm,
1234 3863 1285 3936 τᾶν
1306 3854 1352 3944 pis
1406 3893 1408 3978 p

134 3971 250 4058 ἄγοντα
270 3983 374 4054 ποιεῖν,
401 3975 438 4044 sd
464 3977 500 4044 δὲ
526 3973 670 4061 ἀγόμενον
690 3973 844 4042 nestsear
863 3968 921 4042 ησύ
944 3995 1056 4057 φαμέν·
1088 3977 1279 4060 quodcunque
1302 3966 1351 4025 als·-

134 4089 225 4162 qus's,
251 4105 321 4142 cum
340 4093 432 4144 anteo
451 4107 508 4144 non
521 4087 662 4160 ficisset,
680 4093 782 4159 posim
803 4103 833 4142 so
854 4081 984 4144 adurit
1010 4089 1045 4142 ut
1072 4086 1162 4150 essct,
1183 4081 1229 4148 is,
1258 4074 1304 4148 qui
1326 4061 1351 4122 ’Ἀ

73 4184 80 4201 ’
136 4203 173 4244 ee
192 4171 351 4271 quidm,
373 4186 538 4260 secisse,
566 4183 600 4244 id
627 4191 745 4255 eutem,
774 4181 851 4260 quod
879 4200 910 4248 eo
939 4178 1103 4242 adductum
1131 4183 1195 4248 est,
1219 4173 1348 4247 feeit*

139 4283 269 4341 dicitur.
292 4282 443 4341 ···Recte.
465 4282 651 4355 -Cuncta,
681 4299 754 4358 quae
781 4277 865 4339 modo
885 4275 1055 4349 retulimus,
1087 4273 1158 4332 illuc
1183 4267 1280 4336 maturi
1301 4263 1349 4341 ipsa

181 4490 205 4556 ll
224 4491 328 4545 Dubitat
343 4492 434 4554 Plato,
458 4507 516 4556 oum
535 4491 585 4544 hoc
604 4491 718 4542 lecturus
736 4491 770 4540 sit
790 4487 863 4556 Sepla.
888 4484 938 4538 253
954 4483 985 4544 E,
1007 4483 1057 4536 25l
1077 4481 1106 4537 B.
