2872 5122
751 294 810 354 ltt

173 447 224 515 deti
246 449 424 534 φιλοσοφίας
444 444 576 513 Πλάτων
597 453 741 516 κατεῖδε.»
768 453 798 536 l)
818 454 934 533 Ecquis,
951 455 1040 536 igitur
1058 456 1139 518 locus
1167 472 1209 518 est
1227 459 1260 520 iu
1275 461 1377 522 Platonis

170 553 370 638 philosophia,
391 554 441 632 qui
462 553 613 636 interpreti
635 554 806 637 diligentius
824 553 862 613 sit
880 552 1073 616 uenando?
1196 551 1198 559 ἱ

210 656 358 716 Caeterum
376 652 516 712 rationem
527 697 535 728 ,
558 675 614 734 qua
634 653 704 713 haec
722 652 860 735 exposui,
886 665 974 712 totam
1000 653 1136 732 relinquo
1154 653 1290 716 lectorum
1313 655 1376 735 judi-
1419 681 1420 688 ¹

168 737 222 814 cio.
248 750 439 834 Simplicitate
454 772 573 833 peceare
587 751 697 828 malui,
713 772 798 830 quam
819 748 915 810 aliena
934 748 1070 810 doctrina
1088 765 1193 810 temere
1207 752 1377 824 admiscendi,
1417 749 1420 760 ⁴

167 852 246 927 Quae
266 871 334 912 vero
362 849 488 909 maxime
515 863 609 911 essent
633 850 778 910 Socratica
806 862 834 908 et
862 847 1029 924 Platonica,
1050 849 1120 908 haec
1148 850 1249 912 studui
1278 851 1378 912 interius

131 954 138 972 ‘
166 968 334 1030 cognoscere
353 961 382 1007 et
400 947 551 1030 perspicue
568 948 689 1009 tradere.
731 946 844 1017 Inserui
864 945 990 1006 subinde
1011 947 1172 1020 nonnulla,
1196 969 1269 1027 quae
1292 951 1377 1029 scripta

166 1048 295 1109 Platonis
313 1045 421 1126 magis,
440 1067 526 1125 quam
545 1047 778 1128 philosophiam,
799 1059 981 1126 spectarent:
1007 1060 1075 1106 sunt
1095 1061 1189 1106 autem
1209 1046 1279 1106 haec
1296 1068 1376 1126 pauca.

166 1147 238 1206 Nam
261 1167 297 1204 ne
316 1144 399 1203 filum
417 1144 635 1227 abrumperetur
652 1144 869 1225 philosophicae
890 1143 1120 1222 disquisitionis,
1140 1146 1377 1207 animadversioni·
1419 1143 1420 1152 ’

165 1243 220 1302 bus
237 1243 365 1316 criticis,
385 1244 507 1303 maxime
526 1243 562 1302 de
582 1245 750 1303 auctoritate
770 1243 942 1322 scriptorum
966 1243 1198 1319 Platonicorum,
1227 1245 1264 1304 de
1292 1245 1377 1324 quibus

164 1340 250 1401 hodie
269 1342 302 1400 in
319 1342 420 1422 primis
440 1340 622 1421 disputatur,
643 1349 829 1420 quaestiones
847 1340 1025 1400 Platonicos
1047 1341 1203 1405 destinavi.
1229 1343 1309 1402 ttlnd
1327 1363 1377 1404 vero

165 1441 209 1522 egi
227 1441 405 1521 potissimum
428 1459 569 1518 curaeque
588 1440 677 1499 habui
688 1486 696 1514 ,
725 1453 775 1513 ut,
803 1438 880 1517 quod
900 1440 1001 1499 Cicero
1021 1440 1077 1514 ait,
1103 1463 1138 1499 ear
1168 1449 1233 1519 ipso
1257 1442 1377 1500 Plutonis

164 1547 253 1618 quari
273 1540 398 1617 quodum
418 1528 520 1597 saneto
541 1550 727 1620 augustoque
740 1541 833 1614 sonte
852 1549 957 1598 nostro
972 1548 1068 1599 enanis
1086 1552 1227 1599 moneret
1245 1537 1377 1612 oratio‚2l

164 1658 196 1696 ac
209 1682 217 1709 ,
239 1632 358 1695 Plitone
389 1637 420 1694 in
448 1657 498 1694 sua
529 1637 592 1695 luce
623 1638 733 1718 positu,
754 1651 889 1696 caverent
915 1635 1023 1696 deiude
1045 1637 1232 1718 philosophi,
1257 1661 1294 1698 ne
1316 1657 1377 1698 suan

164 1735 335 1794 seutentiam
363 1736 476 1794 Platoni
505 1717 712 1809 obtruderent,
743 1755 853 1813 neque,
876 1750 907 1794 ut
938 1735 1034 1796 verbis
1063 1751 1127 1796 utar
1155 1735 1377 1816 Wyttenbachii‚
1416 1765 1417 1772 ¹

167 1835 305 1893 Plutonia
322 1841 503 1892 sententiam
525 1836 566 1892 od
581 1842 804 1910 ineptissimum
821 1835 952 1913 quodque
967 1845 1165 1894 commentum
1182 1837 1378 1913 ¹detorquerent

121 1958 124 1964 ·
163 1943 192 1991 et
221 1951 240 1989 o
266 1955 410 2015 germano
439 1941 504 1990 vari
525 1934 688 2011 pulcraque
717 1955 805 1991 aenaea
834 1934 875 1990 od
901 1935 1094 1993 scholasticos
1121 1956 1221 2015 nugae
1240 1944 1377 1994 converte·

166 2041 245 2090 rent.
268 2029 300 2111 3)
319 2063 351 2074 —·
370 2029 427 2090 Sed
444 2051 593 2112 pergamus
611 2030 648 2089 ad
665 2031 879 2112 philosophiam
898 2033 969 2094 veri.

198 2239 224 2306 1)
243 2242 327 2316 Amet,
355 2240 405 2291 762
423 2240 453 2291 Α.
482 2240 524 2291 Sic
546 2240 657 2303 lactum,
683 2249 711 2290 ut
731 2240 903 2304 Plutarchus,
929 2250 957 2293 ut
977 2241 1174 2309 Neoplatoniei,
1202 2252 1229 2294 ut
1242 2235 1377 2294 Scholastisi

163 2331 239 2379 etiam
253 2337 362 2394 postea,
387 2335 492 2378 auctore
504 2328 612 2378 maxime
629 2326 783 2390 Aheilardo,
809 2329 924 2380 certatim
940 2328 973 2380 de
987 2341 1075 2385 amore
1088 2329 1340 2401 philosopharentur.
1354 2326 1378 2378 llt

163 2414 189 2466 hi
213 2414 314 2481 quidem
325 2412 475 2480 theologiae
486 2413 512 2462 id
524 2429 587 2464 suae
602 2412 840 2476 accommodarunt;
866 2413 913 2466 sed
930 2413 980 2466 hoc
996 2415 1078 2480 ipsum
1092 2415 1187 2476 valuit,
1207 2424 1235 2464 ut
1253 2429 1378 2468 servarer-

161 2509 204 2552 tur
223 2500 267 2551 illa
284 2500 393 2566 placita,
414 2499 528 2564 quumvis
549 2506 687 2564 corrupta,
708 2506 733 2548 et
748 2511 945 2566 quoqtroversus
964 2497 1131 2550 dimanarent.
1160 2500 1224 2552 inde
1237 2499 1377 2568 spiritualis,

130 2643 137 2661 ἱ
167 2587 210 2653 qui
232 2594 352 2647 vocatur,
378 2601 460 2646 αηιον,
480 2584 559 2652 longe
572 2584 692 2650 prolecto
710 2600 724 2634 a
737 2583 872 2635 Platonico
885 2584 1000 2647 alienus,
1021 2585 1072 2647 sed¹
1083 2585 1133 2636 hoc
1146 2595 1231 2636 tamen
1243 2589 1344 2638 nomine
1360 2585 1377 2633 in

162 2671 277 2721 Daritis
302 2679 328 2720 ot
351 2669 549 2720 l'ctrarcbae
572 2669 725 2720 carminibus
742 2668 842 2720 obvius.
875 2670 973 2722 Eros-to
991 2667 1086 2721 deinde
1101 2670 1149 2721 sub
1168 2671 1294 2723 Mediceis
1311 2671 1378 2738 ipsius

163 2755 278 2804 Platonis
305 2755 407 2817 studio,
435 2763 461 2804 ut
483 2756 590 2822 quisque
611 2756 720 2805 munione
740 2755 873 2806 Platonem
896 2756 922 2806 in
935 2755 1146 2822 philosophando
1160 2766 1265 2808 secutus
1280 2765 1336 2819 est,
1352 2757 1378 2804 ita

164 2855 276 2890 amorem
292 2839 423 2908 indagavit
439 2839 636 2892 studiosissime.
658 2839 737 2904 Cujus
750 2841 789 2890 rei
806 2841 905 2891 illustre
921 2843 1066 2908 exemplum
1081 2843 1201 2910 praebuit
1215 2843 1378 2910 praecedente

162 2925 267 2976 saeculo
283 2925 322 2975 Fr.
341 2924 620 2988 ilenrsterhusius,
639 2925 708 2976 haud
721 2927 848 2978 immerito
861 2927 906 2978 ille
924 2943 939 2978 a
955 2926 1034 2980 Gallis
1048 2937 1076 2980 ot
1091 2927 1225 2980 Germanis
1240 2929 1378 2980 Botaeonot

161 3011 234 3062 Plato
252 3018 369 3060 vocatus.

196 3095 223 3159 2)
241 3093 294 3148 cie.
314 3095 383 3146 Taso.
404 3097 433 3155 Q.
449 3096 478 3147 V.
493 3095 533 3146 12.
617 3111 619 3116 ·

196 3181 223 3246 3)
247 3182 302 3232 Vite
316 3182 414 3234 Rubri.
433 3199 459 3250 p.
476 3181 519 3232 ⁴8.
