2872 5122
611 275 728 364 77,

52 441 145 501 redeat.
187 439 233 499 Sic
255 440 368 518 utrique
388 436 565 498 adscribitur
584 438 720 498 divinum
741 457 865 514 munus,
884 454 915 498 ut
935 439 1078 499 hominem
1097 441 1202 501 efficiat
1221 443 1280 503 lieo

50 541 170 600 similem.
214 537 270 597 Sed
287 537 374 615 hujus
394 535 524 596 nondum
544 537 600 596 loci
621 551 682 612 est,
698 537 781 595 illam
799 537 963 618 explicare,
985 560 1069 617 quarn
1090 539 1170 600 l‘lato
1185 542 1281 601 ubivis
1305 605 1310 616 ,

51 639 205 720 praedicat,
227 628 368 714 ὁμοίωσιν
389 633 434 720 τῷ
454 628 530 718 siim.
570 639 697 696 Praestat
716 636 765 695 hic
783 656 927 717 apponere
942 636 1100 696 Socraticae
1115 639 1281 720 palinodiae

50 738 202 818 epilogum,
219 739 462 818 elegantissimum
478 737 581 810 illurn,
598 749 626 794 et
644 756 712 794 vero
726 735 829 793 amoris
840 733 1035 796 declarantem
1044 750 1072 795 et
1081 737 1281 818 philosophiae

50 837 281 914 conjunctionem.
307 837 409 894 «Haec
428 835 501 910 tibi,
523 834 629 894 dilecte
649 835 754 907 Amor,
776 833 933 892 recantatio
954 833 1127 914 pulcerrima
1152 849 1180 894 et
1204 823 1282 916 opti-

51 955 103 1008 ma,
125 948 155 993 ut
176 935 341 1015 potuimus,
364 933 493 993 exsoluta
507 946 549 992 est
568 946 595 991 et
611 930 721 1006 dicata,
742 951 827 1014 quam
847 945 875 991 et
889 930 944 992 hoc
960 932 1044 992 modo
1059 952 1162 992 canere
1176 944 1204 990 et
1219 954 1280 992 ver·

52 1033 88 1091 bis
104 1033 231 1112 prolerre
261 1033 381 1114 politicis
405 1054 422 1090 a
448 1030 579 1092 Phaedro
606 1031 697 1090 coacti
727 1049 833 1089 sumus.
857 1031 921 1089 ‘Tu
949 1051 1018 1091 vero
1047 1021 1075 1090 et
1102 1043 1169 1090 ante
1195 1027 1282 1091 dietis
1348 1107 1352 1114 ι

51 1117 188 1210 ignosce'ns
208 1145 237 1189 et
257 1130 326 1189 haec
347 1129 466 1189 anobis
486 1127 602 1211 placide
621 1127 785 1208 accipiens,
807 1127 952 1208 benignus
972 1128 1044 1188 mihi
1068 1128 1145 1190 adsis
1169 1146 1197 1191 et
1217 1152 1280 1212 pro·

51 1229 146 1308 pitius,
166 1249 309 1307 quamque
330 1226 437 1287 dedisti
458 1227 550 1303 mihi,
570 1247 607 1286 ne
627 1226 740 1285 auferas
761 1226 803 1286 ira
822 1247 897 1287 neve
915 1228 1069 1286 imminuas
1095 1243 1184 1289 artem
1208 1251 1279 1290 arna·

51 1326 149 1385 toriam.
192 1325 303 1400 Quodsi
322 1324 394 1404 quid
414 1325 553 1385 hactenus
572 1326 694 1384 numine
718 1338 768 1384 tuo
791 1323 947 1404 indignum
965 1346 981 1383 a
1000 1325 1130 1386 Phaedro
1155 1342 1183 1387 et
1203 1351 1218 1388 a
1238 1349 1289 1400 me,
1368 1374 1371 1383 s

51 1423 149 1482 dictum
168 1425 226 1498 sit,
257 1424 370 1503 Lysiam
388 1441 544 1497 accusans,
574 1423 713 1482 orationis
738 1422 819 1481 illius'
846 1437 1008 1497 auctorem,
1029 1438 1125 1484 averte
1152 1447 1216 1486 eum
1245 1428 1282 1486 ab

52 1521 205 1599 hujusmodi
223 1519 420 1596 sermonibus,
442 1521 480 1581 ad
498 1520 713 1603 philosophiam
730 1541 809 1582 ·vero
828 1535 983 1597 converte,
1012 1544 1048 1581 ne
1078 1524 1140 1600 ejus
1158 1525 1282 1606 amplius

52 1619 170 1700 exemplo
200 1632 309 1679 amator
334 1618 435 1695 hicce,
455 1618 621 1694 Phaedrus,
645 1620 774 1678 incertus
794 1618 914 1678 fluctuet
931 1635 1075 1700 mutatque
1095 1625 1281 1698 sententiam,

52 1717 92 1776 scd
114 1719 143 1776 in
163 1725 279 1776 cauma
299 1731 327 1776 et
345 1726 514 1795 sapientiae
533 1716 629 1777 studio
649 1719 739 1778 vitam
759 1717 898 1797 transigat
915 1733 1105 1779 constanter.»
1132 1717 1161 1800 l)

84 1816 129 1876 Est
146 1816 277 1896 profecto
295 1830 433 1875 venustus
447 1815 480 1876 in
499 1817 600 1897 primis
620 1828 648 1874 et
666 1814 799 1890 sublimis
817 1813 948 1895 dialogus
968 1816 1068 1875 hicce:
1090 1839 1143 1878 nec
1162 1819 1282 1894 mirum,

53 1927 136 1994 captos
153 1916 217 1994 ejus
237 1913 376 1972 suavitate
396 1913 492 1972 luisse
504 1912 729 1993 elegantissimos
751 1932 877 1991 quosque
906 1914 1067 1994 scriptores.
1109 1915 1282 1976 Habuerunt

53 2033 106 2070 enm
123 2011 224 2072 erotici
244 2031 341 2070 omnes
357 2023 494 2092 tanquam
513 2023 628 2092 pratum
647 2009 793 2088 quoddam
807 2010 1052 2087 jucundissimum
1062 2057 1071 2087 ,
1100 2013 1178 2074 unde
1195 2015 1280 2076 flores

54 2123 191 2191 carperent
211 2109 326 2188 scriptis
346 2110 412 2169 suis.
436 2107 468 2190 2)
489 2111 590 2170 Cicero
609 2129 677 2170 vero
706 2109 848 2168 rusticans
876 2110 908 2169 in
929 2110 1011 2171 villis
1032 2133 1098 2172 cum
1123 2115 1224 2174 'amicis
1253 2129 1281 2174 et

55 2209 169 2268 scribens
187 2207 276 2266 etiam
295 2204 332 2265 de
353 2206 517 2287 eloquentia
547 2220 576 2266 et
595 2206 632 2266 de
651 2206 763 2287 legibus
782 2207 1012 2285 constituendis,
1033 2225 1128 2271 mente
1155 2213 1281 2273 subinde

55 2319 78 2363 ct
92 2306 261 2386 cogitatione
279 2319 355 2364 totus
379 2305 547 2366 versabatur
570 2306 603 2364 in
633 2307 719 2370 sacris
748 2304 810 2364 illis
829 2305 905 2365 Ilissi
924 2307 1072 2370 tractibus.
1114 2310 1281 2373 Scaevolam

57 2404 156 2464 inducit
179 2423 249 2464 curn
268 2404 367 2463 Crasso
386 2403 506 2484 aliisque
527 2405 559 2463 in
583 2403 670 2480 hujus
688 2401 854 2464 Tusculano
876 2405 1089 2482 ambulantem,
1110 2423 1139 2469 et
1168 2408 1281 2470 duobus

57 2504 140 2582 spatiis
154 2501 287 2562 tribusve
302 2501 405 2586 lactis,
426 2502 496 2561 haec
519 2515 722 2583 usurpantem:
745 2498 776 2581 3)
801 2521 815 2554 n
827 2503 885 2562 Cur
899 2525 959 2564 non
979 2506 1143 2583 imitamur,
1165 2510 1281 2584 Crasse,

58 2599 184 2660 Socratem
208 2599 311 2673 illum,
332 2599 383 2678 qui
403 2614 444 2659 est
462 2600 495 2658 in
513 2598 644 2659 Phaedro
664 2599 818 2659 Platonis?
840 2622 907 2661 uam
927 2623 971 2680 me
991 2603 1060 2663 haee
1079 2620 1128 2664 tua
1147 2605 1281 2687 platanus

58 2697 214 2773 admonuit,
231 2717 303 2776 quae
323 2718 382 2756 nou
399 2696 550 2757 minusad
574 2696 755 2778 opacandum
773 2697 853 2757 hunc
877 2697 972 2761 locum
990 2703 1100 2783 patulis
1118 2718 1160 2764 est
1178 2704 1281 2765 diffusa

59 2798 129 2856 ramis
139 2842 147 2871 ,
167 2816 255 2876 quam
274 2795 344 2870 illa,
362 2796 445 2874 cujus
464 2795 594 2856 umbram
617 2810 730 2856 secutus
750 2810 792 2856 est
815 2796 960 2875 Socrates,
981 2822 1053 2880 quae
1072 2801 1144 2861 mihi
1163 2802 1281 2864 videtur

60 2915 107 2953 non
124 2909 180 2954 tam
199 2895 261 2975 ipsa
279 2893 403 2974 aquula,
424 2915 496 2973 quae
516 2894 709 2969 describitur,
730 2915 815 2973 quarn
842 2885 971 2957 Platonis
994 2899 1122 2960 oratione
1140 2903 1281 2963 crevisse:

88 3117 109 3182 1)
124 3122 230 3173 Pioodr.
248 3117 307 3172 25⁷.
324 3118 355 3171 Α.
374 3118 403 3171 Β.

87 3205 109 3268 2)
125 3207 153 3258 V.
177 3223 201 3276 a,
224 3205 388 3268 Plutarchus,
413 3203 556 3269 Lucienus,
580 3205 772 3271 Aristaenetus,
795 3206 953 3275 Alciphrou,
978 3210 1034 3262 alii:
1058 3211 1128 3280 quod
1151 3229 1207 3266 cum
1225 3221 1281 3267 stu-

63 3295 160 3361 diosius,
173 3313 249 3366 qnam
262 3297 361 3363 aptius,
376 3304 485 3364 agerent
497 3297 628 3363 nonnulli,
642 3302 738 3367 carpsit
753 3315 799 3352 eos
812 3299 977 3365 Plutarchus,
992 3305 1036 3370 qni
1057 3295 1206 3378 γλίχονται
1228 3295 1281 3363 τόν

64 3387 210 3469 Πλάτωνος
235 3385 353 3453 ursaia
377 3390 426 3452 καὶ
452 3387 506 3454 τάν
532 3388 619 3475 ἄγνον
644 3395 751 3460 ἐκεῖνον
770 3396 819 3459 καὶ
838 3394 894 3481 τήν
913 3394 1013 3482 η’ρέμα
1033 3395 1182 3485 πρῠσάντη
1204 3398 1282 3466 πόαν

64 3501 207 3576 πεφυκυῖαν
234 3488 460 3577 ἐπιγράφεσθαί.
487 3507 570 3558 Amat.
590 3506 647 3559 719.
665 3508 697 3560 Α.
716 3509 839 3562 Fortasse
853 3511 928 3561 etiarn
946 3509 1096 3577 philosophi
1113 3487 1282 3577 proiecerunt

65 3609 128 3672 inde;
150 3617 219 3662 certe
243 3609 374 3675 principes
398 3626 487 3662 eornm
515 3591 641 3679 ἒρίυτικᾶ
661 3611 833 3677 scripserunt:
858 3609 1061 3674 Aristoteles,
1091 3611 1163 3676 cujus
1189 3610 1280 3662 librum

67 3709 189 3762 secondum
213 3692 360 3777 ἐρωτικῶν
383 3711 507 3758 memorat
528 3702 621 3756 Athen.
644 3703 696 3756 XV.
714 3703 772 3756 611,
792 3702 830 3756 Cf.
848 3704 927 3776 Diog.
944 3705 971 3758 L.
990 3706 1019 3757 V.
1037 3703 1094 3756 22:
1112 3707 1208 3770 Zeno,
1227 3705 1280 3758 vid.

67 3791 129 3866 Diog.
152 3799 179 3850 L.
205 3799 261 3850 Vll.
286 3796 326 3850 31.
355 3800 544 3868 Epicurus,
568 3793 623 3846 vid.
650 3793 685 3846 id.
713 3796 742 3846 X.
767 3794 809 3848 27.
839 3796 1035 3860 Cleanthes,
1060 3797 1102 3865 qui
1127 3798 1282 3865 conscripsit

69 3873 191 3965 {amala
211 3875 331 3963 τεχνήν,
349 3890 402 3944 via.
419 3889 454 3940 aa.
472 3889 527 3940 vn.
547 3885 603 3938 irs.
622 3887 673 3938 aiis.

95 3981 118 4044 3)
133 3985 167 4037 De
190 3987 260 4037 Orat.
284 3984 304 4036 l.
325 3985 348 4035 i.
369 3981 485 4051 (Verbist
503 3981 597 4031 cennos
614 3981 708 4043 eden,
726 3997 795 4032 socer
812 3984 866 4046 ejus
882 3983 926 4049 qus'
939 3983 1037 4047 summ,
1055 3981 1084 4045 Q.
1102 3981 1201 4032 Muciam
1214 3982 1282 4032 dice-

71 4065 141 4133 ianr,
168 4070 263 4139 aliquid
294 4070 423 4121 excidisse
447 4067 534 4134 puto.'
553 4065 676 4118 Fortasse
700 4065 854 4134 legendnm:
879 4082 955 4118 socer
981 4065 1052 4131 ojus,
1075 4069 1119 4135 qui
1140 4068 1281 4135 principum

70 4153 146 4214 lwet-
162 4155 223 4208 llam
242 4163 268 4206 et
286 4156 384 4208 insulsa
402 4162 442 4205 est
459 4157 563 4218 recepta
582 4149 659 4201 lectio
675 4149 717 4216 (cf.
732 4150 762 4202 ll.
778 4151 816 4229 11,ι
826 4148 885 4218 at),
905 4159 931 4203 et
947 4153 1065 4219 proxima
1081 4152 1236 4204 omailioruos
1246 4179 1278 4188 -

72 4240 136 4289 socios
153 4257 201 4293 non
224 4241 333 4304 habent,
359 4255 425 4308 quo,
446 4235 579 4291 Ciceronis
597 4251 685 4300 more,
708 4237 859 4288 referantur.
886 4236 1021 4290 Caeterum
1039 4238 1163 4288 &monuit
1178 4252 1228 4287 uon
1244 4235 1278 4286 ita

73 4319 194 4390 displicuit,
211 4334 239 4378 ut
257 4342 313 4380 oum
331 4324 413 4378 balcio
432 4321 528 4392 (Schol.
546 4321 611 4387 Hyp.
632 4321 665 4370 11.
688 4319 740 4386 57.)
757 4325 868 4375 dmoni
887 4325 1052 4393 corrigerem.
1086 4320 1195 4374 indicari
1210 4320 1277 4372 enim

73 4405 169 4476 udatur,
186 4412 275 4464 iisdem
289 4412 379 4479 spatiis
393 4410 434 4462 bis
451 4419 524 4461 terve
544 4405 723 4459 inambulatoria
744 4425 811 4461 esse.
830 4408 942 4461 Tertium
955 4405 1136 4460 ventilantibus
1152 4404 1278 4458 Scaevola

74 4491 172 4548 uiator:
198 4496 249 4550 Gur
270 4514 321 4549 non
343 4528 374 4538 -
392 4497 517 4549 admit
528 4525 559 4534 —
577 4489 638 4557 lid.)
