2886 5118
737 321 798 382 tto

146 486 259 568 phandi
289 486 426 546 facultate
455 483 559 544 Graeci
584 499 613 544 et
643 487 740 564 vigore
769 483 823 544 illo
852 507 903 545 suo
932 484 1048 544 destitui
1079 497 1241 564 coeperant.
1282 483 1377 562 ltaque

146 588 253 645 novitii
273 584 438 645 Academici
462 583 492 642 id
513 583 673 664 crepabant
694 585 795 657 unice,
815 583 894 662 quod
916 580 995 664 apud
1009 582 1162 640 Platonem
1181 581 1376 661 reperiebant,

147 683 278 742 sensibus
307 682 396 742 fidem
428 704 486 741 non
516 704 576 740 esse
596 682 779 758 habendam3
812 681 902 741 Stoici
922 683 1099 740 contrarium
1116 679 1277 760 ponebant,
1303 679 1378 758 quod

147 783 215 840 item
243 781 412 840 continebat
429 779 616 860 philosophia
634 781 777 854 Platonis,
807 801 866 840 esse
887 779 999 838 homini
1023 780 1173 838 scientiam
1194 791 1222 836 et
1237 779 1378 838 veritatem

146 878 358 937 vindicandam
378 879 493 939 naviter
504 903 512 954 3
535 879 632 936 neutri
650 899 719 939 vero
738 883 891 938 idearu
903 901 931 936 m
952 877 1134 950 doctrinam,
1156 897 1229 954 quae
1247 877 1376 956 princeps

147 991 189 1035 est
214 977 246 1035 in
269 976 452 1058 philosophia
471 977 616 1051 Platonis,
638 978 883 1056 assequebantur,
900 974 1156 1056 disquisitionibus
1176 987 1251 1032 certe
1271 973 1304 1032 de
1323 975 1376 1053 opi-

149 1076 237 1133 nione
267 1089 296 1133 et
322 1075 443 1134 scientia
472 1097 532 1134 nou
553 1075 735 1135 adhibebant
757 1097 816 1135 eam
844 1077 921 1135 satis.
965 1073 1050 1149 Quod
1070 1075 1140 1131 item
1161 1073 1194 1130 in
1215 1073 1377 1152 optimorum

148 1192 327 1249 quorumque
345 1175 484 1251 sequioris
502 1173 566 1234 aevi
586 1173 843 1248 Academicorum,
872 1175 905 1232 in
924 1173 1016 1253 ipsius
1035 1170 1106 1230 adeo
1126 1171 1275 1230 Ciceronis
1293 1170 1377 1249 placi-

150 1275 188 1331 tis
215 1271 428 1333 desideramus:
458 1291 630 1351 quamquam
654 1271 703 1330 hic
727 1271 816 1356 insito
845 1271 974 1330 Platonis
1002 1290 1095 1329 amore
1122 1267 1244 1348 propius
1263 1266 1301 1326 ad
1321 1287 1375 1324 eum

152 1373 280 1432 accessit.
324 1371 360 1432 ld
380 1392 448 1432 vero
465 1379 579 1428 veteres
596 1369 762 1428 Academici
783 1371 933 1444 fecerunt,
962 1368 1091 1448 germani
1112 1367 1160 1424 illi
1181 1363 1310 1425 Platonis
1328 1365 1375 1422 dis·

150 1471 262 1552 cipuli,
281 1472 407 1549 itemque
427 1468 629 1549 Peripatetici:
662 1481 690 1526 et
711 1468 796 1527 nobis
815 1467 951 1547 quidem,
976 1481 1009 1525 ut
1027 1467 1175 1546 propriam
1195 1465 1375 1544 percipiamus

149 1569 319 1650 philosophi
348 1568 384 1628 de
399 1639 401 1643 s
414 1567 467 1627 hoc
496 1579 665 1646 argumento
686 1579 714 1624 et
734 1565 964 1646 philosophandi
984 1566 1126 1624 rationem
1146 1574 1175 1620 et
1195 1564 1376 1633 sententiam,

67 1681 73 1693 “
151 1668 253 1726 horum
272 1667 420 1748 inprimis
436 1663 525 1738 tutio,
547 1677 604 1722 uta
618 1665 756 1723 Cicerone
776 1665 884 1724 tradita
903 1677 959 1737 est,
979 1660 1158 1722 attendenda
1169 1659 1298 1720 videtur.
1323 1659 1374 1718 Pla·

151 1766 229 1822 tonis
254 1765 301 1823 illi
331 1764 491 1836 rationem,
517 1763 576 1836 ait,
606 1762 801 1842 sequebantur
820 1764 890 1822 fere.
933 1761 1135 1840 Definitionea
1154 1778 1261 1816 rerum
1280 1761 1375 1836 proba·

103 1887 109 1902 ⁸
150 1863 224 1952 bant
240 1874 269 1919 et
288 1865 342 1920 lias
361 1864 537 1935 adomnia,
556 1862 591 1918 de
611 1863 718 1938 quibus
736 1863 977 1938 disceptabatur,
999 1861 1189 1918 adhibebant.
1223 1856 1375 1915 Verborum

152 1965 245 2016 etiam
263 1960 423 2037 explicatio
438 1962 643 2036 probabatur,
674 1962 707 2017 id
725 1969 784 2034 est,
806 1983 866 2038 qua
886 1962 920 2019 de
940 1979 1048 2018 caussa
1069 1977 1204 2035 quaeque
1223 1967 1318 2013 essent
1335 1963 1372 2010 ito

150 2065 325 2115 nominata:
355 2079 445 2135 quam
467 2053 661 2137 ἕτυμολογίαν
690 2061 901 2138 appellabant:
929 2069 997 2134 prist
1023 2063 1236 2136 argumentis,
1262 2063 1291 2112 et
1307 2073 1372 2131 qaa-

85 2168 88 2172 '
149 2162 179 2213 si
206 2177 312 2212 rerum
342 2165 436 2232 notis,
465 2161 591 2218 ducibus
621 2165 786 2216 utebantur
810 2159 849 2214 ad
874 2157 1064 2234 probandum
1085 2165 1115 2213 et
1143 2155 1184 2211 ad
1210 2155 1373 2211 concluden-

151 2255 223 2312 dum
253 2256 303 2329 id,
332 2246 408 2334 quod
431 2260 593 2336 explanari
618 2258 771 2315 volebant:
801 2261 835 2311 in
868 2277 924 2332 quo
952 2257 1133 2312 tradebatur
1161 2261 1259 2311 omnis
1277 2252 1372 2309 dialec-

147 2360 229 2410 ticae
255 2353 436 2430 disciplina,
466 2357 499 2412 id
526 2365 589 2429 est,
620 2362 767 2413 orationis
784 2361 903 2411 ratione
921 2339 1096 2410 conclusae:
1118 2353 1207 2424 leuia,
1238 2357 1319 2428 quasi
1344 2367 1371 2402 er

149 2450 253 2507 altera
278 2462 369 2526 parte
387 2449 416 2529 l)
434 2461 570 2510 oratoria
595 2460 642 2510 vis
659 2453 779 2511 dicendi
797 2453 1011 2524 adhibebatur,
1036 2451 1225 2528 suplicatrts
1243 2451 1370 2506 orations

146 2553 313 2621 perpetuae
342 2531 383 2606 ad
395 2552 642 2626 persuadendam
663 2552 907 2609 accommodatae.
949 2548 1142 2608 Haeserunt
1163 2549 1231 2606 illis
1250 2553 1368 2622 primae

151 2641 281 2702 Platone
300 2649 419 2705 tradita
431 2647 472 2727 2).
503 2648 561 2708 Sed
573 2651 603 2707 in
624 2648 671 2707 his
691 2647 793 2728 primis
811 2647 869 2705 alia
890 2650 976 2706 etiam
995 2650 1097 2708 Cicero
1115 2646 1257 2726 longeque
1274 2642 1368 2722 gratio

152 2761 185 2797 ra
205 2759 357 2819 memorat,
377 2747 469 2806 veluti
488 2746 665 2827 praeclaram
686 2745 877 2804 sententiam:
896 2767 1077 2825 quamquam
1097 2754 1236 2804 oriretur
1252 2765 1271 2799 a
1288 2745 1365 2799 send·

150 2838 264 2920 duab),
292 2851 393 2902 tamen
415 2857 554 2903 non'esse
566 2847 726 2920 judiciam
747 2851 889 2902 veritatis
908 2855 942 2902 in
965 2847 1117 2904 sensibus:
1147 2852 1307 2900 mentem
1332 2859 1364 2893 ee·

152 2939 254 2997 lebant
280 2961 421 3000 rerum
443 2965 504 3002 esse
517 2950 538 3018 j
547 2944 726 3000 adicem:
755 2943 847 2998 solam
869 2945 1028 3001 censebant
1047 2945 1202 3014 idoneam,
1223 2947 1271 2997 eui
1287 2937 1364 2995 erede·

152 3047 256 3113 retur,
276 3047 349 3118 quia
368 3044 430 3099 sola
450 3023 588 3100 cerneret
607 3043 654 3114 id,
675 3040 752 3117 quod
767 3040 1010 3120 temperassetlil
1031 3043 1159 3118 simplas·
1175 3049 1204 3098 et
1218 3033 1365 3096 uniusmodi

153 3146 183 3194 et
212 3139 291 3212 tale,
316 3141 404 3216 quale
423 3151 507 3200 esset.
549 3138 638 3198 Hane
659 3142 710 3198 illi
728 3131 812 3196 ἰδέαν
829 3141 1039 3218 appellabant,
1062 3147 1134 3215 jam
1154 3161 1174 3196 a
1190 3139 1309 3196 Platone
1326 3140 1362 3188 iia

155 3243 361 3295 nominatam:
382 3262 433 3296 nos
453 3251 534 3297 reete
553 3261 642 3316 spec
654 3248 728 3298 iem
742 3255 902 3317 possumus
922 3243 1031 3298 dicere.
1075 3238 1190 3299 Sensus
1210 3247 1302 3295 autem
1319 3249 1364 3286 om·

153 3355 206 3391 nes
234 3335 348 3393 hebetes
376 3341 528 3397 attardus
548 3361 609 3397 ease
629 3339 881 3413 arbitrabantur,
908 3361 960 3397 nec
980 3345 1135 3416 percipere
1154 3340 1217 3396 ullo
1237 3333 1309 3392 modo
1326 3345 1364 3382 Μ

152 3454 217 3509 eas,
245 3456 320 3512 quae
347 3437 496 3510 subjectae
516 3440 650 3497 sensibus
678 3439 877 3496 viderentur.-
907 3460 982 3518 quae
1002 3447 1099 3497 essent
1119 3447 1176 3495 aut
1192 3444 1238 3492 ita
1253 3446 1363 3510 pareas,

186 3707 217 3773 t)
236 3708 425 3776 interpretatur
451 3707 528 3760 Era:
548 3725 656 3776 praem,
693 3702 724 3770 ἐκ
746 3691 953 3783 παραλλήλου·
991 3709 1040 3762 sed
1061 3707 1230 3760 Aristotelem
1251 3698 1360 3768 cogitant

80 3871 84 3880 Ι
152 3797 246 3858 Cicero
260 3807 379 3873 videtur,
395 3809 438 3876 qui
452 3807 605 3859 dialecticae
621 3809 778 3862 rhetoricam
795 3791 991 3878 ἀντίστροφον
1010 3807 1074 3858 dixit
1092 3805 1165 3856 aaa.
1187 3802 1207 3854 l.
1223 3801 1248 3852 l.

188 3894 219 3960 2)
240 3897 382 3951 Cie.Acad.
404 3900 424 3951 l.
447 3898 472 3950 8.
492 3899 596 3966 (Vitium
610 3899 693 3952 latere
707 3899 779 3950 multi
794 3896 924 3948 viderant.
950 3895 1095 3966 Madvigius
1108 3896 1160 3965 leg.
1173 3897 1255 3959 forano
1267 3904 1309 3957 pro
1319 3885 1365 3954 pti·

150 3998 200 4031 ma·
237 3983 361 4035 Fortasse
387 3988 499 4036 rectius:
536 3985 607 4036 Haec
632 3995 688 4036 erat
704 3985 754 4036 illis
777 3983 955 4051 disciplina
972 4000 989 4034 a
1006 3983 1111 4032 Platone
1129 3981 1230 4031 cadite.
1265 3973 1365 4040 Sequitur

151 4069 288 4119 auctoritas
313 4073 403 4122 ueteris
425 4071 633 4139 disciplinae.
656 4097 691 4106 -
715 4071 841 4138 corripere
864 4077 967 4120 conatus
983 4076 1019 4119 est
1040 4065 1254 4134 disciplinam
1286 4057 1319 4108 ci.
1339 4053 1363 4114 la

152 4150 193 4204 tt.
209 4181 244 4192 -
259 4151 320 4217 Ed.)

187 4238 218 4304 3)
240 4240 295 4292 Nec
311 4242 437 4304 J'udieium
454 4241 668 4311 intelligendum,
695 4249 723 4292 ut
737 4241 877 4305 lambino,
896 4256 946 4290 nec
963 4235 1113 4290 eerdesvel
1125 4237 1244 4287 indicium
1263 4227 1362 4283 wimbis

151 4335 179 4379 nt
193 4327 306 4380 Ernesto
320 4328 434 4394 placuit,
455 4327 501 4378 sed
520 4329 604 4394 ipsum
624 4344 638 4378 e
657 4329 782 4395 proximis
796 4328 922 4392 judicium
940 4326 1060 4376 veritatis.
1290 4315 1292 4320 ’

185 4412 215 4476 l)
234 4413 403 4464 inserendum
428 4422 492 4479 puto
515 4421 600 4477 et„ut
618 4415 669 4464 vim
684 4413 778 4464 haheat
792 4430 903 4480 semper,
925 4411 995 4479 quod
1014 4409 1070 4460 lere
1090 4411 1116 4458 in
1135 4409 1175 4458 his
1194 4405 1263 4458 addit
1292 4399 1364 4450 riso:

150 4499 216 4560 quod
230 4516 324 4564 semper
341 4509 401 4550 esset
415 4508 438 4549 et
455 4499 566 4566 sineplca.
