<?xml version="1.0" encoding="UTF-8"?>
<!DOCTYPE html PUBLIC "-//W3C//DTD XHTML 1.0 Transitional//EN"
    "http://www.w3.org/TR/xhtml1/DTD/xhtml1-transitional.dtd">
<html xmlns="http://www.w3.org/1999/xhtml" xml:lang="en" lang="en">
 <head>
  <title>
</title>
<meta http-equiv="Content-Type" content="text/html;charset=utf-8" />
  <meta name='ocr-system' content='tesseract 3.04.00' />
  <meta name='ocr-capabilities' content='ocr_page ocr_carea ocr_par ocr_line ocrx_word'/>
</head>
<body>
  <div class='ocr_page' id='page_1' title='image "./initiaphilosoph02heusgoog_0595.png"; bbox 0 0 2924 5132; ppageno 0'>
   <div class='ocr_carea' id='block_1_1' title="bbox 729 265 788 326">
    <p class='ocr_par' dir='ltr' id='par_1_1' title="bbox 729 265 788 326">
     <span class='ocr_line' id='line_1_1' title="bbox 729 265 788 326; baseline -0.034 0"><span class='ocrx_word' id='word_1_1' title='bbox 729 265 788 326; x_wconf 76' lang='lat' dir='ltr'><strong>ott</strong></span> 
     </span>
    </p>
   </div>
   <div class='ocr_carea' id='block_1_2' title="bbox 142 425 1374 1694">
    <p class='ocr_par' dir='ltr' id='par_1_2' title="bbox 142 425 1374 1694">
     <span class='ocr_line' id='line_1_2' title="bbox 143 425 1364 506; baseline 0.002 -21"><span class='ocrx_word' id='word_1_2' title='bbox 143 439 258 486; x_wconf 77' lang='lat' dir='ltr'><strong>rectum</strong></span> <span class='ocrx_word' id='word_1_3' title='bbox 288 437 350 504; x_wconf 79' lang='lat' dir='ltr'><strong>eet,</strong></span> <span class='ocrx_word' id='word_1_4' title='bbox 381 425 441 486; x_wconf 81' lang='lat' dir='ltr'><strong>Dei</strong></span> <span class='ocrx_word' id='word_1_5' title='bbox 471 439 585 502; x_wconf 74' lang='lat' dir='ltr'><strong>motus,</strong></span> <span class='ocrx_word' id='word_1_6' title='bbox 608 439 660 506; x_wconf 82' lang='lat' dir='ltr'><strong>qui</strong></span> <span class='ocrx_word' id='word_1_7' title='bbox 687 453 744 490; x_wconf 81' lang='lat' dir='ltr'><strong>oon</strong></span> <span class='ocrx_word' id='word_1_8' title='bbox 774 433 937 503; x_wconf 79' lang='lat' dir='ltr'><strong>oberrant,</strong></span> <span class='ocrx_word' id='word_1_9' title='bbox 966 435 1103 502; x_wconf 70' lang='lat' dir='ltr'><strong>imitati,</strong></span> <span class='ocrx_word' id='word_1_10' title='bbox 1134 437 1253 487; x_wconf 73' lang='lat' dir='ltr'><strong>nostrae</strong></span> <span class='ocrx_word' id='word_1_11' title='bbox 1277 439 1364 488; x_wconf 73' lang='lat' dir='ltr'><strong>motin</strong></span> 
     </span>
     <span class='ocr_line' id='line_1_3' title="bbox 142 522 1366 608; baseline 0.002 -23"><span class='ocrx_word' id='word_1_12' title='bbox 142 533 333 608; x_wconf 72' lang='lat' dir='ltr'><strong>cogitationis</strong></span> <span class='ocrx_word' id='word_1_13' title='bbox 351 532 384 584; x_wconf 78' lang='lat' dir='ltr'><strong>in</strong></span> <span class='ocrx_word' id='word_1_14' title='bbox 405 527 540 586; x_wconf 81' lang='lat' dir='ltr'><em>ordinem</em></span> <span class='ocrx_word' id='word_1_15' title='bbox 558 549 728 588; x_wconf 77' lang='lat' dir='ltr'><strong>revocemur</strong></span> <span class='ocrx_word' id='word_1_16' title='bbox 744 550 779 586; x_wconf 85' lang='lat' dir='ltr'><strong>oo</strong></span> <span class='ocrx_word' id='word_1_17' title='bbox 799 522 1087 607; x_wconf 64' lang='lat' dir='ltr'><strong>commonitori)</strong></span> <span class='ocrx_word' id='word_1_18' title='bbox 1127 526 1238 586; x_wconf 76' lang='lat' dir='ltr'>Pariter</span> <span class='ocrx_word' id='word_1_19' title='bbox 1254 526 1292 588; x_wconf 93' lang='lat' dir='ltr'><strong>de</strong></span> <span class='ocrx_word' id='word_1_20' title='bbox 1308 549 1366 588; x_wconf 78' lang='lat' dir='ltr'><strong>eae-</strong></span> 
     </span>
     <span class='ocr_line' id='line_1_4' title="bbox 144 623 1368 687; baseline 0.002 -3"><span class='ocrx_word' id='word_1_21' title='bbox 144 625 212 684; x_wconf 84' lang='lat' dir='ltr'><strong>teris</strong></span> <span class='ocrx_word' id='word_1_22' title='bbox 241 623 375 684; x_wconf 82' lang='lat' dir='ltr'><strong>sensibus</strong></span> <span class='ocrx_word' id='word_1_23' title='bbox 401 625 507 684; x_wconf 83' lang='lat' dir='ltr'><strong>nostris</strong></span> <span class='ocrx_word' id='word_1_24' title='bbox 532 646 564 685; x_wconf 84' lang='lat' dir='ltr'><strong>ee</strong></span> <span class='ocrx_word' id='word_1_25' title='bbox 595 626 784 687; x_wconf 80' lang='lat' dir='ltr'><strong>facultatibus</strong></span> <span class='ocrx_word' id='word_1_26' title='bbox 810 628 922 686; x_wconf 79' lang='lat' dir='ltr'><strong>statuit.</strong></span> <span class='ocrx_word' id='word_1_27' title='bbox 970 625 1046 686; x_wconf 87' lang='lat' dir='ltr'><strong>Eum</strong></span> <span class='ocrx_word' id='word_1_28' title='bbox 1071 623 1105 683; x_wconf 92' lang='lat' dir='ltr'><strong>in</strong></span> <span class='ocrx_word' id='word_1_29' title='bbox 1134 624 1223 684; x_wconf 84' lang='lat' dir='ltr'><strong>finem</strong></span> <span class='ocrx_word' id='word_1_30' title='bbox 1250 627 1368 686; x_wconf 80' lang='lat' dir='ltr'><strong>maxime</strong></span> 
     </span>
     <span class='ocr_line' id='line_1_5' title="bbox 144 722 1370 804; baseline 0 -22"><span class='ocrx_word' id='word_1_31' title='bbox 144 722 285 783; x_wconf 84' lang='lat' dir='ltr'><strong>utendum</strong></span> <span class='ocrx_word' id='word_1_32' title='bbox 311 723 348 782; x_wconf 90' lang='lat' dir='ltr'><strong>iis</strong></span> <span class='ocrx_word' id='word_1_33' title='bbox 373 736 489 798; x_wconf 75' lang='lat' dir='ltr'><strong>penset,</strong></span> <span class='ocrx_word' id='word_1_34' title='bbox 520 738 570 798; x_wconf 89' lang='lat' dir='ltr'><strong>ut,</strong></span> <span class='ocrx_word' id='word_1_35' title='bbox 600 723 745 804; x_wconf 87' lang='lat' dir='ltr'><strong>quidquid</strong></span> <span class='ocrx_word' id='word_1_36' title='bbox 771 726 804 785; x_wconf 90' lang='lat' dir='ltr'><strong>in</strong></span> <span class='ocrx_word' id='word_1_37' title='bbox 822 723 908 800; x_wconf 85' lang='lat' dir='ltr'><strong>nobis</strong></span> <span class='ocrx_word' id='word_1_38' title='bbox 927 723 1092 784; x_wconf 73' lang='lat' dir='ltr'><strong>divinitatis</strong></span> <span class='ocrx_word' id='word_1_39' title='bbox 1116 723 1213 798; x_wconf 87' lang='lat' dir='ltr'><strong>inest,</strong></span> <span class='ocrx_word' id='word_1_40' title='bbox 1235 723 1286 797; x_wconf 90' lang='lat' dir='ltr'><strong>id,</strong></span> <span class='ocrx_word' id='word_1_41' title='bbox 1306 744 1370 804; x_wconf 83' lang='lat' dir='ltr'><strong>per·</strong></span> 
     </span>
     <span class='ocr_line' id='line_1_6' title="bbox 143 819 1369 903; baseline 0.001 -23"><span class='ocrx_word' id='word_1_42' title='bbox 143 820 281 903; x_wconf 90' lang='lat' dir='ltr'><strong>cipiendo</strong></span> <span class='ocrx_word' id='word_1_43' title='bbox 309 819 412 882; x_wconf 87' lang='lat' dir='ltr'><strong>mundi</strong></span> <span class='ocrx_word' id='word_1_44' title='bbox 445 823 608 902; x_wconf 83' lang='lat' dir='ltr'><strong>spectaculo</strong></span> <span class='ocrx_word' id='word_1_45' title='bbox 634 822 758 898; x_wconf 82' lang='lat' dir='ltr'><strong>divino,</strong></span> <span class='ocrx_word' id='word_1_46' title='bbox 784 843 850 882; x_wconf 87' lang='lat' dir='ltr'><strong>oum</strong></span> <span class='ocrx_word' id='word_1_47' title='bbox 884 823 1061 897; x_wconf 82' lang='lat' dir='ltr'><strong>excitemus,</strong></span> <span class='ocrx_word' id='word_1_48' title='bbox 1092 820 1369 903; x_wconf 63' lang='lat' dir='ltr'><strong>tumgperficiamus.</strong></span> 
     </span>
     <span class='ocr_line' id='line_1_7' title="bbox 143 917 1373 1002; baseline -0.002 -22"><span class='ocrx_word' id='word_1_49' title='bbox 143 921 195 980; x_wconf 87' lang='lat' dir='ltr'><strong>Est</strong></span> <span class='ocrx_word' id='word_1_50' title='bbox 219 920 329 980; x_wconf 85' lang='lat' dir='ltr'><strong>seilicet</strong></span> <span class='ocrx_word' id='word_1_51' title='bbox 353 917 498 995; x_wconf 85' lang='lat' dir='ltr'><strong>mundus,</strong></span> <span class='ocrx_word' id='word_1_52' title='bbox 527 935 557 982; x_wconf 89' lang='lat' dir='ltr'><strong>ut</strong></span> <span class='ocrx_word' id='word_1_53' title='bbox 586 923 770 1002; x_wconf 79' lang='lat' dir='ltr'><strong>pronunciet.</strong></span> <span class='ocrx_word' id='word_1_54' title='bbox 789 921 869 1002; x_wconf 85' lang='lat' dir='ltr'><strong>opud</strong></span> <span class='ocrx_word' id='word_1_55' title='bbox 896 941 961 979; x_wconf 89' lang='lat' dir='ltr'><strong>eum</strong></span> <span class='ocrx_word' id='word_1_56' title='bbox 991 921 1145 996; x_wconf 86' lang='lat' dir='ltr'><strong>Timaeus,</strong></span> <span class='ocrx_word' id='word_1_57' title='bbox 1174 921 1270 1002; x_wconf 89' lang='lat' dir='ltr'><strong>ipsius</strong></span> <span class='ocrx_word' id='word_1_58' title='bbox 1290 934 1373 979; x_wconf 85' lang='lat' dir='ltr'><strong>natu-</strong></span> 
     </span>
     <span class='ocr_line' id='line_1_8' title="bbox 143 1011 1374 1101; baseline 0.001 -24"><span class='ocrx_word' id='word_1_59' title='bbox 143 1039 192 1078; x_wconf 80' lang='lat' dir='ltr'><strong>rae</strong></span> <span class='ocrx_word' id='word_1_60' title='bbox 221 1018 340 1080; x_wconf 83' lang='lat' dir='ltr'><strong>divinoe</strong></span> <span class='ocrx_word' id='word_1_61' title='bbox 367 1011 499 1098; x_wconf 51' lang='lat' dir='ltr'><strong>&amp;poton</strong></span> <span class='ocrx_word' id='word_1_62' title='bbox 521 1020 609 1080; x_wconf 83' lang='lat' dir='ltr'>Haud</span> <span class='ocrx_word' id='word_1_63' title='bbox 636 1021 694 1079; x_wconf 77' lang='lat' dir='ltr'><strong>fuit</strong></span> <span class='ocrx_word' id='word_1_64' title='bbox 720 1039 847 1100; x_wconf 83' lang='lat' dir='ltr'><strong>unquam</strong></span> <span class='ocrx_word' id='word_1_65' title='bbox 876 1019 1086 1101; x_wconf 88' lang='lat' dir='ltr'><strong>philosophus,</strong></span> <span class='ocrx_word' id='word_1_66' title='bbox 1107 1018 1157 1100; x_wconf 91' lang='lat' dir='ltr'><strong>qui</strong></span> <span class='ocrx_word' id='word_1_67' title='bbox 1185 1018 1222 1078; x_wconf 90' lang='lat' dir='ltr'><strong>de</strong></span> <span class='ocrx_word' id='word_1_68' title='bbox 1253 1017 1374 1094; x_wconf 85' lang='lat' dir='ltr'><strong>mundo,</strong></span> 
     </span>
     <span class='ocr_line' id='line_1_9' title="bbox 144 1115 1373 1200; baseline 0 -24"><span class='ocrx_word' id='word_1_69' title='bbox 144 1117 181 1177; x_wconf 88' lang='lat' dir='ltr'><strong>de</strong></span> <span class='ocrx_word' id='word_1_70' title='bbox 198 1117 274 1194; x_wconf 87' lang='lat' dir='ltr'><strong>Deo,</strong></span> <span class='ocrx_word' id='word_1_71' title='bbox 296 1119 389 1199; x_wconf 88' lang='lat' dir='ltr'>deque</span> <span class='ocrx_word' id='word_1_72' title='bbox 406 1121 533 1181; x_wconf 90' lang='lat' dir='ltr'><strong>hominis</strong></span> <span class='ocrx_word' id='word_1_73' title='bbox 551 1118 650 1178; x_wconf 90' lang='lat' dir='ltr'><strong>indole</strong></span> <span class='ocrx_word' id='word_1_74' title='bbox 671 1119 845 1200; x_wconf 83' lang='lat' dir='ltr'><strong>praeclarius</strong></span> <span class='ocrx_word' id='word_1_75' title='bbox 863 1117 1165 1198; x_wconf 82' lang='lat' dir='ltr'><strong>magnificentiusque,</strong></span> <span class='ocrx_word' id='word_1_76' title='bbox 1184 1138 1273 1198; x_wconf 84' lang='lat' dir='ltr'><strong>quam</strong></span> <span class='ocrx_word' id='word_1_77' title='bbox 1280 1115 1373 1192; x_wconf 86' lang='lat' dir='ltr'><strong>Plato,</strong></span> 
     </span>
     <span class='ocr_line' id='line_1_10' title="bbox 144 1215 1374 1297; baseline 0 -23"><span class='ocrx_word' id='word_1_78' title='bbox 144 1217 326 1276; x_wconf 81' lang='lat' dir='ltr'><strong>exstimaret:</strong></span> <span class='ocrx_word' id='word_1_79' title='bbox 349 1240 402 1278; x_wconf 86' lang='lat' dir='ltr'><strong>nec</strong></span> <span class='ocrx_word' id='word_1_80' title='bbox 431 1241 498 1281; x_wconf 86' lang='lat' dir='ltr'><strong>vero</strong></span> <span class='ocrx_word' id='word_1_81' title='bbox 522 1216 657 1280; x_wconf 81' lang='lat' dir='ltr'><strong>confudit</strong></span> <span class='ocrx_word' id='word_1_82' title='bbox 685 1217 774 1292; x_wconf 82' lang='lat' dir='ltr'><strong>haee,</strong></span> <span class='ocrx_word' id='word_1_83' title='bbox 796 1231 828 1276; x_wconf 88' lang='lat' dir='ltr'><strong>ut</strong></span> <span class='ocrx_word' id='word_1_84' title='bbox 855 1217 902 1275; x_wconf 88' lang='lat' dir='ltr'><strong>illi</strong></span> <span class='ocrx_word' id='word_1_85' title='bbox 922 1217 1074 1292; x_wconf 86' lang='lat' dir='ltr'><strong>fecerunt,</strong></span> <span class='ocrx_word' id='word_1_86' title='bbox 1095 1217 1146 1296; x_wconf 84' lang='lat' dir='ltr'><strong>qui</strong></span> <span class='ocrx_word' id='word_1_87' title='bbox 1162 1215 1374 1297; x_wconf 82' lang='lat' dir='ltr'><strong>pentheismun</strong></span> 
     </span>
     <span class='ocr_line' id='line_1_11' title="bbox 142 1301 1374 1398; baseline -0.001 -24"><span class='ocrx_word' id='word_1_88' title='bbox 142 1313 289 1376; x_wconf 83' lang='lat' dir='ltr'><strong>docerent.</strong></span> <span class='ocrx_word' id='word_1_89' title='bbox 331 1301 497 1378; x_wconf 77' lang='lat' dir='ltr'><strong>Amundo</strong></span> <span class='ocrx_word' id='word_1_90' title='bbox 511 1331 595 1397; x_wconf 84' lang='lat' dir='ltr'><strong>atque</strong></span> <span class='ocrx_word' id='word_1_91' title='bbox 625 1316 742 1376; x_wconf 82' lang='lat' dir='ltr'><strong>homine</strong></span> <span class='ocrx_word' id='word_1_92' title='bbox 769 1315 927 1398; x_wconf 81' lang='lat' dir='ltr'><strong>diligenter</strong></span> <span class='ocrx_word' id='word_1_93' title='bbox 953 1314 1006 1375; x_wconf 87' lang='lat' dir='ltr'><strong>ille</strong></span> <span class='ocrx_word' id='word_1_94' title='bbox 1032 1315 1124 1374; x_wconf 89' lang='lat' dir='ltr'><strong>Deum</strong></span> <span class='ocrx_word' id='word_1_95' title='bbox 1143 1313 1304 1374; x_wconf 81' lang='lat' dir='ltr'><strong>distinxit:</strong></span> <span class='ocrx_word' id='word_1_96' title='bbox 1324 1336 1374 1394; x_wconf 85' lang='lat' dir='ltr'><strong>qno</strong></span> 
     </span>
     <span class='ocr_line' id='line_1_12' title="bbox 143 1412 1374 1498; baseline -0.002 -26"><span class='ocrx_word' id='word_1_97' title='bbox 143 1415 231 1473; x_wconf 83' lang='lat' dir='ltr'><strong>unice</strong></span> <span class='ocrx_word' id='word_1_98' title='bbox 261 1415 346 1476; x_wconf 89' lang='lat' dir='ltr'><strong>nobis</strong></span> <span class='ocrx_word' id='word_1_99' title='bbox 379 1418 493 1498; x_wconf 89' lang='lat' dir='ltr'><strong>potuit,</strong></span> <span class='ocrx_word' id='word_1_100' title='bbox 524 1416 562 1476; x_wconf 86' lang='lat' dir='ltr'><strong>ed</strong></span> <span class='ocrx_word' id='word_1_101' title='bbox 596 1413 716 1477; x_wconf 79' lang='lat' dir='ltr'><strong>divinae</strong></span> <span class='ocrx_word' id='word_1_102' title='bbox 753 1427 872 1474; x_wconf 82' lang='lat' dir='ltr'><strong>naturae</strong></span> <span class='ocrx_word' id='word_1_103' title='bbox 901 1414 1110 1490; x_wconf 81' lang='lat' dir='ltr'><strong>imitationem,</strong></span> <span class='ocrx_word' id='word_1_104' title='bbox 1142 1413 1197 1472; x_wconf 90' lang='lat' dir='ltr'><strong>Dei</strong></span> <span class='ocrx_word' id='word_1_105' title='bbox 1224 1412 1374 1494; x_wconf 80' lang='lat' dir='ltr'><strong>imaginem</strong></span> 
     </span>
     <span class='ocr_line' id='line_1_13' title="bbox 143 1511 1374 1597; baseline -0.002 -26"><span class='ocrx_word' id='word_1_106' title='bbox 143 1535 313 1595; x_wconf 84' lang='lat' dir='ltr'><strong>proponere.</strong></span> <span class='ocrx_word' id='word_1_107' title='bbox 354 1514 391 1575; x_wconf 90' lang='lat' dir='ltr'><strong>Id</strong></span> <span class='ocrx_word' id='word_1_108' title='bbox 419 1537 489 1578; x_wconf 87' lang='lat' dir='ltr'><strong>vero</strong></span> <span class='ocrx_word' id='word_1_109' title='bbox 499 1560 509 1591; x_wconf 89' lang='lat'><em>‚</em></span> <span class='ocrx_word' id='word_1_110' title='bbox 529 1512 770 1594; x_wconf 83' lang='lat' dir='ltr'><strong>quemadmodum</strong></span> <span class='ocrx_word' id='word_1_111' title='bbox 798 1528 827 1573; x_wconf 92' lang='lat' dir='ltr'><strong>et</strong></span> <span class='ocrx_word' id='word_1_112' title='bbox 854 1513 1015 1574; x_wconf 83' lang='lat' dir='ltr'><strong>instituerit</strong></span> <span class='ocrx_word' id='word_1_113' title='bbox 1034 1525 1062 1572; x_wconf 92' lang='lat' dir='ltr'><strong>et</strong></span> <span class='ocrx_word' id='word_1_114' title='bbox 1086 1511 1252 1594; x_wconf 82' lang='lat' dir='ltr'><strong>peregerit,</strong></span> <span class='ocrx_word' id='word_1_115' title='bbox 1273 1511 1307 1597; x_wconf 84' lang='lat' dir='ltr'><strong>in</strong></span> <span class='ocrx_word' id='word_1_116' title='bbox 1329 1511 1374 1570; x_wconf 82' lang='grc' dir='ltr'>Τι’-</span> 
     </span>
     <span class='ocr_line' id='line_1_14' title="bbox 143 1597 1194 1694; baseline 0.001 -22"><span class='ocrx_word' id='word_1_117' title='bbox 143 1633 226 1672; x_wconf 84' lang='lat' dir='ltr'><strong>mooo</strong></span> <span class='ocrx_word' id='word_1_118' title='bbox 246 1613 391 1694; x_wconf 86' lang='lat' dir='ltr'><strong>legendo,</strong></span> <span class='ocrx_word' id='word_1_119' title='bbox 412 1613 549 1677; x_wconf 74' lang='lat' dir='ltr'><strong>vidimus.</strong></span> <span class='ocrx_word' id='word_1_120' title='bbox 1190 1597 1194 1604; x_wconf 40' lang='lat'>¹</span> 
     </span>
    </p>
   </div>
   <div class='ocr_carea' id='block_1_3' title="bbox 181 1873 460 1939">
    <p class='ocr_par' dir='ltr' id='par_1_3' title="bbox 181 1873 460 1939">
     <span class='ocr_line' id='line_1_15' title="bbox 181 1873 460 1939; baseline -0.004 -13"><span class='ocrx_word' id='word_1_121' title='bbox 181 1873 206 1939; x_wconf 82' lang='lat'><strong>1)</strong></span> <span class='ocrx_word' id='word_1_122' title='bbox 229 1875 324 1928; x_wconf 80' lang='lat' dir='ltr'><strong>Timaeo</strong></span> <span class='ocrx_word' id='word_1_123' title='bbox 336 1877 369 1928; x_wconf 78' lang='lat' dir='ltr'><strong>tt</strong></span> <span class='ocrx_word' id='word_1_124' title='bbox 385 1875 414 1926; x_wconf 89' lang='grc' dir='ltr'><strong>Β.</strong></span> <span class='ocrx_word' id='word_1_125' title='bbox 433 1875 460 1928; x_wconf 84' lang='lat' dir='ltr'><strong>C.</strong></span> 
     </span>
    </p>
   </div>
   <div class='ocr_carea' id='block_1_4' title="bbox 0 0 1466 5124">
    <p class='ocr_par' dir='ltr' id='par_1_4' title="bbox 0 0 1466 5124">
     <span class='ocr_line' id='line_1_16' title="bbox 0 0 1466 5124; baseline 0 0"><span class='ocrx_word' id='word_1_126' title='bbox 0 0 1466 5124; x_wconf 95' lang='lat' dir='ltr'><strong> </strong></span> 
     </span>
    </p>
   </div>
  </div>
 </body>
</html>
