2950 5134
775 289 813 348 52

168 455 277 534 dispari
298 440 410 538 utrique
426 466 454 511 et
471 453 556 510 modo
576 467 602 510 et
621 452 752 510 consilio.
796 453 864 524 Illi,
889 466 918 509 ut
938 453 1110 533 semetipsos
1127 454 1253 532 aliosque
1281 452 1403 556 delecta-1

169 567 233 611 rent
257 553 382 632 perfecta
403 549 551 609 felicitatis
570 552 682 629 specie,
711 564 822 630 tempus
838 499 1003 628 sibgebant3
1023 571 1079 629 quo

333 649 362 708 V
360 672 394 706 er
411 658 481 706 erat
500 657 657 704 aeternum
669 651 865 725 ,placidique
884 651 1054 724 tepentibus
1073 659 1161 708 ouria

332 748 501 804 Malcedont
519 744 655 823 Zephyri
674 741 759 803 notos
778 756 842 803 atrro
862 755 971 803 semine
982 749 1081 822 florea
1100 785 1139 794 -

336 827 482 902 Flunt'e'no
495 851 567 918 jam
586 846 695 918 lactis,
708 853 780 920 jam
792 847 932 920 flunre'no
949 856 1085 906 tractaris
1103 853 1197 907 ibant.
1223 846 1251 927 l)

168 944 335 1025 Philosophi
353 964 419 1004 vero
438 942 543 1015 aliam,
563 961 595 1000 ac
616 944 719 1000 caeteri
744 941 856 1016 solent,
885 959 1051 1023 appetentes
1072 948 1259 1021 felicitatem,
1292 948 1324 1004 in
1343 967 1403 1026 per-

168 1046 241 1104 fecta
262 1043 370 1124 pariter
396 1040 582 1114 conditione,
613 1041 709 1100 omnia
734 1039 902 1099 tribuebant
932 1031 1044 1116 menti,
1074 1045 1205 1104 sensibus
1239 1046 1403 1126 corporique

169 1142 255 1200 nihil.
307 1141 404 1216 ltaque
431 1139 512 1197 Plato
529 1139 682 1196 *acerrimo
710 1138 814 1196 ductus
843 1138 1042 1220 philosophiae
1071 1145 1258 1221 veritatisque
1292 1141 1402 1212 studio,

88 1259 94 1274 ¹
167 1242 278 1298 beatam
298 1237 483 1296 adumbravit
498 1237 659 1294 animorum
680 1236 712 1294 in
737 1238 830 1316 prisca
850 1237 973 1316 quadam
1003 1241 1063 1298 vita
1092 1242 1310 1314 conditionem,
1338 1243 1402 1317 ejus·

168 1337 245 1396 modi
265 1337 346 1395 illam
357 1381 364 1409 ,
388 1349 420 1393 ut
440 1335 550 1413 integra
568 1333 696 1414 purdqu‘e
715 1335 881 1392 fruerentur
901 1337 962 1394 veri
982 1340 1233 1419 contemplatione.

208 1437 271 1495 Diis
280 1433 447 1494 tribuebant
456 1425 569 1510 antiqui
575 1430 673 1516 ‚quod
685 1433 754 1511 ipsis
765 1431 920 1491 videbatur
934 1455 1074 1492 summum
1090 1451 1117 1495 et
1130 1438 1299 1516 perfectum.
1323 1433 1402 1516 Apud

169 1537 323 1594 Homerum
344 1531 481 1590 convivia
496 1530 644 1588 celebrant
664 1531 713 1588 Dii
738 1529 883 1588 hilaritate
903 1533 1010 1605 summh
1021 1578 1029 1606 ,
1054 1555 1139 1612 quam
1159 1535 1243 1594 alunt
1262 1532 1403 1615 Apollinis

168 1647 269 1692 cantus
287 1645 314 1690 et
330 1629 410 1688 chori
435 1629 596 1701 Musarum,
619 1629 726 1686 excitat
744 1642 838 1686 autem
862 1644 960 1687 nectar
985 1629 1157 1711 inprimis,
1181 1633 1259 1712 quod
1286 1631 1402 1711 singulis

168 1730 350 1792 administrat
370 1728 430 1786 sive
449 1726 530 1785 Hebe
545 1727 607 1786 sive
625 1723 819 1805 Ganymedes.
850 1724 907 1784 Sed
923 1728 954 1785 in
972 1727 1025 1786 hac
1040 1729 1188 1789 Platonica
1205 1731 1327 1791 divinae
1343 1729 1401 1787 feli·

168 1829 262 1888 citatis
272 1827 466 1906 descriptione
482 1839 581 1884 nectar
595 1823 713 1902 quidem
727 1825 869 1897 occurrit,
885 1824 935 1882 sed
951 1827 1030 1904 equis
1045 1828 1199 1907 praebetur
1210 1831 1336 1888 Deorum
1352 1847 1402 1884 una

168 1948 233 1986 oum
249 1924 407 1997 ambrosia,
423 1922 540 2003 quando
554 1923 658 1980 itinere
678 1922 788 2000 fatigati
805 1924 989 2002 praesepibus
1005 1925 1136 1984 adstant:
1159 1929 1235 2009 ipsos
1249 1949 1320 1987 vero
1336 1927 1401 1984 Deos

168 2047 221 2084 nec
240 2038 355 2094 cantus,
371 2043 423 2079 nee
440 2020 535 2093 chori,
550 2039 602 2078 nec
622 2040 692 2078 vero
707 2032 804 2076 nectar
824 2034 873 2078 aut
893 2021 1032 2080 ambrosia
1050 2023 1216 2084 demulcent
1231 2039 1281 2085 aut
1297 2024 1400 2083 exhila·

168 2137 249 2197 rant,
265 2123 315 2182 sed
326 2141 416 2179 unum
426 2133 504 2177 tenet
515 2117 644 2177 veritatis
659 2116 867 2196 spectaculum,
883 2118 960 2196 quod
972 2135 1131 2200 spectantes
1145 2122 1296 2203 voluptate
1306 2125 1399 2181 fruun·

168 2237 234 2296 tur,
255 2241 327 2298 quae
347 2218 406 2277 sola
428 2215 487 2274 dici
506 2215 617 2273 divina'
629 2226 729 2293 potest.
772 2215 849 2272 Haec
868 2237 953 2273 aurea
974 2231 1049 2275 aetas
1064 2231 1105 2278 est
1124 2219 1371 2300 philosophorum.

209 2317 294 2392 Quod
327 2328 422 2374 antem
450 2311 487 2371 ad
519 2313 610 2391 ipsam
645 2312 746 2368 attinet
776 2312 926 2388 fabulam,
957 2314 1042 2372 facile
1076 2316 1285 2397 intelligimus,
1322 2333 1399 2377 totam

168 2417 244 2476 hanc
262 2416 422 2474 animorum
442 2425 470 2469 et
489 2409 618 2468 coelestis
642 2409 755 2466 itineris
774 2409 926 2488 imaginem
947 2413 1045 2471 asolis
1063 2415 1172 2473 ambitu
1191 2415 1309 2474 ductam
1329 2435 1398 2485 esse,

169 2513 281 2593 qualem
302 2509 628 2570 hunc‘informaverant
647 2511 745 2586 poetae
764 2505 875 2566 Graeci.
919 2508 1064 2568 Phoebum
1083 2512 1115 2570 hi
1135 2512 1282 2572 finxerant
1302 2513 1400 2571 seden-

169 2627 225 2670 tem
245 2613 276 2670 in
293 2630 380 2668 curru
399 2622 427 2666 et
446 2627 532 2686 equos
551 2604 617 2663 illos
636 2603 796 2682 ignivomos
815 2609 975 2686 pennisque
997 2609 1104 2668 levatos
1124 2626 1271 2690 agentem,
1295 2611 1399 2670 coelum

169 2709 366 2769 conscendere
381 2705 512 2785 quotidie
536 2718 564 2762 et
580 2717 671 2761 totum
686 2703 818 2786 transire.
841 2702 874 2783 2)

475 2797 567 2874 'falarie
589 2795 685 2860 αἐλίοο
706 2794 869 2862 πολύσκοιιε
893 2840 931 2849 —

476 2897 652 2964 ἐπισκότειον
666 2897 807 2984 ἀ’τριιιιόν
828 2900 974 2983 ἐσσαμένα
995 2902 1022 2987 y'

476 2999 636 3080 ἐλαύνεις
663 3028 690 3065 τι
717 2999 870 3086 νεώτερον,
897 3006 916 3089 ι)
914 3003 1053 3092 πάροςΙ

475 3102 548 3168 (illd
570 3105 617 3183 σὲ,
640 3131 715 3189 προς
735 3104 825 3182 Aroe,

467 3203 607 3328 lnqovg
627 3205 721 3288 θοοῖς
733 3260 742 3286 ,
765 3207 899 3286 lateratim,

476 3305 603 3394 ἀπήμον’
624 3311 655 3388 ἐς
678 3306 766 3393 ὀλβον
786 3309 850 3375 tivo?

474 3409 625 3495 τροξιιοιο
648 3411 776 3498 Θήβαις.Ι
794 3420 825 3501 3)

168 3542 253 3601 quem
272 3518 390 3578 Pindari
410 3517 504 3577 locum
533 3535 560 3577 et
584 3520 654 3578 alios
673 3521 760 3598 hujus
780 3525 880 3600 po'etae
901 3521 931 3577 in
952 3511 1044 3578 Solem
1065 3521 1204 3602 hymnos,
1224 3526 1318 3585 fontes
1337 3523 1395 3582 exi-

169 3621 264 3678 stimat
277 3618 433 3698 Dionysius
448 3616 727 3690 Halicarnassensis,
747 3637 761 3675 e
781 3617 886 3696 quibus
902 3639 951 3676 sua
975 3617 1101 3678 hauserit
1117 3622 1205 3684 Plato.
1232 3625 1296 3682 Pari
1312 3620 1393 3684 subli

169 3719 266 3778 mitate
287 3715 458 3796 Euripides:
535 3697 537 3704 ’

425 3805 450 3874 ὦ
471 3808 526 3895 τήν
548 3810 580 3872 ἐν
601 3806 719 3892 ἄστροις
740 3807 867 3893 οὐρανοῦ
888 3807 1003 3890 τέμνων
1025 3807 1116 3887 dddr,

422 3915 471 3977 καὶ
491 3907 766 3997 χρυσοκολλήτοισιν
786 3895 919 3992 ἐμβεβώς
941 3913 1078 3996 δίφροις,

415 4011 519 4092 Ἥλιε,
533 4018 632 4104 ιθοαῖς
652 4011 781 4096 ἵπποισιν
802 4012 935 4078 εἱλίσσων
956 4014 1063 4101 φλόγα,
1086 4023 1117 4102 l)

201 4245 226 4312 1)
246 4247 322 4300 Ovid.
340 4250 437 4299 Metam.
457 4246 475 4298 l.
495 4245 552 4297 10⁷.

200 4329 228 4398 2)
247 4334 307 4384 nor.
325 4332 355 4383 ll.
375 4330 431 4383 159.

200 4416 225 4477 3)
245 4419 321 4469 Dion.
339 4417 393 4468 Hal.
412 4416 452 4466 Vl.
472 4414 530 4467 972.
549 4415 637 4468 Reisli.
658 4415 696 4469 Cf.
716 4417 788 4470 rint.
808 4418 849 4470 tn.
868 4418 909 4472 59.
930 4419 1010 4487 lleyn.

201 4501 226 4564 l)
245 4504 367 4554 Phoenica.
385 4503 438 4552 init.
