<?xml version="1.0" encoding="UTF-8"?>
<!DOCTYPE html PUBLIC "-//W3C//DTD XHTML 1.0 Transitional//EN"
    "http://www.w3.org/TR/xhtml1/DTD/xhtml1-transitional.dtd">
<html xmlns="http://www.w3.org/1999/xhtml" xml:lang="en" lang="en">
 <head>
  <title>
</title>
<meta http-equiv="Content-Type" content="text/html;charset=utf-8" />
  <meta name='ocr-system' content='tesseract 3.04.00' />
  <meta name='ocr-capabilities' content='ocr_page ocr_carea ocr_par ocr_line ocrx_word'/>
</head>
<body>
  <div class='ocr_page' id='page_1' title='image "./initiaphilosoph02heusgoog_0288.png"; bbox 0 0 2838 5120; ppageno 0'>
   <div class='ocr_carea' id='block_1_1' title="bbox 621 261 679 322">
    <p class='ocr_par' dir='ltr' id='par_1_1' title="bbox 621 261 679 322">
     <span class='ocr_line' id='line_1_1' title="bbox 621 261 679 322; baseline -0.034 0"><span class='ocrx_word' id='word_1_1' title='bbox 621 261 679 322; x_wconf 79' lang='lat' dir='ltr'><strong>tot</strong></span> 
     </span>
    </p>
   </div>
   <div class='ocr_carea' id='block_1_2' title="bbox 7 415 1327 3976">
    <p class='ocr_par' dir='ltr' id='par_1_2' title="bbox 7 415 1327 3474">
     <span class='ocr_line' id='line_1_2' title="bbox 48 415 1262 510; baseline 0.005 -28"><span class='ocrx_word' id='word_1_2' title='bbox 48 417 106 510; x_wconf 34' lang='grc' dir='ltr'><em>νέος,</em></span> <span class='ocrx_word' id='word_1_3' title='bbox 124 415 162 484; x_wconf 80' lang='grc' dir='ltr'><strong>οἷ·</strong></span> <span class='ocrx_word' id='word_1_4' title='bbox 188 420 213 484; x_wconf 77' lang='grc' dir='ltr'><strong>εἰ</strong></span> <span class='ocrx_word' id='word_1_5' title='bbox 240 418 276 484; x_wconf 80' lang='lat' dir='ltr'><strong>dd</strong></span> <span class='ocrx_word' id='word_1_6' title='bbox 301 416 360 504; x_wconf 74' lang='grc' dir='ltr'><strong>μή,</strong></span> <span class='ocrx_word' id='word_1_7' title='bbox 396 419 435 484; x_wconf 82' lang='grc' dir='ltr'><strong>οὲ</strong></span> <span class='ocrx_word' id='word_1_8' title='bbox 467 417 710 505; x_wconf 76' lang='grc' dir='ltr'><strong><em>διαφεύξεται</em></strong></span> <span class='ocrx_word' id='word_1_9' title='bbox 738 418 759 507; x_wconf 80' lang='grc' dir='ltr'><em>ἠ</em></span> <span class='ocrx_word' id='word_1_10' title='bbox 785 417 968 506; x_wconf 71' lang='grc' dir='ltr'><strong>ἀλήθεια·</strong></span> <span class='ocrx_word' id='word_1_11' title='bbox 992 425 1102 505; x_wconf 76' lang='lat' dir='ltr'><strong>pulcer</strong></span> <span class='ocrx_word' id='word_1_12' title='bbox 1131 447 1203 488; x_wconf 84' lang='lat' dir='ltr'><strong>scos</strong></span> <span class='ocrx_word' id='word_1_13' title='bbox 1232 439 1262 488; x_wconf 82' lang='lat' dir='ltr'><strong>et</strong></span> 
     </span>
     <span class='ocr_line' id='line_1_3' title="bbox 47 527 1261 608; baseline 0.003 -24"><span class='ocrx_word' id='word_1_14' title='bbox 47 528 172 602; x_wconf 67' lang='lat' dir='ltr'><strong>dinone,</strong></span> <span class='ocrx_word' id='word_1_15' title='bbox 202 527 278 586; x_wconf 86' lang='lat' dir='ltr'><strong>milri</strong></span> <span class='ocrx_word' id='word_1_16' title='bbox 304 528 405 603; x_wconf 83' lang='lat' dir='ltr'><strong>erede,</strong></span> <span class='ocrx_word' id='word_1_17' title='bbox 433 535 566 608; x_wconf 83' lang='lat' dir='ltr'><strong>impetus</strong></span> <span class='ocrx_word' id='word_1_18' title='bbox 594 527 1261 606; x_wconf 73' lang='lat' dir='ltr'><strong>illaesi,quoedssrmoosstoods&#39;s1pro-</strong></span> 
     </span>
     <span class='ocr_line' id='line_1_4' title="bbox 11 613 1260 707; baseline 0.001 -25"><span class='ocrx_word' id='word_1_19' title='bbox 11 613 14 621; x_wconf 63' lang='grc'>’</span> <span class='ocrx_word' id='word_1_20' title='bbox 46 627 122 684; x_wconf 78' lang='lat' dir='ltr'><strong>trata</strong></span> <span class='ocrx_word' id='word_1_21' title='bbox 149 647 216 684; x_wconf 81' lang='lat' dir='ltr'><strong>osro</strong></span> <span class='ocrx_word' id='word_1_22' title='bbox 244 635 272 683; x_wconf 86' lang='lat' dir='ltr'><strong>to</strong></span> <span class='ocrx_word' id='word_1_23' title='bbox 300 634 400 707; x_wconf 82' lang='lat' dir='ltr'><strong>magis</strong></span> <span class='ocrx_word' id='word_1_24' title='bbox 426 635 518 686; x_wconf 82' lang='lat' dir='ltr'><strong>etium</strong></span> <span class='ocrx_word' id='word_1_25' title='bbox 549 635 579 684; x_wconf 83' lang='lat' dir='ltr'><strong>oi</strong></span> <span class='ocrx_word' id='word_1_26' title='bbox 603 647 661 704; x_wconf 83' lang='lat' dir='ltr'><strong>per</strong></span> <span class='ocrx_word' id='word_1_27' title='bbox 686 627 764 687; x_wconf 78' lang='lat' dir='ltr'><strong>benc</strong></span> <span class='ocrx_word' id='word_1_28' title='bbox 783 636 831 701; x_wconf 83' lang='lat' dir='ltr'><strong>io,</strong></span> <span class='ocrx_word' id='word_1_29' title='bbox 853 647 929 705; x_wconf 82' lang='lat' dir='ltr'><strong>quae</strong></span> <span class='ocrx_word' id='word_1_30' title='bbox 947 628 1072 686; x_wconf 84' lang='lat' dir='ltr'><strong>inutilis</strong></span> <span class='ocrx_word' id='word_1_31' title='bbox 1091 627 1213 686; x_wconf 81' lang='lat' dir='ltr'><strong>videtur</strong></span> <span class='ocrx_word' id='word_1_32' title='bbox 1231 637 1260 684; x_wconf 85' lang='lat' dir='ltr'><strong>ot</strong></span> 
     </span>
     <span class='ocr_line' id='line_1_5' title="bbox 45 725 1261 806; baseline 0.002 -25"><span class='ocrx_word' id='word_1_33' title='bbox 45 725 121 804; x_wconf 85' lang='lat' dir='ltr'><strong>vulgo</strong></span> <span class='ocrx_word' id='word_1_34' title='bbox 146 733 189 784; x_wconf 92' lang='lat' dir='ltr'><strong>sic</strong></span> <span class='ocrx_word' id='word_1_35' title='bbox 212 733 352 800; x_wconf 80' lang='lat' dir='ltr'><strong>occatur,</strong></span> <span class='ocrx_word' id='word_1_36' title='bbox 376 725 602 806; x_wconf 75' lang='lat' dir='ltr'><strong>garrulitatem</strong></span> <span class='ocrx_word' id='word_1_37' title='bbox 625 747 748 801; x_wconf 77' lang='lat' dir='ltr'><strong>coerce,</strong></span> <span class='ocrx_word' id='word_1_38' title='bbox 776 726 848 786; x_wconf 85' lang='lat' dir='ltr'><strong>dum</strong></span> <span class='ocrx_word' id='word_1_39' title='bbox 865 732 994 802; x_wconf 82' lang='lat' dir='ltr'><strong>juvenis</strong></span> <span class='ocrx_word' id='word_1_40' title='bbox 1013 747 1044 786; x_wconf 87' lang='lat' dir='ltr'><strong>ss</strong></span> <span class='ocrx_word' id='word_1_41' title='bbox 1063 732 1261 784; x_wconf 79' lang='lat' dir='ltr'><strong>etiamnunc:</strong></span> 
     </span>
     <span class='ocr_line' id='line_1_6' title="bbox 44 821 1259 904; baseline 0 -24"><span class='ocrx_word' id='word_1_42' title='bbox 44 824 111 902; x_wconf 83' lang='lat' dir='ltr'><strong>quod</strong></span> <span class='ocrx_word' id='word_1_43' title='bbox 134 831 168 880; x_wconf 83' lang='lat' dir='ltr'><strong>oi</strong></span> <span class='ocrx_word' id='word_1_44' title='bbox 187 825 557 904; x_wconf 56' lang='lat' dir='ltr'><strong>socerisssugieiie</strong></span> <span class='ocrx_word' id='word_1_45' title='bbox 585 831 765 884; x_wconf 81' lang='lat' dir='ltr'><strong>veritos.</strong></span> <span class='ocrx_word' id='word_1_46' title='bbox 790 821 819 903; x_wconf 86' lang='grc'><strong>1)</strong></span> <span class='ocrx_word' id='word_1_47' title='bbox 850 822 964 898; x_wconf 85' lang='lat' dir='ltr'><strong>Quibus</strong></span> <span class='ocrx_word' id='word_1_48' title='bbox 992 822 1076 884; x_wconf 86' lang='lat' dir='ltr'><strong>addit</strong></span> <span class='ocrx_word' id='word_1_49' title='bbox 1102 822 1259 904; x_wconf 82' lang='lat' dir='ltr'><strong>deinceps:</strong></span> 
     </span>
     <span class='ocr_line' id='line_1_7' title="bbox 43 913 1327 1004; baseline 0.004 -24"><span class='ocrx_word' id='word_1_50' title='bbox 43 915 168 1000; x_wconf 71' lang='grc' dir='ltr'><strong>ἀγνοοῦσι</strong></span> <span class='ocrx_word' id='word_1_51' title='bbox 191 915 250 1002; x_wconf 73' lang='lat' dir='ltr'><strong>peip</strong></span> <span class='ocrx_word' id='word_1_52' title='bbox 278 917 308 984; x_wconf 82' lang='lat' dir='ltr'><strong>oi</strong></span> <span class='ocrx_word' id='word_1_53' title='bbox 331 920 448 998; x_wconf 70' lang='lat' dir='ltr'><strong>namot,</strong></span> <span class='ocrx_word' id='word_1_54' title='bbox 472 913 521 984; x_wconf 73' lang='grc' dir='ltr'><strong>ὅτι</strong></span> <span class='ocrx_word' id='word_1_55' title='bbox 544 915 613 984; x_wconf 75' lang='grc' dir='ltr'><strong>ἄνευ</strong></span> <span class='ocrx_word' id='word_1_56' title='bbox 641 915 753 1004; x_wconf 75' lang='grc' dir='ltr'><strong><em>ταύτης</em></strong></span> <span class='ocrx_word' id='word_1_57' title='bbox 779 920 835 1003; x_wconf 79' lang='grc' dir='ltr'><strong>τῆς</strong></span> <span class='ocrx_word' id='word_1_58' title='bbox 855 916 907 983; x_wconf 76' lang='grc' dir='ltr'><strong>διοί</strong></span> <span class='ocrx_word' id='word_1_59' title='bbox 928 913 1047 984; x_wconf 78' lang='grc' dir='ltr'><em>πάντων</em></span> <span class='ocrx_word' id='word_1_60' title='bbox 1071 915 1208 994; x_wconf 76' lang='grc' dir='ltr'><strong>διεξόδου</strong></span> <span class='ocrx_word' id='word_1_61' title='bbox 1228 943 1271 985; x_wconf 48' lang='grc' dir='ltr'><strong>τεἸ</strong></span> <span class='ocrx_word' id='word_1_62' title='bbox 1321 938 1327 949; x_wconf 94' lang='grc'><strong>“</strong></span> 
     </span>
     <span class='ocr_line' id='line_1_8' title="bbox 42 1017 1260 1111; baseline 0 -27"><span class='ocrx_word' id='word_1_63' title='bbox 42 1021 83 1084; x_wconf 80' lang='grc' dir='ltr'><strong>καὶ</strong></span> <span class='ocrx_word' id='word_1_64' title='bbox 105 1017 216 1106; x_wconf 74' lang='grc' dir='ltr'><em>πλάνης</em></span> <span class='ocrx_word' id='word_1_65' title='bbox 237 1017 384 1086; x_wconf 67' lang='lat' dir='ltr'><strong>iimmot</strong></span> <span class='ocrx_word' id='word_1_66' title='bbox 408 1019 570 1106; x_wconf 76' lang='grc' dir='ltr'><em>ἐντυχόντα</em></span> <span class='ocrx_word' id='word_1_67' title='bbox 598 1024 644 1111; x_wconf 76' lang='lat' dir='ltr'><strong>spi</strong></span> <span class='ocrx_word' id='word_1_68' title='bbox 669 1018 782 1108; x_wconf 65' lang='lat' dir='ltr'><strong>etpost</strong></span> <span class='ocrx_word' id='word_1_69' title='bbox 807 1022 879 1086; x_wconf 74' lang='lat' dir='ltr'><strong>rosio</strong></span> <span class='ocrx_word' id='word_1_70' title='bbox 906 1027 1002 1105; x_wconf 78' lang='grc' dir='ltr'><em>σχεῖν·</em></span> <span class='ocrx_word' id='word_1_71' title='bbox 1027 1031 1152 1105; x_wconf 74' lang='lat' dir='ltr'><strong>ignorat</strong></span> <span class='ocrx_word' id='word_1_72' title='bbox 1179 1032 1260 1084; x_wconf 84' lang='lat' dir='ltr'><strong>enim</strong></span> 
     </span>
     <span class='ocr_line' id='line_1_9' title="bbox 7 1128 1261 1208; baseline -0.006 -18"><span class='ocrx_word' id='word_1_73' title='bbox 7 1153 9 1190; x_wconf 82' lang='grc' dir='ltr'>ι</span> <span class='ocrx_word' id='word_1_74' title='bbox 43 1128 158 1206; x_wconf 56' lang='lat' dir='ltr'><strong>rugus,</strong></span> <span class='ocrx_word' id='word_1_75' title='bbox 184 1130 293 1206; x_wconf 81' lang='lat' dir='ltr'><strong>ubsque</strong></span> <span class='ocrx_word' id='word_1_76' title='bbox 320 1129 372 1191; x_wconf 87' lang='lat' dir='ltr'><strong>lroe</strong></span> <span class='ocrx_word' id='word_1_77' title='bbox 392 1151 452 1208; x_wconf 80' lang='lat' dir='ltr'><strong>per</strong></span> <span class='ocrx_word' id='word_1_78' title='bbox 480 1136 582 1189; x_wconf 72' lang='lat' dir='ltr'><strong>omniu</strong></span> <span class='ocrx_word' id='word_1_79' title='bbox 609 1129 752 1188; x_wconf 83' lang='lat' dir='ltr'><strong>discursu</strong></span> <span class='ocrx_word' id='word_1_80' title='bbox 782 1139 813 1188; x_wconf 84' lang='lat' dir='ltr'><strong>st</strong></span> <span class='ocrx_word' id='word_1_81' title='bbox 842 1149 946 1186; x_wconf 82' lang='lat' dir='ltr'><strong>erroro</strong></span> <span class='ocrx_word' id='word_1_82' title='bbox 967 1129 1048 1206; x_wconf 75' lang='lat' dir='ltr'><strong>fleri</strong></span> <span class='ocrx_word' id='word_1_83' title='bbox 1075 1147 1136 1184; x_wconf 82' lang='lat' dir='ltr'><strong>ooo</strong></span> <span class='ocrx_word' id='word_1_84' title='bbox 1158 1145 1261 1202; x_wconf 81' lang='lat' dir='ltr'><strong>posse,</strong></span> 
     </span>
     <span class='ocr_line' id='line_1_10' title="bbox 7 1221 1262 1307; baseline 0 -25"><span class='ocrx_word' id='word_1_85' title='bbox 7 1259 9 1268; x_wconf 80' lang='lat'><em>=</em></span> <span class='ocrx_word' id='word_1_86' title='bbox 42 1235 71 1282; x_wconf 86' lang='lat' dir='ltr'><strong>ot</strong></span> <span class='ocrx_word' id='word_1_87' title='bbox 96 1233 179 1303; x_wconf 84' lang='lat' dir='ltr'><strong>quis,</strong></span> <span class='ocrx_word' id='word_1_88' title='bbox 208 1235 370 1288; x_wconf 81' lang='lat' dir='ltr'><strong>veritatem</strong></span> <span class='ocrx_word' id='word_1_89' title='bbox 400 1238 575 1303; x_wconf 85' lang='lat' dir='ltr'><strong>assecutus,</strong></span> <span class='ocrx_word' id='word_1_90' title='bbox 601 1234 713 1306; x_wconf 82' lang='lat' dir='ltr'><strong>sopiat.</strong></span> <span class='ocrx_word' id='word_1_91' title='bbox 734 1225 766 1307; x_wconf 83' lang='lat'><strong>2)</strong></span> <span class='ocrx_word' id='word_1_92' title='bbox 799 1225 887 1287; x_wconf 83' lang='lat' dir='ltr'><strong>Unde</strong></span> <span class='ocrx_word' id='word_1_93' title='bbox 915 1227 949 1286; x_wconf 86' lang='lat' dir='ltr'><strong>iu</strong></span> <span class='ocrx_word' id='word_1_94' title='bbox 976 1226 1077 1307; x_wconf 89' lang='lat' dir='ltr'><strong>primis</strong></span> <span class='ocrx_word' id='word_1_95' title='bbox 1105 1221 1262 1304; x_wconf 83' lang='lat' dir='ltr'><strong>repetenda</strong></span> 
     </span>
     <span class='ocr_line' id='line_1_11' title="bbox 42 1321 1261 1406; baseline -0.002 -24"><span class='ocrx_word' id='word_1_96' title='bbox 42 1338 76 1384; x_wconf 90' lang='lat' dir='ltr'><strong>est</strong></span> <span class='ocrx_word' id='word_1_97' title='bbox 105 1323 287 1406; x_wconf 81' lang='lat' dir='ltr'><strong>dialogorum</strong></span> <span class='ocrx_word' id='word_1_98' title='bbox 318 1325 533 1389; x_wconf 83' lang='lat' dir='ltr'><strong>Platonicorum</strong></span> <span class='ocrx_word' id='word_1_99' title='bbox 561 1325 686 1389; x_wconf 86' lang='lat' dir='ltr'><strong>ubertas.</strong></span> <span class='ocrx_word' id='word_1_100' title='bbox 739 1324 890 1386; x_wconf 89' lang='lat' dir='ltr'><strong>Ponehant</strong></span> <span class='ocrx_word' id='word_1_101' title='bbox 916 1325 1089 1397; x_wconf 81' lang='lat' dir='ltr'><strong>sententiam</strong></span> <span class='ocrx_word' id='word_1_102' title='bbox 1119 1321 1261 1402; x_wconf 88' lang='lat' dir='ltr'><strong>sophistae</strong></span> 
     </span>
     <span class='ocr_line' id='line_1_12' title="bbox 41 1416 1308 1504; baseline -0.003 -22"><span class='ocrx_word' id='word_1_103' title='bbox 41 1443 67 1482; x_wconf 88' lang='lat' dir='ltr'><strong>ac</strong></span> <span class='ocrx_word' id='word_1_104' title='bbox 96 1423 238 1499; x_wconf 81' lang='lat' dir='ltr'><strong>rhetores,</strong></span> <span class='ocrx_word' id='word_1_105' title='bbox 269 1445 354 1504; x_wconf 88' lang='lat' dir='ltr'><strong>quam</strong></span> <span class='ocrx_word' id='word_1_106' title='bbox 386 1425 447 1485; x_wconf 89' lang='lat' dir='ltr'><strong>sive</strong></span> <span class='ocrx_word' id='word_1_107' title='bbox 483 1423 610 1486; x_wconf 88' lang='lat' dir='ltr'><strong>dicendo</strong></span> <span class='ocrx_word' id='word_1_108' title='bbox 641 1425 703 1487; x_wconf 91' lang='lat' dir='ltr'><strong>sive</strong></span> <span class='ocrx_word' id='word_1_109' title='bbox 737 1421 892 1484; x_wconf 88' lang='lat' dir='ltr'><strong>scribendo</strong></span> <span class='ocrx_word' id='word_1_110' title='bbox 924 1421 1066 1502; x_wconf 76' lang='lat' dir='ltr'><strong>librisque</strong></span> <span class='ocrx_word' id='word_1_111' title='bbox 1098 1416 1261 1482; x_wconf 82' lang='lat' dir='ltr'><strong>condendis</strong></span> <span class='ocrx_word' id='word_1_112' title='bbox 1305 1469 1308 1478; x_wconf 80' lang='grc'>,</span> 
     </span>
     <span class='ocr_line' id='line_1_13' title="bbox 42 1519 1260 1603; baseline -0.004 -24"><span class='ocrx_word' id='word_1_113' title='bbox 42 1520 193 1599; x_wconf 84' lang='lat' dir='ltr'><strong>probarent.</strong></span> <span class='ocrx_word' id='word_1_114' title='bbox 234 1521 293 1584; x_wconf 86' lang='lat' dir='ltr'><strong>Sed</strong></span> <span class='ocrx_word' id='word_1_115' title='bbox 321 1523 355 1581; x_wconf 89' lang='lat' dir='ltr'><strong>in</strong></span> <span class='ocrx_word' id='word_1_116' title='bbox 383 1521 507 1603; x_wconf 80' lang='lat' dir='ltr'><strong>dialogis</strong></span> <span class='ocrx_word' id='word_1_117' title='bbox 531 1523 661 1598; x_wconf 84' lang='lat' dir='ltr'><strong>Platonis</strong></span> <span class='ocrx_word' id='word_1_118' title='bbox 689 1521 766 1584; x_wconf 88' lang='lat' dir='ltr'><strong>nihil</strong></span> <span class='ocrx_word' id='word_1_119' title='bbox 792 1523 852 1580; x_wconf 84' lang='lat' dir='ltr'><strong>lere</strong></span> <span class='ocrx_word' id='word_1_120' title='bbox 879 1522 1020 1602; x_wconf 80' lang='lat' dir='ltr'><strong>ponitur3</strong></span> <span class='ocrx_word' id='word_1_121' title='bbox 1049 1519 1161 1599; x_wconf 89' lang='lat' dir='ltr'><strong>quaerit</strong></span> <span class='ocrx_word' id='word_1_122' title='bbox 1191 1537 1260 1577; x_wconf 91' lang='lat' dir='ltr'><strong>vero</strong></span> 
     </span>
     <span class='ocr_line' id='line_1_14' title="bbox 41 1617 1260 1704; baseline -0.003 -28"><span class='ocrx_word' id='word_1_123' title='bbox 41 1633 63 1678; x_wconf 86' lang='lat' dir='ltr'><strong>et</strong></span> <span class='ocrx_word' id='word_1_124' title='bbox 86 1621 242 1702; x_wconf 89' lang='lat' dir='ltr'><strong>interrogat</strong></span> <span class='ocrx_word' id='word_1_125' title='bbox 270 1621 331 1684; x_wconf 89' lang='lat' dir='ltr'><strong>sive</strong></span> <span class='ocrx_word' id='word_1_126' title='bbox 359 1620 507 1696; x_wconf 84' lang='lat' dir='ltr'><strong>Socrates,</strong></span> <span class='ocrx_word' id='word_1_127' title='bbox 537 1622 598 1682; x_wconf 90' lang='lat' dir='ltr'><strong>sive</strong></span> <span class='ocrx_word' id='word_1_128' title='bbox 624 1621 728 1704; x_wconf 88' lang='lat' dir='ltr'><strong>hospes</strong></span> <span class='ocrx_word' id='word_1_129' title='bbox 753 1617 884 1696; x_wconf 87' lang='lat' dir='ltr'><strong>Eleates,</strong></span> <span class='ocrx_word' id='word_1_130' title='bbox 912 1620 974 1681; x_wconf 90' lang='lat' dir='ltr'><strong>sive</strong></span> <span class='ocrx_word' id='word_1_131' title='bbox 999 1619 1075 1680; x_wconf 89' lang='lat' dir='ltr'><strong>alius</strong></span> <span class='ocrx_word' id='word_1_132' title='bbox 1094 1617 1260 1696; x_wconf 91' lang='lat' dir='ltr'><strong>quicunqne</strong></span> 
     </span>
     <span class='ocr_line' id='line_1_15' title="bbox 42 1713 1261 1800; baseline -0.002 -25"><span class='ocrx_word' id='word_1_133' title='bbox 42 1718 175 1800; x_wconf 82' lang='lat' dir='ltr'><strong>principes</strong></span> <span class='ocrx_word' id='word_1_134' title='bbox 200 1721 235 1782; x_wconf 92' lang='lat' dir='ltr'><strong>in</strong></span> <span class='ocrx_word' id='word_1_135' title='bbox 261 1719 390 1780; x_wconf 80' lang='lat' dir='ltr'><strong>sermone</strong></span> <span class='ocrx_word' id='word_1_136' title='bbox 417 1733 512 1800; x_wconf 88' lang='lat' dir='ltr'><strong>partes</strong></span> <span class='ocrx_word' id='word_1_137' title='bbox 540 1719 645 1780; x_wconf 90' lang='lat' dir='ltr'><strong>hahet:</strong></span> <span class='ocrx_word' id='word_1_138' title='bbox 664 1721 848 1794; x_wconf 86' lang='lat' dir='ltr'><strong>instituitur,</strong></span> <span class='ocrx_word' id='word_1_139' title='bbox 869 1732 901 1778; x_wconf 89' lang='lat' dir='ltr'><strong>ut</strong></span> <span class='ocrx_word' id='word_1_140' title='bbox 917 1717 1065 1791; x_wconf 88' lang='lat' dir='ltr'><strong>vidimus,</strong></span> <span class='ocrx_word' id='word_1_141' title='bbox 1086 1713 1261 1780; x_wconf 89' lang='lat' dir='ltr'><strong>inveniendi</strong></span> 
     </span>
     <span class='ocr_line' id='line_1_16' title="bbox 41 1807 1260 1898; baseline -0.001 -24"><span class='ocrx_word' id='word_1_142' title='bbox 41 1818 125 1876; x_wconf 75' lang='lat' dir='ltr'><strong>caussi</strong></span> <span class='ocrx_word' id='word_1_143' title='bbox 152 1820 234 1898; x_wconf 88' lang='lat' dir='ltr'><strong>quasi</strong></span> <span class='ocrx_word' id='word_1_144' title='bbox 263 1828 383 1878; x_wconf 81' lang='lat' dir='ltr'><strong>venolio</strong></span> <span class='ocrx_word' id='word_1_145' title='bbox 411 1818 571 1898; x_wconf 86' lang='lat' dir='ltr'><strong>quaedam:</strong></span> <span class='ocrx_word' id='word_1_146' title='bbox 602 1819 694 1879; x_wconf 89' lang='lat' dir='ltr'><strong>veluti</strong></span> <span class='ocrx_word' id='word_1_147' title='bbox 723 1820 756 1880; x_wconf 90' lang='lat' dir='ltr'><strong>in</strong></span> <span class='ocrx_word' id='word_1_148' title='bbox 784 1832 885 1897; x_wconf 86' lang='lat' dir='ltr'><strong>quarto</strong></span> <span class='ocrx_word' id='word_1_149' title='bbox 912 1817 950 1876; x_wconf 83' lang='lat' dir='ltr'><strong>de</strong></span> <span class='ocrx_word' id='word_1_150' title='bbox 968 1807 1135 1896; x_wconf 82' lang='lat' dir='ltr'><strong>Republica</strong></span> <span class='ocrx_word' id='word_1_151' title='bbox 1162 1813 1260 1887; x_wconf 90' lang='lat' dir='ltr'><strong>libro,</strong></span> 
     </span>
     <span class='ocr_line' id='line_1_17' title="bbox 42 1912 1256 1996; baseline -0.001 -23"><span class='ocrx_word' id='word_1_152' title='bbox 42 1913 83 1973; x_wconf 85' lang='lat' dir='ltr'><strong>ubi</strong></span> <span class='ocrx_word' id='word_1_153' title='bbox 103 1917 216 1996; x_wconf 85' lang='lat' dir='ltr'><strong>justitia</strong></span> <span class='ocrx_word' id='word_1_154' title='bbox 245 1918 413 1996; x_wconf 89' lang='lat' dir='ltr'><strong>quaeritur,</strong></span> <span class='ocrx_word' id='word_1_155' title='bbox 441 1938 498 1996; x_wconf 90' lang='lat' dir='ltr'><strong>quo</strong></span> <span class='ocrx_word' id='word_1_156' title='bbox 518 1917 637 1978; x_wconf 88' lang='lat' dir='ltr'><strong>tandem</strong></span> <span class='ocrx_word' id='word_1_157' title='bbox 666 1919 700 1977; x_wconf 93' lang='lat' dir='ltr'><strong>in</strong></span> <span class='ocrx_word' id='word_1_158' title='bbox 728 1917 846 1978; x_wconf 85' lang='lat' dir='ltr'><strong>civitate</strong></span> <span class='ocrx_word' id='word_1_159' title='bbox 872 1916 936 1977; x_wconf 91' lang='lat' dir='ltr'><strong>loco</strong></span> <span class='ocrx_word' id='word_1_160' title='bbox 954 1916 1052 1976; x_wconf 88' lang='lat' dir='ltr'><strong>lateat.</strong></span> <span class='ocrx_word' id='word_1_161' title='bbox 1084 1917 1192 1993; x_wconf 74' lang='lat' dir='ltr'><strong>«Age,</strong></span> <span class='ocrx_word' id='word_1_162' title='bbox 1214 1912 1256 1972; x_wconf 88' lang='lat' dir='ltr'><strong>ait</strong></span> 
     </span>
     <span class='ocr_line' id='line_1_18' title="bbox 42 2011 1261 2096; baseline -0.001 -24"><span class='ocrx_word' id='word_1_163' title='bbox 42 2012 172 2092; x_wconf 84' lang='lat' dir='ltr'><strong>Socrates,</strong></span> <span class='ocrx_word' id='word_1_164' title='bbox 202 2038 220 2076; x_wconf 96' lang='lat' dir='ltr'><strong>o</strong></span> <span class='ocrx_word' id='word_1_165' title='bbox 249 2016 381 2092; x_wconf 89' lang='lat' dir='ltr'><strong>Glauco,</strong></span> <span class='ocrx_word' id='word_1_166' title='bbox 404 2037 489 2076; x_wconf 88' lang='lat' dir='ltr'><strong>nunc</strong></span> <span class='ocrx_word' id='word_1_167' title='bbox 513 2037 585 2091; x_wconf 91' lang='lat' dir='ltr'><strong>nos,</strong></span> <span class='ocrx_word' id='word_1_168' title='bbox 613 2030 751 2096; x_wconf 89' lang='lat' dir='ltr'><strong>tanquam</strong></span> <span class='ocrx_word' id='word_1_169' title='bbox 769 2029 939 2091; x_wconf 83' lang='lat' dir='ltr'><strong>venatores,</strong></span> <span class='ocrx_word' id='word_1_170' title='bbox 960 2014 1061 2089; x_wconf 89' lang='lat' dir='ltr'><strong>dccet,</strong></span> <span class='ocrx_word' id='word_1_171' title='bbox 1083 2012 1181 2073; x_wconf 90' lang='lat' dir='ltr'><strong>ubivis</strong></span> <span class='ocrx_word' id='word_1_172' title='bbox 1200 2011 1261 2071; x_wconf 88' lang='lat' dir='ltr'><strong>cir-</strong></span> 
     </span>
     <span class='ocr_line' id='line_1_19' title="bbox 41 2109 1259 2196; baseline 0 -28"><span class='ocrx_word' id='word_1_173' title='bbox 41 2115 167 2174; x_wconf 87' lang='lat' dir='ltr'><strong>cumcirca</strong></span> <span class='ocrx_word' id='word_1_174' title='bbox 191 2114 349 2195; x_wconf 85' lang='lat' dir='ltr'><strong>cespitibus</strong></span> <span class='ocrx_word' id='word_1_175' title='bbox 366 2115 485 2196; x_wconf 90' lang='lat' dir='ltr'><strong>positis,</strong></span> <span class='ocrx_word' id='word_1_176' title='bbox 506 2114 654 2176; x_wconf 88' lang='lat' dir='ltr'><strong>attendere</strong></span> <span class='ocrx_word' id='word_1_177' title='bbox 664 2159 673 2190; x_wconf 96' lang='lat'><strong>,</strong></span> <span class='ocrx_word' id='word_1_178' title='bbox 690 2135 728 2174; x_wconf 90' lang='lat' dir='ltr'><strong>nc</strong></span> <span class='ocrx_word' id='word_1_179' title='bbox 745 2114 803 2193; x_wconf 70' lang='lat' dir='ltr'><strong>qud</strong></span> <span class='ocrx_word' id='word_1_180' title='bbox 822 2115 939 2195; x_wconf 83' lang='lat' dir='ltr'><strong>effugiat</strong></span> <span class='ocrx_word' id='word_1_181' title='bbox 957 2134 1010 2174; x_wconf 89' lang='lat' dir='ltr'><strong>nos</strong></span> <span class='ocrx_word' id='word_1_182' title='bbox 1025 2113 1149 2192; x_wconf 79' lang='lat' dir='ltr'><strong>justitia.</strong></span> <span class='ocrx_word' id='word_1_183' title='bbox 1173 2109 1259 2170; x_wconf 88' lang='lat' dir='ltr'><strong>Illam</strong></span> 
     </span>
     <span class='ocr_line' id='line_1_20' title="bbox 41 2203 1260 2292; baseline 0 -24"><span class='ocrx_word' id='word_1_184' title='bbox 41 2225 122 2272; x_wconf 88' lang='lat' dir='ltr'><strong>artem</strong></span> <span class='ocrx_word' id='word_1_185' title='bbox 140 2228 171 2275; x_wconf 87' lang='lat' dir='ltr'><strong>ut</strong></span> <span class='ocrx_word' id='word_1_186' title='bbox 190 2214 305 2290; x_wconf 88' lang='lat' dir='ltr'><strong>cernit,</strong></span> <span class='ocrx_word' id='word_1_187' title='bbox 325 2208 385 2292; x_wconf 76' lang='lat' dir='ltr'><strong>toi,</strong></span> <span class='ocrx_word' id='word_1_188' title='bbox 408 2204 477 2292; x_wconf 79' lang='lat' dir='ltr'><strong>lori,</strong></span> <span class='ocrx_word' id='word_1_189' title='bbox 495 2216 653 2292; x_wconf 78' lang='lat' dir='ltr'><strong>exclamat,</strong></span> <span class='ocrx_word' id='word_1_190' title='bbox 666 2203 702 2275; x_wconf 62' lang='grc' dir='ltr'><strong>«ὦ</strong></span> <span class='ocrx_word' id='word_1_191' title='bbox 724 2206 880 2276; x_wconf 70' lang='lat' dir='ltr'><strong>nolano</strong></span> <span class='ocrx_word' id='word_1_192' title='bbox 907 2205 1111 2291; x_wconf 71' lang='grc' dir='ltr'><strong>κινδυνεύομέν</strong></span> <span class='ocrx_word' id='word_1_193' title='bbox 1132 2233 1161 2272; x_wconf 85' lang='grc' dir='ltr'><strong>τι</strong></span> <span class='ocrx_word' id='word_1_194' title='bbox 1181 2203 1260 2290; x_wconf 78' lang='grc' dir='ltr'>ἔχειν</span> 
     </span>
     <span class='ocr_line' id='line_1_21' title="bbox 42 2303 1259 2397; baseline 0.003 -31"><span class='ocrx_word' id='word_1_195' title='bbox 42 2303 121 2388; x_wconf 75' lang='grc' dir='ltr'><em>ἴχνος,</em></span> <span class='ocrx_word' id='word_1_196' title='bbox 143 2322 306 2395; x_wconf 81' lang='lat' dir='ltr'><strong>vestigium</strong></span> <span class='ocrx_word' id='word_1_197' title='bbox 325 2319 472 2395; x_wconf 75' lang='lat' dir='ltr'><strong>quoddam</strong></span> <span class='ocrx_word' id='word_1_198' title='bbox 494 2322 625 2375; x_wconf 73' lang='lat' dir='ltr'><strong>assecuti</strong></span> <span class='ocrx_word' id='word_1_199' title='bbox 645 2317 818 2377; x_wconf 73' lang='lat' dir='ltr'><strong>videorest-,rr</strong></span> <span class='ocrx_word' id='word_1_200' title='bbox 841 2314 874 2397; x_wconf 85' lang='lat'><strong>3)</strong></span> <span class='ocrx_word' id='word_1_201' title='bbox 905 2317 955 2378; x_wconf 88' lang='lat' dir='ltr'><strong>Sic</strong></span> <span class='ocrx_word' id='word_1_202' title='bbox 973 2329 1002 2376; x_wconf 92' lang='lat' dir='ltr'><strong>ct</strong></span> <span class='ocrx_word' id='word_1_203' title='bbox 1018 2316 1149 2378; x_wconf 83' lang='lat' dir='ltr'><strong>referunt</strong></span> <span class='ocrx_word' id='word_1_204' title='bbox 1167 2333 1259 2374; x_wconf 89' lang='lat' dir='ltr'><strong>vcna-</strong></span> 
     </span>
     <span class='ocr_line' id='line_1_22' title="bbox 42 2411 1260 2496; baseline 0.002 -26"><span class='ocrx_word' id='word_1_205' title='bbox 42 2411 131 2474; x_wconf 86' lang='lat' dir='ltr'><strong>tioncrn</strong></span> <span class='ocrx_word' id='word_1_206' title='bbox 153 2429 182 2474; x_wconf 89' lang='lat' dir='ltr'><strong>ct</strong></span> <span class='ocrx_word' id='word_1_207' title='bbox 209 2415 398 2476; x_wconf 87' lang='lat' dir='ltr'><strong>inventorum</strong></span> <span class='ocrx_word' id='word_1_208' title='bbox 425 2415 508 2495; x_wconf 90' lang='lat' dir='ltr'><strong>pleni</strong></span> <span class='ocrx_word' id='word_1_209' title='bbox 530 2426 598 2474; x_wconf 90' lang='lat' dir='ltr'><strong>sunt</strong></span> <span class='ocrx_word' id='word_1_210' title='bbox 624 2413 734 2496; x_wconf 82' lang='lat' dir='ltr'><strong>dialogi</strong></span> <span class='ocrx_word' id='word_1_211' title='bbox 763 2414 902 2475; x_wconf 87' lang='lat' dir='ltr'><strong>Platonis.</strong></span> <span class='ocrx_word' id='word_1_212' title='bbox 943 2414 992 2490; x_wconf 81' lang='lat' dir='ltr'><strong>Fit</strong></span> <span class='ocrx_word' id='word_1_213' title='bbox 1011 2413 1101 2489; x_wconf 88' lang='lat' dir='ltr'><strong>adeo,</strong></span> <span class='ocrx_word' id='word_1_214' title='bbox 1121 2425 1153 2473; x_wconf 83' lang='lat' dir='ltr'><strong>ut</strong></span> <span class='ocrx_word' id='word_1_215' title='bbox 1173 2425 1260 2493; x_wconf 90' lang='lat' dir='ltr'><strong>prout</strong></span> 
     </span>
     <span class='ocr_line' id='line_1_23' title="bbox 42 2510 1259 2602; baseline 0.001 -34"><span class='ocrx_word' id='word_1_216' title='bbox 42 2525 174 2574; x_wconf 84' lang='lat' dir='ltr'><strong>venatores</strong></span> <span class='ocrx_word' id='word_1_217' title='bbox 200 2512 331 2586; x_wconf 80' lang='lat' dir='ltr'><strong>subinde</strong></span> <span class='ocrx_word' id='word_1_218' title='bbox 359 2512 486 2595; x_wconf 89' lang='lat' dir='ltr'><strong>leporem</strong></span> <span class='ocrx_word' id='word_1_219' title='bbox 513 2513 724 2594; x_wconf 82' lang='lat' dir='ltr'><strong>investigantes</strong></span> <span class='ocrx_word' id='word_1_220' title='bbox 744 2534 863 2576; x_wconf 89' lang='lat' dir='ltr'><strong>cervum</strong></span> <span class='ocrx_word' id='word_1_221' title='bbox 891 2516 1033 2602; x_wconf 85' lang='lat' dir='ltr'><strong>capiunt,</strong></span> <span class='ocrx_word' id='word_1_222' title='bbox 1060 2513 1119 2588; x_wconf 90' lang='lat' dir='ltr'><strong>sic,</strong></span> <span class='ocrx_word' id='word_1_223' title='bbox 1146 2510 1259 2590; x_wconf 81' lang='lat' dir='ltr'><strong>quiin</strong></span> 
     </span>
     <span class='ocr_line' id='line_1_24' title="bbox 42 2609 1257 2693; baseline 0.004 -28"><span class='ocrx_word' id='word_1_224' title='bbox 42 2609 71 2668; x_wconf 87' lang='lat' dir='ltr'><strong>iis</strong></span> <span class='ocrx_word' id='word_1_225' title='bbox 94 2632 233 2676; x_wconf 86' lang='lat' dir='ltr'><strong>sermones</strong></span> <span class='ocrx_word' id='word_1_226' title='bbox 262 2612 401 2687; x_wconf 91' lang='lat' dir='ltr'><strong>miscent,</strong></span> <span class='ocrx_word' id='word_1_227' title='bbox 426 2612 511 2693; x_wconf 89' lang='lat' dir='ltr'><strong>plura</strong></span> <span class='ocrx_word' id='word_1_228' title='bbox 539 2632 572 2672; x_wconf 90' lang='lat' dir='ltr'><strong>ac</strong></span> <span class='ocrx_word' id='word_1_229' title='bbox 602 2613 710 2690; x_wconf 86' lang='lat' dir='ltr'><strong>majora</strong></span> <span class='ocrx_word' id='word_1_230' title='bbox 727 2612 907 2690; x_wconf 86' lang='lat' dir='ltr'><strong>inveniant,</strong></span> <span class='ocrx_word' id='word_1_231' title='bbox 936 2633 1022 2691; x_wconf 88' lang='lat' dir='ltr'><strong>quarn</strong></span> <span class='ocrx_word' id='word_1_232' title='bbox 1040 2610 1257 2690; x_wconf 80' lang='lat' dir='ltr'><strong>quaesiverunt.</strong></span> 
     </span>
     <span class='ocr_line' id='line_1_25' title="bbox 43 2707 1258 2792; baseline 0.003 -26"><span class='ocrx_word' id='word_1_233' title='bbox 43 2707 96 2766; x_wconf 85' lang='lat' dir='ltr'><strong>Non</strong></span> <span class='ocrx_word' id='word_1_234' title='bbox 110 2711 191 2772; x_wconf 86' lang='lat' dir='ltr'><strong>scurcl</strong></span> <span class='ocrx_word' id='word_1_235' title='bbox 215 2709 252 2772; x_wconf 88' lang='lat' dir='ltr'><strong>id</strong></span> <span class='ocrx_word' id='word_1_236' title='bbox 276 2710 309 2769; x_wconf 92' lang='lat' dir='ltr'><strong>in</strong></span> <span class='ocrx_word' id='word_1_237' title='bbox 335 2710 478 2790; x_wconf 72' lang='lat' dir='ltr'><strong>Sophiste</strong></span> <span class='ocrx_word' id='word_1_238' title='bbox 504 2710 638 2784; x_wconf 90' lang='lat' dir='ltr'><strong>obtinet,</strong></span> <span class='ocrx_word' id='word_1_239' title='bbox 667 2709 746 2788; x_wconf 91' lang='lat' dir='ltr'><strong>quod</strong></span> <span class='ocrx_word' id='word_1_240' title='bbox 774 2731 860 2791; x_wconf 89' lang='lat' dir='ltr'><strong>supra</strong></span> <span class='ocrx_word' id='word_1_241' title='bbox 890 2711 1055 2792; x_wconf 87' lang='lat' dir='ltr'><strong>attigimus,</strong></span> <span class='ocrx_word' id='word_1_242' title='bbox 1085 2709 1134 2768; x_wconf 82' lang='lat' dir='ltr'><strong>hic</strong></span> <span class='ocrx_word' id='word_1_243' title='bbox 1162 2722 1258 2770; x_wconf 88' lang='lat' dir='ltr'><strong>autem</strong></span> 
     </span>
     <span class='ocr_line' id='line_1_26' title="bbox 44 2800 1258 2890; baseline 0.007 -30"><span class='ocrx_word' id='word_1_244' title='bbox 44 2800 167 2870; x_wconf 87' lang='lat' dir='ltr'><strong>declarare</strong></span> <span class='ocrx_word' id='word_1_245' title='bbox 187 2830 243 2870; x_wconf 90' lang='lat' dir='ltr'><strong>nos</strong></span> <span class='ocrx_word' id='word_1_246' title='bbox 261 2822 381 2890; x_wconf 85' lang='lat' dir='ltr'><strong>oportet.</strong></span> <span class='ocrx_word' id='word_1_247' title='bbox 422 2809 494 2868; x_wconf 88' lang='lat' dir='ltr'><strong>Nam</strong></span> <span class='ocrx_word' id='word_1_248' title='bbox 513 2807 670 2889; x_wconf 87' lang='lat' dir='ltr'><strong>sophistam</strong></span> <span class='ocrx_word' id='word_1_249' title='bbox 696 2807 799 2888; x_wconf 90' lang='lat' dir='ltr'><strong>hospes</strong></span> <span class='ocrx_word' id='word_1_250' title='bbox 827 2809 879 2869; x_wconf 91' lang='lat' dir='ltr'><strong>ille</strong></span> <span class='ocrx_word' id='word_1_251' title='bbox 906 2829 973 2868; x_wconf 91' lang='lat' dir='ltr'><strong>cunr</strong></span> <span class='ocrx_word' id='word_1_252' title='bbox 994 2808 1149 2870; x_wconf 88' lang='lat' dir='ltr'><strong>Theaeteto</strong></span> <span class='ocrx_word' id='word_1_253' title='bbox 1173 2805 1258 2870; x_wconf 86' lang='lat' dir='ltr'><strong>inda·</strong></span> 
     </span>
     <span class='ocr_line' id='line_1_27' title="bbox 42 2906 1263 2989; baseline 0.003 -25"><span class='ocrx_word' id='word_1_254' title='bbox 42 2921 115 2982; x_wconf 82' lang='lat' dir='ltr'><strong>gans,</strong></span> <span class='ocrx_word' id='word_1_255' title='bbox 141 2913 223 2970; x_wconf 83' lang='lat' dir='ltr'><strong>ccccl</strong></span> <span class='ocrx_word' id='word_1_256' title='bbox 254 2928 308 2987; x_wconf 89' lang='lat' dir='ltr'><strong>pro</strong></span> <span class='ocrx_word' id='word_1_257' title='bbox 331 2908 457 2988; x_wconf 87' lang='lat' dir='ltr'><strong>sophista</strong></span> <span class='ocrx_word' id='word_1_258' title='bbox 480 2906 704 2989; x_wconf 87' lang='lat' dir='ltr'><strong>philosophum,</strong></span> <span class='ocrx_word' id='word_1_259' title='bbox 734 2921 780 2982; x_wconf 91' lang='lat' dir='ltr'><strong>ct,</strong></span> <span class='ocrx_word' id='word_1_260' title='bbox 808 2909 841 2968; x_wconf 90' lang='lat' dir='ltr'><strong>in</strong></span> <span class='ocrx_word' id='word_1_261' title='bbox 869 2907 939 2966; x_wconf 86' lang='lat' dir='ltr'><strong>alios</strong></span> <span class='ocrx_word' id='word_1_262' title='bbox 965 2906 1103 2986; x_wconf 87' lang='lat' dir='ltr'><strong>deinceps</strong></span> <span class='ocrx_word' id='word_1_263' title='bbox 1128 2907 1263 2968; x_wconf 85' lang='lat' dir='ltr'><strong>tramites</strong></span> 
     </span>
     <span class='ocr_line' id='line_1_28' title="bbox 41 2999 1263 3086; baseline 0.003 -26"><span class='ocrx_word' id='word_1_264' title='bbox 41 2999 191 3083; x_wconf 87' lang='lat' dir='ltr'><strong>devertens,</strong></span> <span class='ocrx_word' id='word_1_265' title='bbox 219 3005 406 3066; x_wconf 86' lang='lat' dir='ltr'><strong>dialecticum</strong></span> <span class='ocrx_word' id='word_1_266' title='bbox 434 3005 629 3084; x_wconf 87' lang='lat' dir='ltr'><strong>consequitur.</strong></span> <span class='ocrx_word' id='word_1_267' title='bbox 672 3004 790 3066; x_wconf 90' lang='lat' dir='ltr'><strong>Scilicet</strong></span> <span class='ocrx_word' id='word_1_268' title='bbox 818 3007 880 3086; x_wconf 89' lang='lat' dir='ltr'><strong>ipsc</strong></span> <span class='ocrx_word' id='word_1_269' title='bbox 909 3019 1025 3080; x_wconf 87' lang='lat' dir='ltr'><strong>auctor,</strong></span> <span class='ocrx_word' id='word_1_270' title='bbox 1046 3004 1175 3084; x_wconf 81' lang='lat' dir='ltr'><strong>dialogos</strong></span> <span class='ocrx_word' id='word_1_271' title='bbox 1197 3004 1263 3064; x_wconf 86' lang='lat' dir='ltr'><strong>hu-</strong></span> 
     </span>
     <span class='ocr_line' id='line_1_29' title="bbox 37 3097 1263 3189; baseline 0.004 -31"><span class='ocrx_word' id='word_1_272' title='bbox 37 3098 146 3173; x_wconf 86' lang='lat' dir='ltr'><strong>jusmodi</strong></span> <span class='ocrx_word' id='word_1_273' title='bbox 173 3104 384 3187; x_wconf 80' lang='lat' dir='ltr'><strong>exploratorios</strong></span> <span class='ocrx_word' id='word_1_274' title='bbox 412 3102 555 3179; x_wconf 84' lang='lat' dir='ltr'><strong>scribens,</strong></span> <span class='ocrx_word' id='word_1_275' title='bbox 579 3102 649 3164; x_wconf 89' lang='lat' dir='ltr'><strong>duci</strong></span> <span class='ocrx_word' id='word_1_276' title='bbox 675 3125 704 3162; x_wconf 91' lang='lat' dir='ltr'><strong>sc</strong></span> <span class='ocrx_word' id='word_1_277' title='bbox 724 3104 858 3180; x_wconf 86' lang='lat' dir='ltr'><strong>sinebat,</strong></span> <span class='ocrx_word' id='word_1_278' title='bbox 883 3127 940 3185; x_wconf 92' lang='lat' dir='ltr'><strong>quo</strong></span> <span class='ocrx_word' id='word_1_279' title='bbox 966 3103 1082 3182; x_wconf 77' lang='grc' dir='ltr'><em>πνεῦμα</em></span> <span class='ocrx_word' id='word_1_280' title='bbox 1103 3097 1201 3189; x_wconf 72' lang='grc' dir='ltr'><em>φέρῃ,</em></span> <span class='ocrx_word' id='word_1_281' title='bbox 1223 3101 1263 3183; x_wconf 65' lang='lat' dir='ltr'><strong>lap</strong></span> 
     </span>
     <span class='ocr_line' id='line_1_30' title="bbox 33 3201 1262 3286; baseline 0.008 -30"><span class='ocrx_word' id='word_1_282' title='bbox 33 3201 92 3269; x_wconf 85' lang='lat' dir='ltr'><strong>sors</strong></span> <span class='ocrx_word' id='word_1_283' title='bbox 109 3210 205 3280; x_wconf 77' lang='lat' dir='ltr'><strong>ipsum</strong></span> <span class='ocrx_word' id='word_1_284' title='bbox 226 3214 258 3264; x_wconf 85' lang='lat' dir='ltr'><strong>et</strong></span> <span class='ocrx_word' id='word_1_285' title='bbox 275 3211 364 3281; x_wconf 83' lang='lat' dir='ltr'><strong>quasi</strong></span> <span class='ocrx_word' id='word_1_286' title='bbox 381 3212 488 3262; x_wconf 79' lang='lat' dir='ltr'><strong>ventus</strong></span> <span class='ocrx_word' id='word_1_287' title='bbox 501 3205 700 3278; x_wconf 57' lang='lat' dir='ltr'><strong>serranum</strong></span> <span class='ocrx_word' id='word_1_288' title='bbox 720 3202 870 3283; x_wconf 85' lang='lat' dir='ltr'><strong>probandi¹</strong></span> <span class='ocrx_word' id='word_1_289' title='bbox 882 3203 1158 3286; x_wconf 89' lang='lat' dir='ltr'><strong>demonstrandique</strong></span> <span class='ocrx_word' id='word_1_290' title='bbox 1177 3205 1262 3286; x_wconf 91' lang='lat' dir='ltr'><strong>quod.</strong></span> 
     </span>
     <span class='ocr_line' id='line_1_31' title="bbox 39 3299 1260 3383; baseline 0.008 -27"><span class='ocrx_word' id='word_1_291' title='bbox 39 3315 173 3377; x_wconf 89' lang='lat' dir='ltr'><strong>posuerat,</strong></span> <span class='ocrx_word' id='word_1_292' title='bbox 191 3299 246 3364; x_wconf 83' lang='lat' dir='ltr'><strong>sed</strong></span> <span class='ocrx_word' id='word_1_293' title='bbox 270 3300 446 3366; x_wconf 86' lang='lat' dir='ltr'><strong>inveniendi</strong></span> <span class='ocrx_word' id='word_1_294' title='bbox 472 3300 628 3363; x_wconf 89' lang='lat' dir='ltr'><strong>consilium</strong></span> <span class='ocrx_word' id='word_1_295' title='bbox 655 3300 799 3380; x_wconf 81' lang='lat' dir='ltr'><strong>habebat:</strong></span> <span class='ocrx_word' id='word_1_296' title='bbox 827 3324 887 3363; x_wconf 90' lang='lat' dir='ltr'><strong>non</strong></span> <span class='ocrx_word' id='word_1_297' title='bbox 914 3308 1184 3383; x_wconf 88' lang='lat' dir='ltr'><strong>commentationes,</strong></span> <span class='ocrx_word' id='word_1_298' title='bbox 1205 3303 1260 3366; x_wconf 89' lang='lat' dir='ltr'><strong>sed</strong></span> 
     </span>
     <span class='ocr_line' id='line_1_32' title="bbox 38 3395 871 3474; baseline 0.005 -20"><span class='ocrx_word' id='word_1_299' title='bbox 38 3395 248 3474; x_wconf 70' lang='lat' dir='ltr'><strong>disquisitiones</strong></span> <span class='ocrx_word' id='word_1_300' title='bbox 267 3399 420 3460; x_wconf 82' lang='lat' dir='ltr'><strong>scribebat.</strong></span> <span class='ocrx_word' id='word_1_301' title='bbox 689 3463 691 3472; x_wconf 29' lang='lat'><strong>¹</strong></span> <span class='ocrx_word' id='word_1_302' title='bbox 868 3396 871 3408; x_wconf 84' lang='lat'>&#39;</span> 
     </span>
    </p>

    <p class='ocr_par' dir='ltr' id='par_1_3' title="bbox 36 3496 1259 3976">
     <span class='ocr_line' id='line_1_33' title="bbox 67 3496 1257 3582; baseline 0.008 -28"><span class='ocrx_word' id='word_1_303' title='bbox 67 3496 205 3560; x_wconf 75' lang='lat' dir='ltr'><strong>Abhorret</strong></span> <span class='ocrx_word' id='word_1_304' title='bbox 229 3500 301 3560; x_wconf 88' lang='lat' dir='ltr'><strong>hacc</strong></span> <span class='ocrx_word' id='word_1_305' title='bbox 328 3519 397 3564; x_wconf 90' lang='lat' dir='ltr'><strong>sane</strong></span> <span class='ocrx_word' id='word_1_306' title='bbox 425 3498 499 3557; x_wconf 89' lang='lat' dir='ltr'><strong>ratio</strong></span> <span class='ocrx_word' id='word_1_307' title='bbox 516 3518 532 3556; x_wconf 88' lang='lat' dir='ltr'><strong>a</strong></span> <span class='ocrx_word' id='word_1_308' title='bbox 551 3497 659 3557; x_wconf 86' lang='lat' dir='ltr'><strong>saeculi</strong></span> <span class='ocrx_word' id='word_1_309' title='bbox 687 3499 778 3558; x_wconf 88' lang='lat' dir='ltr'><strong>nostri</strong></span> <span class='ocrx_word' id='word_1_310' title='bbox 807 3501 1038 3578; x_wconf 89' lang='lat' dir='ltr'><strong>consuetudine,</strong></span> <span class='ocrx_word' id='word_1_311' title='bbox 1060 3502 1112 3562; x_wconf 92' lang='lat' dir='ltr'><strong>scd</strong></span> <span class='ocrx_word' id='word_1_312' title='bbox 1136 3503 1257 3582; x_wconf 89' lang='lat' dir='ltr'><strong>ingenio</strong></span> 
     </span>
     <span class='ocr_line' id='line_1_34' title="bbox 38 3590 1257 3677; baseline 0.011 -30"><span class='ocrx_word' id='word_1_313' title='bbox 38 3590 104 3656; x_wconf 85' lang='lat' dir='ltr'><strong>felici</strong></span> <span class='ocrx_word' id='word_1_314' title='bbox 121 3610 149 3656; x_wconf 91' lang='lat' dir='ltr'><strong>ct</strong></span> <span class='ocrx_word' id='word_1_315' title='bbox 163 3596 328 3673; x_wconf 86' lang='lat' dir='ltr'><strong>foecundo,</strong></span> <span class='ocrx_word' id='word_1_316' title='bbox 356 3597 441 3676; x_wconf 87' lang='lat' dir='ltr'><strong>quale</strong></span> <span class='ocrx_word' id='word_1_317' title='bbox 471 3595 600 3654; x_wconf 89' lang='lat' dir='ltr'><strong>Platonis</strong></span> <span class='ocrx_word' id='word_1_318' title='bbox 629 3609 709 3670; x_wconf 90' lang='lat' dir='ltr'><strong>erat,</strong></span> <span class='ocrx_word' id='word_1_319' title='bbox 737 3598 932 3658; x_wconf 90' lang='lat' dir='ltr'><strong>conveniebat</strong></span> <span class='ocrx_word' id='word_1_320' title='bbox 954 3602 1097 3677; x_wconf 86' lang='lat' dir='ltr'><strong>mirifice,</strong></span> <span class='ocrx_word' id='word_1_321' title='bbox 1124 3617 1157 3663; x_wconf 91' lang='lat' dir='ltr'><strong>ut</strong></span> <span class='ocrx_word' id='word_1_322' title='bbox 1183 3601 1257 3662; x_wconf 92' lang='lat' dir='ltr'><strong>hinc</strong></span> 
     </span>
     <span class='ocr_line' id='line_1_35' title="bbox 37 3693 1255 3781; baseline 0.005 -27"><span class='ocrx_word' id='word_1_323' title='bbox 37 3708 131 3754; x_wconf 70' lang='lat' dir='ltr'><strong>summa</strong></span> <span class='ocrx_word' id='word_1_324' title='bbox 153 3695 207 3756; x_wconf 90' lang='lat' dir='ltr'><strong>illa</strong></span> <span class='ocrx_word' id='word_1_325' title='bbox 226 3698 260 3757; x_wconf 90' lang='lat' dir='ltr'><strong>in</strong></span> <span class='ocrx_word' id='word_1_326' title='bbox 278 3695 412 3758; x_wconf 88' lang='lat' dir='ltr'><strong>omnibus</strong></span> <span class='ocrx_word' id='word_1_327' title='bbox 435 3694 564 3754; x_wconf 86' lang='lat' dir='ltr'><strong>Platonis</strong></span> <span class='ocrx_word' id='word_1_328' title='bbox 587 3693 721 3774; x_wconf 89' lang='lat' dir='ltr'><strong>scriptis,</strong></span> <span class='ocrx_word' id='word_1_329' title='bbox 739 3716 821 3778; x_wconf 84' lang='lat' dir='ltr'><strong>quae</strong></span> <span class='ocrx_word' id='word_1_330' title='bbox 846 3696 899 3756; x_wconf 90' lang='lat' dir='ltr'><strong>hac</strong></span> <span class='ocrx_word' id='word_1_331' title='bbox 930 3698 1038 3780; x_wconf 86' lang='lat' dir='ltr'><strong>dialogi</strong></span> <span class='ocrx_word' id='word_1_332' title='bbox 1059 3701 1169 3762; x_wconf 89' lang='lat' dir='ltr'><strong>ratione</strong></span> <span class='ocrx_word' id='word_1_333' title='bbox 1189 3721 1255 3781; x_wconf 88' lang='lat' dir='ltr'><strong>pro·</strong></span> 
     </span>
     <span class='ocr_line' id='line_1_36' title="bbox 36 3783 1259 3877; baseline 0.011 -31"><span class='ocrx_word' id='word_1_334' title='bbox 36 3788 144 3868; x_wconf 87' lang='lat' dir='ltr'><strong>cedunt,</strong></span> <span class='ocrx_word' id='word_1_335' title='bbox 168 3794 304 3869; x_wconf 88' lang='lat' dir='ltr'><strong>ubertas,</strong></span> <span class='ocrx_word' id='word_1_336' title='bbox 326 3807 472 3852; x_wconf 77' lang='lat' dir='ltr'><strong>atterum</strong></span> <span class='ocrx_word' id='word_1_337' title='bbox 491 3791 724 3873; x_wconf 86' lang='lat' dir='ltr'><strong>gravissimarum</strong></span> <span class='ocrx_word' id='word_1_338' title='bbox 739 3783 910 3856; x_wconf 46' lang='lat' dir='ltr'><strong>‘inexhausti</strong></span> <span class='ocrx_word' id='word_1_339' title='bbox 928 3797 1052 3877; x_wconf 86' lang='lat' dir='ltr'><strong>putandi</strong></span> <span class='ocrx_word' id='word_1_340' title='bbox 1070 3798 1165 3860; x_wconf 76' lang='lat' dir='ltr'><strong>fontes</strong></span> <span class='ocrx_word' id='word_1_341' title='bbox 1184 3799 1259 3861; x_wconf 82' lang='lat' dir='ltr'><strong>sint.</strong></span> 
     </span>
     <span class='ocr_line' id='line_1_37' title="bbox 36 3881 1257 3976; baseline 0.011 -32"><span class='ocrx_word' id='word_1_342' title='bbox 36 3881 65 3946; x_wconf 88' lang='lat' dir='ltr'><strong>Et</strong></span> <span class='ocrx_word' id='word_1_343' title='bbox 82 3890 150 3952; x_wconf 89' lang='lat' dir='ltr'><strong>mibi</strong></span> <span class='ocrx_word' id='word_1_344' title='bbox 168 3892 306 3972; x_wconf 89' lang='lat' dir='ltr'><strong>quidem,</strong></span> <span class='ocrx_word' id='word_1_345' title='bbox 325 3892 433 3966; x_wconf 87' lang='lat' dir='ltr'><strong>fatcor,</strong></span> <span class='ocrx_word' id='word_1_346' title='bbox 451 3890 524 3967; x_wconf 91' lang='lat' dir='ltr'><strong>illa,</strong></span> <span class='ocrx_word' id='word_1_347' title='bbox 549 3911 623 3970; x_wconf 87' lang='lat' dir='ltr'><strong>qnae</strong></span> <span class='ocrx_word' id='word_1_348' title='bbox 644 3890 698 3950; x_wconf 88' lang='lat' dir='ltr'><strong>hoc</strong></span> <span class='ocrx_word' id='word_1_349' title='bbox 718 3892 803 3954; x_wconf 90' lang='lat' dir='ltr'><strong>modo</strong></span> <span class='ocrx_word' id='word_1_350' title='bbox 813 3939 822 3969; x_wconf 95' lang='lat'><strong>,</strong></span> <span class='ocrx_word' id='word_1_351' title='bbox 852 3893 935 3955; x_wconf 88' lang='lat' dir='ltr'><strong>aliud</strong></span> <span class='ocrx_word' id='word_1_352' title='bbox 954 3885 1087 3976; x_wconf 81' lang='lat' dir='ltr'><strong>agendo,</strong></span> <span class='ocrx_word' id='word_1_353' title='bbox 1114 3919 1181 3960; x_wconf 86' lang='lat' dir='ltr'><strong>casu</strong></span> <span class='ocrx_word' id='word_1_354' title='bbox 1191 3944 1200 3975; x_wconf 92' lang='lat'><strong>,</strong></span> <span class='ocrx_word' id='word_1_355' title='bbox 1222 3911 1257 3958; x_wconf 90' lang='lat' dir='ltr'><strong>ut</strong></span> 
     </span>
    </p>
   </div>
   <div class='ocr_carea' id='block_1_3' title="bbox 63 4097 447 4345">
    <p class='ocr_par' dir='ltr' id='par_1_4' title="bbox 63 4097 447 4345">
     <span class='ocr_line' id='line_1_38' title="bbox 64 4097 311 4162; baseline 0.028 -14"><span class='ocrx_word' id='word_1_356' title='bbox 64 4097 85 4162; x_wconf 87' lang='grc'><strong>1)</strong></span> <span class='ocrx_word' id='word_1_357' title='bbox 103 4101 184 4156; x_wconf 79' lang='lat' dir='ltr'><strong>Persa.</strong></span> <span class='ocrx_word' id='word_1_358' title='bbox 203 4101 261 4156; x_wconf 82' lang='lat'><strong>1³5.</strong></span> <span class='ocrx_word' id='word_1_359' title='bbox 280 4103 311 4155; x_wconf 84' lang='lat' dir='ltr'><strong>ll.</strong></span> 
     </span>
     <span class='ocr_line' id='line_1_39' title="bbox 63 4181 335 4241; baseline 0.015 -5"><span class='ocrx_word' id='word_1_360' title='bbox 63 4181 86 4240; x_wconf 70' lang='lat'><strong>2)</strong></span> <span class='ocrx_word' id='word_1_361' title='bbox 103 4187 161 4240; x_wconf 79' lang='lat' dir='ltr'><strong>Eoo.</strong></span> <span class='ocrx_word' id='word_1_362' title='bbox 180 4187 238 4241; x_wconf 82' lang='lat'><strong>1³6.</strong></span> <span class='ocrx_word' id='word_1_363' title='bbox 256 4189 287 4240; x_wconf 88' lang='lat' dir='ltr'><strong>l).</strong></span> <span class='ocrx_word' id='word_1_364' title='bbox 305 4187 335 4240; x_wconf 87' lang='lat' dir='ltr'><strong>E.</strong></span> 
     </span>
     <span class='ocr_line' id='line_1_40' title="bbox 64 4268 447 4345; baseline 0.016 -25"><span class='ocrx_word' id='word_1_365' title='bbox 64 4268 86 4334; x_wconf 83' lang='lat'><strong>3)</strong></span> <span class='ocrx_word' id='word_1_366' title='bbox 102 4274 137 4326; x_wconf 84' lang='lat' dir='ltr'><strong>lle</strong></span> <span class='ocrx_word' id='word_1_367' title='bbox 154 4276 214 4345; x_wconf 81' lang='lat' dir='ltr'><strong>Rop.</strong></span> <span class='ocrx_word' id='word_1_368' title='bbox 232 4273 273 4327; x_wconf 81' lang='lat' dir='ltr'><strong>IV.</strong></span> <span class='ocrx_word' id='word_1_369' title='bbox 291 4274 351 4328; x_wconf 71' lang='lat'><strong>432.</strong></span> <span class='ocrx_word' id='word_1_370' title='bbox 368 4274 397 4326; x_wconf 88' lang='grc' dir='ltr'><strong>Β.</strong></span> <span class='ocrx_word' id='word_1_371' title='bbox 416 4275 447 4327; x_wconf 83' lang='grc' dir='ltr'><strong>Ι).</strong></span> 
     </span>
    </p>
   </div>
   <div class='ocr_carea' id='block_1_4' title="bbox 37 4359 1248 4558">
    <p class='ocr_par' dir='ltr' id='par_1_5' title="bbox 37 4359 1248 4558">
     <span class='ocr_line' id='line_1_41' title="bbox 64 4359 1248 4458; baseline 0.003 -36"><span class='ocrx_word' id='word_1_372' title='bbox 64 4363 86 4428; x_wconf 78' lang='lat' dir='ltr'><strong>t)</strong></span> <span class='ocrx_word' id='word_1_373' title='bbox 103 4369 160 4422; x_wconf 78' lang='lat' dir='ltr'><strong>Eod.</strong></span> <span class='ocrx_word' id='word_1_374' title='bbox 178 4369 220 4421; x_wconf 92' lang='lat'><strong>111.</strong></span> <span class='ocrx_word' id='word_1_375' title='bbox 239 4369 297 4424; x_wconf 71' lang='lat'><strong>394.</strong></span> <span class='ocrx_word' id='word_1_376' title='bbox 315 4371 347 4423; x_wconf 87' lang='lat' dir='ltr'><strong>l).</strong></span> <span class='ocrx_word' id='word_1_377' title='bbox 365 4372 477 4423; x_wconf 79' lang='lat' dir='ltr'><strong>Nondum</strong></span> <span class='ocrx_word' id='word_1_378' title='bbox 495 4372 522 4422; x_wconf 84' lang='lat' dir='ltr'><strong>id</strong></span> <span class='ocrx_word' id='word_1_379' title='bbox 540 4389 582 4439; x_wconf 77' lang='lat' dir='ltr'><strong>epo</strong></span> <span class='ocrx_word' id='word_1_380' title='bbox 599 4374 664 4446; x_wconf 82' lang='lat' dir='ltr'><strong>scio,</strong></span> <span class='ocrx_word' id='word_1_381' title='bbox 684 4374 733 4438; x_wconf 86' lang='lat' dir='ltr'><strong>ait,</strong></span> <span class='ocrx_word' id='word_1_382' title='bbox 749 4362 812 4429; x_wconf 69' lang='grc' dir='ltr'><strong>ἀλλ’</strong></span> <span class='ocrx_word' id='word_1_383' title='bbox 837 4362 912 4458; x_wconf 65' lang='grc' dir='ltr'><strong>ὅπῃ.</strong></span> <span class='ocrx_word' id='word_1_384' title='bbox 927 4365 964 4434; x_wconf 77' lang='lat' dir='ltr'><strong>lio</strong></span> <span class='ocrx_word' id='word_1_385' title='bbox 991 4365 1009 4432; x_wconf 82' lang='grc' dir='ltr'>ὁ</span> <span class='ocrx_word' id='word_1_386' title='bbox 1037 4365 1123 4450; x_wconf 70' lang='grc' dir='ltr'><em>λόγος</em></span> <span class='ocrx_word' id='word_1_387' title='bbox 1149 4359 1248 4446; x_wconf 68' lang='grc' dir='ltr'><strong><em>ὥσπερ</em></strong></span> 
     </span>
     <span class='ocr_line' id='line_1_42' title="bbox 37 4465 766 4558; baseline 0.005 -28"><span class='ocrx_word' id='word_1_388' title='bbox 37 4465 134 4544; x_wconf 63' lang='lat' dir='ltr'><strong>“reduto</strong></span> <span class='ocrx_word' id='word_1_389' title='bbox 158 4465 253 4556; x_wconf 76' lang='grc' dir='ltr'><strong><em>φέρῃ,</em></strong></span> <span class='ocrx_word' id='word_1_390' title='bbox 275 4465 370 4558; x_wconf 78' lang='grc' dir='ltr'><strong><em>ταύτῃ</em></strong></span> <span class='ocrx_word' id='word_1_391' title='bbox 395 4467 480 4534; x_wconf 76' lang='grc' dir='ltr'><em>ἰτέον.</em></span> <span class='ocrx_word' id='word_1_392' title='bbox 504 4475 551 4532; x_wconf 79' lang='lat' dir='ltr'><strong>th.</strong></span> <span class='ocrx_word' id='word_1_393' title='bbox 567 4481 646 4536; x_wconf 76' lang='lat' dir='ltr'><strong>Initio</strong></span> <span class='ocrx_word' id='word_1_394' title='bbox 666 4501 693 4552; x_wconf 93' lang='lat' dir='ltr'><strong>p.</strong></span> <span class='ocrx_word' id='word_1_395' title='bbox 707 4483 766 4536; x_wconf 83' lang='lat'><strong>260.</strong></span> 
     </span>
    </p>
   </div>
   <div class='ocr_carea' id='block_1_5' title="bbox 0 0 1424 5120">
    <p class='ocr_par' dir='ltr' id='par_1_6' title="bbox 0 0 1424 5120">
     <span class='ocr_line' id='line_1_43' title="bbox 0 0 1424 5120; baseline 0 2"><span class='ocrx_word' id='word_1_396' title='bbox 0 0 1424 5120; x_wconf 95' lang='lat' dir='ltr'><strong> </strong></span> 
     </span>
    </p>
   </div>
  </div>
 </body>
</html>
