2832 5120
720 231 776 288 168

126 399 240 455 mouere
260 417 304 454 me
324 371 464 482 coepisti,
482 396 523 454 ita
549 414 585 452 ne
615 392 730 452 desinas
751 390 856 464 velim,
880 391 931 450 sed
957 389 1044 470 plane
1071 387 1143 448 mihi
1174 386 1343 460 demonstra,

125 492 198 572 quid
222 493 299 552 illud
327 494 382 569 sit,
403 494 436 552 in
462 491 541 570 quod
570 489 641 549 mihi
671 489 900 549 incumbendum
923 487 1057 548 videatur
1085 501 1113 547 et
1136 505 1193 564 qua
1212 485 1288 544 illud
1306 486 1345 544 via

127 611 293 669 consequar.
335 591 445 665 Quodsi
466 611 510 649 me
531 610 610 648 nunc
631 588 749 667 quidem
775 588 1059 646 tibiassentientem
1078 585 1232 658 habueris,
1262 597 1348 664 postea

129 711 196 749 vero
216 690 285 749 baec
312 689 538 771 deprehenderis
560 687 773 767 negligentem,
794 685 830 746 de
850 686 956 764 quibus
978 685 1196 757 consensimus,
1214 681 1349 762 stupidum

130 810 173 846 me
193 788 279 868 plane
308 809 367 846 esse
396 789 547 860 existima,
568 807 621 845 nec
652 807 779 864 unquam
803 807 847 844 me
875 784 961 858 dein,
980 783 1087 862 quippe
1106 779 1254 862 perditum
1273 778 1349 838 homi·

130 908 216 960 nem,
235 891 319 962 mone
340 887 453 945 iterum.
496 885 554 944 Sed
574 883 610 943 ab
630 885 715 943 initio
736 904 795 942 rem
815 897 1001 964 repetamus.»
1028 879 1057 960 1)

170 986 248 1042 Haec
266 983 394 1046 Socrates
413 985 540 1059 ironioe3
564 983 615 1042 scd
636 981 713 1042 idem
733 981 871 1061 deinceps
892 981 965 1040 serio
992 993 1020 1038 et
1040 1000 1093 1058 pro
1114 977 1277 1057 argumenti
1297 989 1372 1054 gra·

131 1084 220 1143 vitate
250 1083 421 1158 sententiam
451 1083 583 1162 aperiens
611 1103 714 1156 suam,
745 1082 786 1140 sic
818 1079 947 1140 veritatis
970 1078 1180 1156 justitiaeque,
1212 1075 1270 1134 imo
1299 1073 1352 1154 pbi-

131 1179 297 1260 losophiae,
317 1201 442 1240 caussam
462 1181 539 1261 agit,
560 1194 609 1254 ut,
626 1201 712 1258 quam
733 1200 823 1239 vanae
853 1178 911 1238 sint
935 1178 1053 1236 istorum
1072 1174 1224 1234 bominum
1244 1172 1353 1232 cavilla·

131 1280 243 1351 tiones,
263 1297 347 1354 quam
361 1292 460 1338 contra
478 1280 591 1358 gravis,
608 1292 732 1356 quantae
751 1278 784 1335 in
799 1277 917 1336 civitate
933 1273 1111 1332 auctoritatis
1126 1271 1180 1330 illa
1199 1270 1353 1349 eloquentia

133 1377 188 1450 sit,
209 1396 363 1454 quaecum
383 1375 583 1456 philosophiae
603 1379 640 1435 sit
655 1375 752 1435 studio
771 1376 943 1451 conjuncta,
960 1373 1055 1430 cuivis
1074 1369 1251 1450 persuadeat
1270 1368 1354 1427 facile.

134 1476 205 1534 Nam
223 1487 372 1554 postquam
393 1475 434 1532 sic
462 1474 590 1534 Socrates
614 1475 701 1552 hujus
726 1474 782 1534 viri
813 1472 1002 1553 sapientiam,
1023 1467 1228 1530 admirabilem
1257 1467 1356 1526 scilicet

135 1573 217 1633 illam
226 1617 234 1646 ,
255 1571 372 1630 summis
392 1570 528 1630 laudibus
549 1573 709 1646 extulerat,
724 1571 762 1630 ad
776 1571 851 1630 banc
868 1591 933 1628 eum
949 1563 1358 1644 necessitateminterrogando

136 1671 231 1751 cogit,
252 1682 283 1728 ut
300 1669 400 1727 decere
420 1669 542 1728 fateatur
562 1685 705 1744 oratores,
731 1669 862 1728 meliores
880 1667 1005 1727 dicendo
1033 1663 1144 1726 efficere
1165 1665 1255 1724 cives.
1290 1666 1358 1721 «Ars

137 1768 241 1840 nobis,
272 1767 330 1842 ait,
359 1765 390 1845 2)
411 1766 489 1824 baud
519 1769 581 1828 visa
601 1783 642 1827 est
670 1789 714 1826 res
744 1768 929 1846 coquinaria:
952 1779 994 1824 est
1017 1766 1095 1822 enim
1121 1759 1261 1844 ἕμπείρια
1281 1783 1359 1844 quae-

140 1865 224 1940 dam,
246 1858 370 1943 ἄτεχνοςΙ
388 1858 475 1946 τριβή
487 1887 494 1901 ·
526 1865 577 1926 sed
604 1866 658 1926 hoo
690 1867 805 1925 demum
827 1865 897 1924 artis
925 1863 1043 1923 nomine
1073 1867 1225 1924 medicina
1245 1861 1359 1924 dicenda

140 1978 199 2040 est,
220 1967 328 2047 quippe
355 1986 428 2044 quae
457 1968 541 2044 cujus
566 1987 664 2038 curam
690 1964 796 2038 habet,
818 1963 945 2042 ejusdem
973 1976 1001 2021 et
1026 1977 1157 2022 naturam
1186 1964 1319 2045 explorat
1338 1974 1359 2018 et

140 2083 252 2122 caussas
273 2063 377 2143 agendi
397 2065 542 2142 exquirit,
563 2078 591 2122 et
611 2064 714 2122 borurn
734 2064 864 2121 omnium
885 2062 1011 2120 rationes
1036 2060 1091 2119 sibi
1118 2061 1241 2122 reddere
1262 2072 1358 2142 potest:

140 2158 229 2220 altera
250 2182 318 2222 vero
339 2160 392 2220 illa
410 2162 513 2241 horum
534 2161 613 2220 nihil
631 2161 772 2239 inquirit,
801 2161 909 2239 quippe
927 2159 1012 2218 unice
1032 2159 1175 2240 voluptati
1196 2160 1359 2221 inserviens.

143 2255 200 2318 Sed
220 2257 308 2332 vide,
330 2280 401 2318 num
420 2260 479 2318 sint
502 2257 640 2338 quaedam
662 2259 719 2318 alia
735 2257 841 2316 similia
858 2256 973 2331 studia,
992 2279 1065 2336 quae
1086 2277 1153 2318 vero
1173 2277 1359 2338 nomcorpus,

142 2355 193 2414 sed
212 2357 339 2415 animum
359 2370 489 2437 spectant
500 2402 508 2431 ,
527 2359 633 2438 partim
652 2371 798 2418 cumarte
819 2357 991 2433 conjuncta,
1014 2369 1045 2414 ut
1061 2357 1151 2416 animi
1170 2357 1293 2416 salutem
1307 2377 1360 2437 pro·

144 2452 269 2528 rebant,
289 2457 396 2534 partim
425 2454 499 2514 hanc
530 2455 704 2535 negligentia
731 2474 865 2535 prorsus,
884 2454 973 2513 animi
1002 2454 1181 2516 solummodo
1204 2455 1360 2516 oblectatio

143 2572 209 2610 nem
224 2537 437 2632 respicientia?
468 2553 543 2612 Mihi
574 2552 710 2631 quidem,
736 2553 855 2629 adjicit,
877 2573 935 2610 esse
962 2551 1124 2631 quaedam,
1145 2553 1303 2629 Callicles,
1322 2553 1362 2610 vi-

144 2649 269 2709 dentur:
292 2664 385 2711 statuo
405 2659 499 2712 autem
520 2666 611 2711 toturn
628 2651 682 2710 boc
706 2652 852 2730 negotium
880 2649 1042 2724 κολακείαν,
1070 2655 1278 2712 adulationem
1298 2673 1362 2724 esse,

144 2749 204 2806 sive
220 2749 368 2822 animum,
384 2751 444 2809 sive
464 2770 586 2830 corpus,
607 2750 668 2810 sive
683 2749 765 2808 aliud
780 2749 973 2832 quodcunque
989 2767 1116 2834 spectat,
1137 2754 1220 2830 cuius
1241 2753 1365 2832 voluptas

144 2846 317 2926 respicitur,
332 2846 409 2906 salus
426 2869 493 2908 vero
510 2848 665 2928 negligitur
680 2847 794 2928 plane.»
820 2849 898 2908 Hinc
914 2849 950 2909 de
966 2850 1077 2910 artibus
1094 2850 1270 2930 quibusdam
1291 2869 1363 2929 quae·

146 2943 192 3001 rit.
239 2945 410 3018 «Primum,
432 2947 491 3020 ait,
523 2945 718 3004 tibicinariam
750 2946 973 3008 consideremus.
1014 2950 1117 3010 Nonne
1140 2949 1216 3008 baeo'
1232 2950 1288 3008 tibi
1308 2947 1365 3006 talis

145 3062 203 3100 esse
219 3041 350 3118 videtur,
367 3044 522 3104 Callicles?
538 3043 716 3124 voluptatem
731 3047 863 3124 persequi
878 3048 986 3123 solum,
1005 3047 1089 3107 aliud
1108 3069 1208 3106 curare
1224 3046 1322 3106 nibil?
1339 3073 1363 3082 ”

144 3141 279 3200 Videtur.
302 3173 334 3182 -
351 3143 431 3216 Quid
451 3164 519 3204 vero
540 3143 741 3202 citharistica'?
762 3144 835 3221 quid
854 3144 960 3206 ebori?
980 3147 1056 3224 quid
1073 3145 1289 3226 dithyrambica
1309 3148 1365 3226 poi·

146 3240 208 3298 sis?
240 3241 383 3320 numquid
408 3241 464 3300 tibi
493 3264 526 3302 ea
553 3243 681 3322 proferre
714 3241 871 3316 videntur,
894 3244 972 3304 unde
1003 3245 1054 3323 qui
1084 3244 1210 3304 audiunt
1242 3245 1364 3304 meliores

147 3338 205 3398 sint
224 3339 340 3399 futuri?
361 3363 393 3372 ··
415 3342 480 3400 Non
501 3341 649 3403 videntur.
672 3372 704 3382 -
726 3337 805 3415 Quid
827 3362 894 3401 vero
914 3342 1061 3423 praeclara
1090 3343 1143 3402 illa
1172 3357 1258 3422 atque
1281 3339 1365 3400 admi-

146 3436 249 3495 rabilis
270 3437 432 3516 tragoediae
453 3439 564 3519 poesis,
592 3461 648 3518 quo
673 3441 806 3520 spectat?
827 3461 897 3499 eone
920 3442 1089 3515 contendit,
1117 3457 1149 3500 ut
1167 3439 1365 3522 spectatoribus

147 3534 322 3614 gratificetur
342 3540 477 3596 tantum?
508 3559 546 3596 an
565 3557 651 3611 vero,
670 3537 694 3596 'si
713 3535 786 3615 quid
814 3537 877 3596 illis
904 3551 1014 3618 gratum
1043 3540 1081 3598 sit
1101 3561 1134 3598 ao
1162 3541 1294 3620 placeat,
1322 3531 1365 3595 sed

150 3646 268 3707 noceat,
291 3631 344 3690 hoc
365 3655 401 3692 ne
431 3634 528 3708 dicat,
549 3649 647 3695 caret:
676 3636 700 3695 si
720 3634 793 3714 quid
813 3655 881 3696 vero
901 3636 963 3696 illis
991 3638 1136 3717 ingratum
1165 3638 1296 3712 accidat,
1322 3629 1364 3693 sed

152 3730 222 3788 utile
243 3731 298 3804 sit,
319 3732 380 3790 sive
401 3753 433 3790 eo
452 3731 633 3792 delectentur
658 3734 719 3796 sive
746 3731 898 3812 displiceat
922 3735 1002 3810 illis,
1022 3735 1054 3794 id
1081 3736 1137 3796 tibi
1159 3736 1255 3818 palari
1280 3733 1364 3792 dicere
1405 3749 1406 3796 ἦ

151 3841 178 3886 et
197 3847 299 3886 cauere
319 3829 460 3890 videtur?
480 3861 512 3870 -
533 3830 615 3890 Istud
634 3831 835 3906 manifestum,
857 3853 877 3890 o
893 3832 1041 3909 Socrates,
1062 3834 1101 3894 ad
1121 3836 1294 3916 voluptatem
1312 3849 1362 3911 spe
1405 3903 1406 3914 χ

148 3925 304 4008 ctatoribus
323 3926 538 3986 conciliandam
551 3929 693 3988 inservire
712 3929 896 4008 tragoediam.
917 3973 952 3982 ..-
972 3935 1060 4011 Atqui
1079 3954 1164 3994 omne
1183 3934 1260 3994 illud
1276 3929 1363 4014 ruodo,

150 4021 303 4096 Callicles,
333 4026 536 4084 adulationem
559 4047 618 4086 esse
648 4027 915 4106 pronunciavirnus.
938 4059 970 4068 -
991 4032 1126 4092 Omnino.
1149 4063 1181 4074 -
1202 4037 1261 4114 Age
1288 4049 1362 4098 vero,

129 4123 172 4182 ‘si
193 4123 257 4200 quis
277 4143 313 4180 cx
332 4135 389 4180 tota
409 4126 488 4203 poesi
517 4147 583 4184 oum
611 4139 748 4199 cantum,
768 4139 829 4186 tum
855 4143 996 4206 metrum,
1016 4145 1077 4190 tum
1106 4134 1191 4193 etiam
1208 4129 1362 4213 rhythmum

185 4366 210 4429 r)
229 4367 302 4435 oo,
322 4365 373 4418 aas
394 4365 425 4417 u.
445 4395 478 4403 -
496 4365 554 4417 aas.
579 4367 607 4417 s.

185 4451 211 4512 2)
230 4453 290 4504 noa.
309 4451 367 4502 soo.
388 4452 418 4502 s.
