2886 5118
734 267 794 328 m
829 352 833 363 .

148 429 221 490 tidie
237 429 372 503 auribus,
394 423 800 508 Thrasymachilaliorumque
820 447 966 490 sermones¹
978 427 1119 503 audiens3
1141 431 1295 515 orationpn
1306 452 1360 492 vero

93 555 96 564 ·
147 549 199 609 pro
219 529 280 609 ipsa
294 527 427 605 justitia,
449 525 596 586 meliorem
615 547 693 600 eam,
714 544 801 606 quam
820 527 995 605 injustitiam
1008 547 1085 602 esse,
1108 549 1145 588 ex
1171 527 1255 589 nullo
1279 526 1360 590 adhuc

147 625 269 700 audivi,
290 624 404 704 qualem
430 645 583 704 cuperem,
615 645 751 706 cuperem
778 639 873 685 autem
889 625 980 706 ipsam
996 646 1048 707 per
1067 645 1096 684 se
1114 627 1207 707 ipsam
1232 627 1361 688 laudatam

137 723 247 782 -audire
259 746 266 780 z
277 725 400 782 maxime
421 743 488 782 vero
509 743 545 780 ex
563 736 591 782 te
608 722 662 782 hoc
683 744 726 782 me
745 723 870 783 arbitror
887 724 1063 783 auditurum.
1084 724 1267 805 Quapropter
1282 723 1359 784 dicam

147 817 233 881 latius
240 867 248 896 ,
264 822 401 898 injustam
412 821 502 881 vitam
510 818 635 880 laudans
647 844 654 878 ι
675 820 857 901 dicendoque
867 820 1017 882 ostendam
1028 819 1082 883 tihi
1092 867 1101 895 ‚
1119 841 1246 900 quonam
1255 823 1361 880 maxime

147 918 231 978 modo
258 918 360 978 audire
386 929 414 976 te
434 916 542 992 velim,
571 920 783 998 vituperantem
811 919 1005 996 injustitiam,
1023 920 1167 998 justitiam
1190 919 1360 980 laudantem:

146 1016 196 1075 sed
214 1017 301 1091 vide,
333 1037 403 1075 num
430 1014 484 1074 hoc
512 1015 566 1076 tibi
594 1015 733 1096 placeat.»
758 1015 788 1097 l)
817 1017 864 1077 Ad
891 1016 962 1077 haec
982 1017 1111 1078 Socrates
1142 1019 1308 1105 «1111111111,
1324 1017 1360 1076 in·
1429 1053 1430 1058 κ

145 1115 226 1192 quit,
247 1114 395 1174 omnium:
417 1135 473 1192 qua
491 1113 527 1173 de
549 1135 578 1172 re
599 1113 676 1174 euim
696 1115 763 1193 quis'
781 1116 896 1196 sapiens
915 1116 1029 1196 saepius
1049 1137 1114 1174 cum
1134 1114 1232 1176 dicere
1249 1129 1306 1177 tum
1321 1136 1361 1174 au·

134 1209 209 1284 ,dire
229 1212 327 1272 velit?
357 1213 432 1270 Tum
451 1211 582 1286 Glauco,
604 1212 770 1292 praeclare,
790 1213 907 1293 inquit,
928 1213 1073 1292 loqueris:
1102 1213 1181 1292 quod
1198 1227 1291 1272 autem
1313 1213 1361 1294 pri·

144 1327 222 1367 mum
249 1309 285 1368 de
315 1308 369 1368 hoc
398 1309 494 1368 dicere
514 1295 664 1390 pollicitus
683 1331 763 1384 sum,
790 1294 851 1387 jam
872 1310 941 1370 audi
958 1310 1045 1391 quale
1064 1310 1097 1370 id
1118 1312 1175 1385 sit,
1197 1325 1226 1370 et
1244 1309 1316 1373 unde
1331 1312 1362 1369 sit

144 1420 205 1466 orta
222 1408 346 1486 justitia.
387 1408 496 1467 Natura
514 1406 618 1467 dicunt
637 1407 776 1485 injuriam
802 1408 897 1468 facere
926 1408 1036 1468 bonum
1062 1404 1141 1483 ess'e,
1170 1392 1362 1486 injuril'vero

142 1503 220 1564 affici
236 1506 365 1582 malum,
387 1505 438 1564 sed
457 1505 542 1585 longe
559 1504 626 1586 plus
643 1504 713 1565 mali
734 1527 792 1566 esse
812 1507 845 1566 in
862 1506 1003 1588 patiendo
1022 1508 1180 1585 injuriam,
1201 1527 1284 1586 quam
1302 1505 1362 1564 boni

143 1603 175 1661 in
203 1602 375 1662 inferendo:
407 1603 610 1682 quamobrem,
640 1617 791 1684 postquam
812 1604 939 1664 vicissim
964 1604 1104 1682 injuriam
1129 1618 1158 1662 et
1173 1602 1324 1662 intulerint
1340 1617 1362 1660 et

143 1701 308 1798 acpeperint
334 1715 420 1780 atque
450 1715 603 1780 utrumque
628 1702 826 1781 gustaverint,
856 1702 907 1781 qui
933 1715 1082 1780 nequeunt
1109 1702 1202 1762 vitare
1225 1699 1316 1791 illigo,
1334 1697 1359 1758 id

143 1799 280 1876 consequi
299 1819 401 1880 operae
420 1801 546 1880 pretium
566 1801 627 1862 fore
641 1799 769 1874 ducunt,
791 1813 823 1858 ut
841 1800 881 1858 ita
904 1800 1032 1859 invicem
1054 1812 1252 1880 componant,
1276 1810 1307 1858 ut
1322 1817 1361 1856 ne·

143 1915 199 1973 que
216 1897 321 1955 inferri
338 1918 431 1975 neque
447 1898 539 1978 accipi
560 1898 648 1978 possit
674 1897 802 1974 injuria:
825 1896 953 1976 hincque
978 1897 1085 1956 volunt
1111 1897 1252 1976 originem
1272 1895 1361 1954 lrabu·

141 1992 195 2051 isse
214 1993 290 2073 leges
311 2007 395 2074 atque
415 1995 568 2069 instituta,
600 2008 628 2053 et
646 1984 794 2055 nominata¹
814 2015 874 2054 esse
892 2007 1043 2074 praecepta
1064 1995 1159 2074 legum
1189 1992 1314 2074 legitima
1335 2012 1361 2050 ac

136 2091 224 2166 justa.
266 2091 351 2152 Hanc
369 2093 458 2173 igitur
471 2092 601 2170 justitiae
622 2112 681 2150 esse
706 2093 849 2172 originem
868 2105 896 2152 et
915 2091 974 2152 vim
995 2091 1198 2165 contendunt,
1227 2111 1360 2169 quaene·

141 2185 191 2246 dia
209 2187 420 2267 quodammodo
439 2190 476 2249 sit
496 2190 635 2270 optimum
651 2191 729 2250 inter
747 2203 775 2248 et
791 2191 963 2271 pessimum,
980 2187 1218 2268 quandoquidem
1235 2191 1360 2268 optimum

140 2299 182 2346 est
200 2286 309 2346 inferre
328 2288 465 2365 injuriam
486 2307 539 2366 nec
560 2287 629 2347 dare
646 2309 767 2368 poenas,
790 2289 944 2368 pessimum
964 2307 1032 2348 vero
1052 2287 1113 2366 pati
1139 2306 1193 2344 nec
1219 2307 1300 2365 posse
1320 2285 1361 2342 ul-

140 2381 218 2441 cisci.
259 2382 374 2444 Justum
394 2405 477 2463 ergo,
496 2384 599 2442 horum
617 2385 650 2444 in
668 2385 764 2445 medio
791 2385 999 2468 constitutum,
1031 2405 1090 2443 non
1119 2383 1210 2442 amari
1238 2398 1360 2462 tanquam

139 2478 267 2555 bonum,
288 2479 339 2540 sed
349 2525 358 2555 ,
379 2501 415 2540 ex
432 2479 635 2542 imbecillitate
653 2481 691 2541 ad
708 2483 845 2562 injuriam
864 2481 1066 2556 inferendam,
1096 2480 1253 2557 honorari:
1284 2480 1360 2545 neni·

142 2578 322 2653 nemerim,
343 2579 393 2657 qui
414 2577 469 2638 hoc
490 2576 605 2638 efficere
624 2581 715 2658 possit
736 2600 860 2660 vereque
881 2579 928 2642 vir
948 2579 1004 2654 sit,
1025 2599 1091 2637 cum
1099 2578 1166 2659 ‘alio
1187 2579 1313 2663 pacisci„
1331 2597 1359 2635 ne

126 2672 217 2740 ‚ultro
242 2676 371 2754 citroque
401 2676 509 2756 injuria
535 2676 695 2736 inferatur:
718 2677 847 2738 insanire
855 2675 948 2734 -enirii
965 2677 1062 2742 istum.
1105 2651 1183 2749 Halo
1205 2667 1266 2751 est]
1285 2696 1303 2734 u
1321 2675 1359 2733 So·

139 2785 248 2848 crates,
269 2787 388 2834 naturae
403 2775 518 2852 justitia
537 2787 622 2853 atque
643 2794 658 2832 e
678 2772 787 2833 talibus
808 2785 868 2849 est,
900 2786 932 2832 ut
952 2758 1071 2847 fciunt,
1100 2761 1262 2854 progenita.
1302 2773 1360 2845 lllos

139 2883 253 2946 autem,
274 2872 323 2950 qui
338 2868 483 2949 justitiam
503 2885 637 2946 servant,
659 2861 768 2932 invitos
785 2869 817 2931 id
842 2891 943 2950 agere,
964 2891 1030 2929 cum
1050 2891 1087 2928 ex
1108 2838 1312 2957 imbecillitald
1323 2866 1360 2928 in·

133 2962 242 3043 juriam
261 2969 370 3028 inferre
390 2983 554 3048 nequeant,
575 2969 663 3050 plane
679 2968 924 3048 perspiceremus,
942 2969 979 3026 ‘si
999 2967 1056 3028 tale
1075 2967 1148 3047 quid
1167 2953 1273 3026 ariimo‘
1285 2966 1360 3048 finge·

138 3083 250 3124 remus:
273 3067 297 3126 si
317 3067 450 3146 utrique,
471 3079 529 3125 tam
543 3068 641 3144 justo,
662 3087 747 3144 quam
766 3067 895 3143 injusto,
915 3065 1065 3126 licentiam
1086 3061 1360 3160 largirpmur,quod·

138 3179 253 3241 cunque
275 3163 405 3238 luberet,
426 3163 550 3243 agendi,
577 3175 637 3222 tum
658 3183 733 3244 pone
751 3161 934 3242 sequeremur
963 3175 1142 3244 spectantes,
1171 3182 1230 3241 quo
1262 3172 1359 3244 raperet

141 3273 294 3339 utrumque
321 3260 433 3319 libido:
465 3261 663 3321 inveniremus
693 3262 841 3341 profecto,
866 3262 978 3338 justum
1005 3255 1146 3320 aviditate
1175 3249 1359 3341 compulsum,

137 3355 176 3415 ad
205 3356 304 3416 eadem
333 3377 380 3432 se,
411 3371 495 3434 atque
524 3358 684 3437 injustum,
715 3348 862 3417 conferre:
895 3356 928 3416 id
947 3357 1058 3416 scilicet
1082 3370 1187 3416 natura
1207 3354 1314 3430 omnis,
1334 3366 1359 3410 ut

138 3453 266 3529 bonum',
294 3454 423 3534 appetit;
458 3455 519 3534 lege
548 3475 617 3520 vero
647 3476 679 3514 ac
711 3455 741 3515 vi
770 3454 808 3513 ad
828 3449 1031 3534 aequalitatem
1052 3452 1227 3514 servandam
1244 3453 1359 3514 ducitur.

137 3551 201 3611 Erit
219 3565 313 3612 autem
331 3552 451 3611 licentia
472 3551 544 3627 illa,
564 3574 650 3632 quam
668 3551 753 3624 dico,
771 3550 856 3632 talis,
877 3551 939 3611 istis
959 3551 982 3610 si
1002 3549 1096 3626 detur,
1109 3551 1225 3630 qualem
1241 3551 1358 3629 aliquan·

137 3649 282 3708 deserunt
297 3651 384 3708 fuisse
395 3649 490 3729 Gygi3
512 3638 562 3728 qui
573 3695 581 3723 ,
592 3671 657 3708 cum
677 3663 753 3709 terra
770 3647 888 3708 divulsa
907 3661 979 3707 esset
997 3649 1108 3731 magnis
1126 3643 1301 3726 quibusdam
1316 3647 1359 3704 im·

136 3743 255 3820 brihns,
276 3748 307 3805 in
319 3740 404 3805 illum
421 3747 533 3806 hiatum
551 3745 713 3822 descendit,
730 3766 906 3825 aeneumque
927 3766 1052 3823 equum,
1072 3743 1221 3803 ut'ferunt
1240 3742 1359 3814 rabulae,

137 3841 362 3920 animadvertit,
393 3846 476 3922 cujus
495 3845 528 3902 in
556 3843 695 3904 lateribus
714 3831 790 3904 fores
816 3822 929 3904 essenti
957 3836 1063 3920 quibus
1088 3841 1214 3923 apertis,
1243 3839 1359 3900 hominis

137 3939 245 4000 mortui
264 3940 341 4000 vidit
360 3941 462 4022 corpus
483 3940 685 4022 magnitudine
703 3941 859 4014 inusitata,
881 3939 1079 4022 annulumque
1105 3957 1223 3996 aureum
1243 3939 1276 3996 in
1295 3935 1358 4014 digi-

136 4050 184 4098 to:
206 4057 291 4115 quem
312 4050 343 4095 ut
361 4038 505 4114 detraxit,
528 4041 597 4122 ipse*
610 4037 728 4098 induit:
747 4051 809 4097 erat
826 4052 922 4098 autem
930 4038 1024 4118 regius
1043 4022 1156 4116 pasioi:
1179 4049 1241 4093 tum
1258 4035 1290 4093 in
1300 4054 1358 4092 cou-

86 4179 89 4186 .
137 4136 237 4195 cilium
255 4145 402 4216 pastorum
421 4156 449 4194 se
470 4137 588 4217 recepit.
630 4135 677 4196 Ibi
696 4154 761 4196 curm
781 4137 876 4218 palam
896 4137 959 4212 eius
977 4135 1082 4194 annuli
1100 4131 1137 4192 ad
1157 4132 1281 4212 palmam
1300 4151 1358 4188 con·

174 4446 203 4509 1)
221 4446 260 4497 ru
276 4448 338 4514 sap.
356 4445 388 4497 11.
403 4444 462 4497 asa.
482 4445 511 4496 s.
531 4445 560 4498 c.
578 4446 610 4498 u.
