2908 5114
652 325 711 386 355

72 503 146 565 garae
163 481 199 543 de
218 485 325 544 caussis
340 485 553 561 uostrintsad
573 487 625 546 illa
645 509 690 547 me
711 487 809 554 denuo
829 481 866 547 ul
887 483 1120 574 πολυθρῦλλητα
1142 495 1296 571 converti,

72 604 124 642 esse
141 596 266 642 metuens
284 582 419 664 pulcrum
437 583 556 664 aliquod
574 586 671 666 ipsum
690 607 742 667 per
762 607 791 646 sa
809 603 837 648 et
855 589 964 651 bonum
984 608 1013 653 et
1032 615 1186 674 magnum,
1208 592 1296 654 inde-

71 703 120 760 que
135 681 187 762 τῆς
210 677 306 754 αἰτίας
327 672 367 744 ad
388 675 480 758 εἶδος,
502 677 820 765 ὃπεπραγμάτευμαι,
851 692 954 767 quales
974 713 1088 751 caussas
1108 692 1293 772 intelligam,

71 784 225 862 assequeris.
267 783 345 843 Vide
364 786 470 867 igitur,
492 807 509 844 o
529 785 637 860 Cebes,
659 789 882 867 consequentia,
912 809 982 847 num
1001 789 1039 848 de
1058 790 1105 848 his
1133 791 1296 850 consentias

71 899 185 942 mecum.
228 875 367 942 Φαίνεται
388 881 446 965 γάρ
471 905 537 963 μοι,
558 880 581 944 el
603 881 635 944 τί
652 882 732 959 ἐστιν
750 879 820 946 ἄλλο
842 882 933 946 καλόν
954 881 1030 968 πλήν
1047 881 1120 948 ariri
1136 878 1175 948 aci
1194 882 1295 962 καλόν,

70 971 134 1036 οὐδὲ
157 979 188 1040 di
215 981 247 1043 ἓν
275 978 346 1045 ἄλλο
376 979 465 1047 καλόν
494 979 582 1061 εἶναι,
609 979 629 1068 ἢ
661 980 739 1048 διότι
771 982 889 1067 μετέχει
916 986 1026 1064 &ainau
1045 988 1100 1050 τοῦ
1120 989 1222 1050 καλοῦ·
1247 987 1297 1050 καὶ

69 1073 155 1142 πάντα
169 1077 213 1166 ciri
227 1078 306 1147 οὕτω
328 1081 419 1168 λέγω·
432 1087 482 1173 ,τῇ
501 1087 602 1172 τοιᾷδε
620 1085 701 1174 αἰτίᾳ
723 1089 901 1172 ξυγχωρεῖςς
914 1121 954 1138 -κ
974 1089 1147 1173 Ξυγχωρῶ·
1177 1095 1300 1152 uidetur

69 1191 140 1242 enim
158 1189 253 1265 milti,
274 1197 302 1247 ei
320 1191 395 1268 quid
413 1192 502 1249 aliud
513 1194 662 1269 pulcrum
683 1201 735 1250 est
760 1202 888 1270 praeter
913 1199 926 1249 i
931 1215 1051 1270 ptum
1073 1195 1296 1272 palorum,

69 1303 120 1339 non
133 1296 260 1364 prepter
280 1289 375 1346 aliam
394 1311 532 1349 caussam
551 1292 715 1367 quamlibet
731 1293 876 1368 pulcrum
898 1313 976 1366 aare,
1007 1311 1098 1370 quam
1113 1301 1295 1369 prepterea,

69 1382 137 1456 quad
161 1390 174 1439 i
182 1385 218 1440 tl
225 1391 294 1443 ius
318 1387 465 1464 pulcri
487 1396 645 1466 particeps
666 1399 731 1464 est,
753 1400 844 1468 atqua
862 1390 940 1448 idem
958 1391 993 1447 de
1012 1397 1141 1448 acetaria
1159 1390 1295 1447 omnibus

68 1479 133 1538 alteo.
173 1481 395 1560 Hujuacamodi'
414 1497 516 1544 autem
534 1507 674 1545 causeam
692 1488 823 1564 probas?
844 1523 876 1533 -
897 1487 994 1547 Proba
1026 1487 1169 1566 equidem.
1212 1478 1296 1545 Reli-

69 1595 131 1653 quas
149 1599 279 1656 caussas,
300 1603 371 1660 quas
389 1598 510 1665 crepant
528 1585 691 1663 sapientes,
712 1585 845 1645 nondum
863 1586 946 1665 capio
967 1605 1020 1644 noc
1041 1605 1155 1665 possum
1179 1595 1295 1663 cognos-

69 1694 141 1751 cere,
164 1676 238 1752 sed,
268 1678 318 1738 ubi
342 1682 407 1759 quis
432 1683 566 1763 pulcrum
594 1681 710 1758 aliquid
737 1703 796 1742 esse
826 1683 925 1758 dixit,
956 1682 1053 1761 siquid
1082 1683 1145 1743 sive
1170 1680 1297 1742 colorem

68 1770 146 1833 habet
164 1777 228 1836 sire
248 1776 369 1837 formam
387 1780 547 1860 elegantem
564 1781 625 1840 sive
646 1775 729 1838 aliud
748 1779 873 1858 quodvis
894 1781 999 1840 talium
1010 1827 1019 1855 ,
1041 1780 1139 1842 valere
1156 1780 1227 1838 haec
1243 1780 1297 1856 ju·

68 1868 128 1928 beo:
155 1873 311 1954 perturbor
332 1878 409 1935 euim
429 1879 460 1937 in
479 1879 558 1938 hisce
569 1903 577 1955 5
600 1876 687 1937 τοῦτο
712 1874 748 1937 tt
770 1872 872 1952 ἁπλῶς
891 1877 939 1938 καὶ
960 1873 1091 1957 ἀτεχνῶς
1113 1874 1143 1956 l)
1162 1874 1211 1936 καὶ
1224 1871 1297 1948 ἴσως

67 1961 178 2049 εὐήθως
200 1965 264 2051 ἔχω
285 1968 357 2054 παρ’
378 1972 514 2060 ἐμαυτῷ,
537 1967 583 2037 ὅτι
606 1972 657 2038 οὐκ
680 1973 750 2038 ἄλλο
772 2003 800 2039 τι
822 1983 901 2041 ποιεῖ
918 1975 994 2040 αὐτό
1015 1973 1103 2040 καλόν
1117 1969 1140 2057 ἥ
1154 1970 1297 2061 vitiatione

66 2069 113 2129 cui
131 2073 222 2133 καλοῦ
242 2069 297 2134 εἴτε
323 2075 472 2158 παρουσία
493 2073 549 2139 elac
571 2077 707 2140 κοινωνία
729 2077 784 2141 εἴτε
809 2074 873 2167 ὅπῃ
896 2059 939 2164 clei
957 2081 1006 2142 καὶ
1030 2073 1113 2152 ὅπως
1137 2099 1297 2160 προσγενο-

66 2167 145 2254 μένη·
165 2169 203 2236 ov’
221 2170 277 2259 peip
295 2172 344 2239 ,ἔτι
364 2179 452 2240 τοῦτο
472 2178 711 2264 ὃιὶῢχυρίζομαι,
732 2177 794 2243 itt'
811 2177 857 2244 dre
881 2183 925 2268 τῷ
945 2181 1026 2268 καλῷ
1043 2174 1141 2242 aalma
1163 2174 1201 2241 aci
1221 2181 1297 2240 eald

40 2301 45 2310 ·
66 2270 179 2354 γίγνεται
197 2273 284 2339 eati·
305 2283 340 2340 id
359 2303 426 2341 vera
446 2284 646 2359 simpliciter,
666 2292 797 2365 ingenua
820 2295 849 2343 et
859 2287 999 2362 sortasse
1021 2288 1164 2360 imperita
1194 2292 1277 2340 teneo
1288 2328 1297 2357 ,
1384 2305 1388 2317 ·

69 2379 142 2435 nihil
157 2381 247 2439 aliud
265 2403 330 2438 rem
350 2380 446 2436 ullam
461 2380 604 2456 pulcram
633 2381 769 2460 efficere,
796 2390 859 2440 nisi
887 2391 900 2440 i
908 2389 976 2459 pei
984 2403 1029 2440 ne
1051 2381 1205 2460 pulcri
1234 2387 1297 2440 aiae

66 2486 264 2550 praesentiam
283 2487 349 2537 siue>
362 2484 597 2536 communionem
617 2487 677 2537 eive
697 2482 865 2558 ubicunque
886 2490 916 2537 et
941 2481 1198 2558 quomodocunque
1216 2479 1298 2537 illud

68 2583 220 2634 accesserit
229 2622 238 2650 ,
260 2579 312 2634 leae
330 2598 388 2634 non
409 2575 565 2634 discerno:
587 2578 638 2634 aad
647 2622 655 2650 ,
672 2600 725 2654 pu
738 2579 750 2634 l
759 2600 774 2635 e
785 2599 829 2636 ro
844 2579 958 2655 pulcra
978 2585 1078 2636 omnia
1093 2575 1296 2655 pulcrafiari,

66 2675 224 2734 contendo.»
250 2671 282 2753 2)
311 2673 389 2732 Hinc
406 2694 486 2732 orsus
503 2672 648 2748 Socrates,
671 2688 703 2733 ut
722 2674 862 2733 hactenus
880 2674 917 2732 de
937 2675 1060 2754 pulcro,
1088 2675 1128 2732 ita
1157 2672 1296 2752 deinceps

67 2765 97 2826 de
114 2770 334 2854 magnitudine,
357 2767 393 2829 de
413 2771 599 2849 qualitatelct
618 2772 781 2849 quantitate
801 2769 926 2830 disserit.
968 2773 1078 2831 Pariter
1097 2769 1134 2830 ab
1153 2770 1217 2845 his,
1238 2770 1296 2846 ait,
1337 2763 1339 2768 ¹

66 2869 240 2948 aspeciebus
260 2869 414 2949 perfectis,
436 2889 480 2926 res
498 2888 618 2948 magnae
647 2882 676 2927 et
704 2889 831 2948 parvae,
860 2888 989 2947 quaeque
1018 2871 1097 2950 paris
1122 2882 1150 2928 et
1177 2867 1296 2948 imparis

66 2981 125 3026 sunt
142 2967 276 3042 numeri,
298 2987 403 3025 nomen
421 2963 543 3038 habent,
564 2965 673 3047 quippe
692 2967 852 3046 specierum
872 2966 991 3025 illarum
1006 2967 1173 3047 participes.
1198 2955 1295 3024 Talnae

67 3064 145 3142 igitur
161 3086 278 3140 rerum,
310 3078 341 3123 ut
368 3063 453 3123 modo
480 3061 629 3138 diximus,
660 3063 714 3122 hae
741 3063 820 3144 apud
847 3064 995 3122 Platonem
1015 3063 1077 3123 sive
1095 3082 1210 3122 caussae
1233 3065 1295 3125 sive

66 3159 137 3221 ideae
154 3176 234 3223 sunt.
277 3159 363 3236 Quod
386 3161 456 3220 hinc
488 3160 667 3241 intelligitur
694 3162 828 3222 maxime.
870 3161 1006 3222 Carmina
1034 3162 1059 3220 is
1086 3162 1118 3221 in
1146 3162 1296 3222 civitatem

66 3261 212 3338 perlectam
231 3260 284 3319 illa
306 3259 451 3320 duntaxat
469 3258 605 3335 admisit,
631 3279 704 3338 quae
722 3251 815 3320 τύπον
834 3259 976 3320 haberent
1000 3241 1077 3319 ltoni
1106 3272 1134 3319 et
1158 3260 1241 3338 justi.
1263 3257 1296 3342 3)

66 3355 96 3416 ln
113 3356 158 3418 his
180 3361 289 3426 ionum
307 3371 335 3417 et
345 3364 471 3434 justum
491 3378 551 3415 non
567 3357 608 3415 ita
628 3361 762 3440 proprie,
786 3375 818 3420 ut
835 3357 946 3438 accepit
960 3357 1153 3433 Aristotcles,
1179 3379 1295 3419 caussae

66 3471 141 3530 sunt,
160 3456 269 3537 quibus
289 3453 451 3530 efficiatur,
473 3468 505 3513 ut
526 3453 633 3534 optima
655 3457 715 3517 sint
737 3459 769 3517 in
788 3458 907 3518 civitate
935 3455 1082 3529 carmina,
1112 3453 1163 3514 sed
1193 3456 1296 3532 ideae,

66 3553 110 3612 sed
124 3554 261 3635 exempla
277 3553 406 3634 perfecta
424 3565 510 3628 sunt,
541 3573 614 3631 quae
645 3553 793 3616 intuentes
821 3560 921 3636 poitae
948 3553 1092 3613 imitando
1120 3552 1295 3612 studuerunt

69 3653 232 3731 exprimere.
272 3651 427 3732 Participia
446 3649 565 3710 omnino
584 3647 654 3710 boni
671 3653 802 3733 justique
822 3652 950 3712 carmina
976 3641 1016 3709 sic
1043 3663 1148 3724 erunt,
1178 3662 1210 3709 ut
1241 3669 1295 3709 ex-

66 3769 169 3828 pressae
199 3751 233 3808 in
266 3770 331 3808 cera
359 3749 497 3829 imagines
522 3745 578 3807 τοῦ
603 3736 701 3810 trinua
721 3765 790 3811 sunt
816 3751 991 3832 participes,
1011 3746 1112 3826 quiin
1131 3747 1214 3826 signo
1233 3761 1294 3824 est,

67 3847 138 3906 unde
157 3862 225 3907 sunt
242 3867 402 3927 expressae.
444 3848 525 3921 Quae
545 3863 621 3908 recte
645 3849 836 3925 discrevisse,
850 3847 852 3852 ’
867 3869 927 3908 non
956 3846 1031 3906 levis
1051 3857 1127 3904 certe
1156 3847 1294 3905 momenti

66 3964 105 4003 res
122 3960 172 4005 est.
215 3947 335 4005 Caussas
366 3945 406 4004 ita
433 3964 528 4005 rerum
557 3968 617 4006 non
644 3949 677 4006 in
708 3946 812 4022 rebus,
843 3945 894 4006 sed
922 3944 954 4002 in
983 3941 1100 4000 homine
1119 3943 1307 4021 quaerimus·

66 4041 252 4102 Pulcerrimae
270 4043 445 4102 exstiterunt
463 4042 585 4103 Phidiae
604 4059 731 4120 statuae,
754 4043 899 4123 nunquia
918 4041 949 4099 in
978 4059 1073 4098 rerum
1103 4053 1206 4098 natura
1230 4061 1294 4121 per·

98 4318 121 4381 ¹l
139 4323 290 4393 tegendum
303 4312 454 4398 ἀτέχνως,
473 4326 543 4394 quod
559 4327 636 4378 unice
652 4325 761 4378 vocibus
780 4310 883 4390 ἁπλῶς
901 4332 927 4376 et
941 4311 1066 4399 ωἠθῶς
1083 4317 1214 4371 convenit.

97 4415 121 4478 a)
139 4419 232 4472 enea.
247 4419 304 4472 roo.
325 4419 353 4472 c.
373 4421 403 4473 o.

97 4499 561 4574 ummnmcma

1059 4586 1115 4643 23*
1144 4652 1149 4659 ,
