2886 5118
692 306 752 365 392

103 493 210 534 νιται·
230 478 332 532 omnic
355 489 423 527 vaco
451 475 638 548 agitatione,
670 477 752 526 motu
776 477 806 525 at
836 475 1044 526 commixtione
1071 473 1178 525 mutuo
1197 467 1334 540 sieri
1344 510 1354 538 ,

99 591 181 654 'quae
196 595 270 634 em
291 571 436 641 dicimus,
467 587 525 626 non
556 576 639 626 recto
667 568 818 626 dicenter:
849 567 931 624 nihil
950 574 1030 625 enim
1052 571 1171 625 ontnt'no
1188 572 1264 637 eet,
1293 564 1356 624 aad

96 679 121 750 J
130 683 143 732 ι’
152 684 166 733 t
180 671 325 751 comper.''
347 666 376 748 l)

143 775 338 852 Conjunctum
358 764 437 835 illud
456 765 624 844 Protagorae
646 763 780 837 effatum,
804 777 835 822 ut
855 762 925 822 hinc
948 759 1354 842 colligimus,quamproxi-

102 894 146 931 me
164 885 207 931 est
226 890 292 929 cum
313 863 552 950 philosophorum
573 862 743 937 sententiis,
764 861 814 946 qui
837 860 897 920 lahi
918 881 950 920 ac
972 860 1078 922 mutari
1099 859 1196 919 omnia
1216 869 1354 917 conten·

103 970 222 1033 debant.
263 969 306 1026 De
323 965 370 1023 his
388 963 451 1024 fuse
470 959 608 1042 deinceps
626 960 765 1022 Socrates.

146 1125 148 1128 ’
225 1111 1230 1202 Sententicepht'lorophorum,quorPlotororig

425 1213 594 1305 ῥιόντιις
615 1213 855 1302 φιλοσόφους
876 1219 1019 1298 appellat.

148 1392 206 1450 «In
219 1391 273 1448 hoc
286 1387 398 1462 autem,
420 1388 544 1467 inquit,
545 1407 645 1447 omnes
664 1386 805 1466 deinceps
823 1385 987 1464 sapientes,
1009 1393 1130 1460 excepto
1151 1373 1351 1455 Parmenide,

58 1504 71 1533 ·-
103 1499 331 1560 consenserunt,
352 1487 541 1595 Protagoras,
558 1484 738 1560 Heraclitus,
759 1481 966 1563 Empedocles,
981 1491 1015 1538 et
1035 1483 1185 1558 poctarum
1204 1478 1294 1536 etiam
1318 1478 1352 1534 in

104 1601 223 1665 utraque
244 1587 323 1686 poliri
338 1577 511 1674 principes,
533 1584 566 1642 in
581 1579 733 1642 comoedia
755 1580 966 1662 Epicharmus,
985 1599 1018 1635 ιιι
1028 1575 1177 1654 tragoedra
1186 1576 1350 1649 Homerus

1 1718 6 1727 ·
103 1686 154 1792 qui
176 1705 242 1742 cum
245 1680 391 1743 diceret:
412 1657 552 1742 Ὠκεανόν
573 1701 604 1740 τι
625 1680 710 1741 θεῶν
738 1674 849 1760 γένεσιν
872 1699 924 1738 και
916 1668 1062 1756 μητέρα
1086 1666 1212 1756 Τηθύν,
1235 1674 1268 1755 2)
1290 1694 1351 1732 om

38 1814 43 1824 ·
103 1783 154 1840 'nia
174 1780 285 1840 dixit
274 1801 290 1838 e
312 1781 395 1841 lluxu
416 1797 551 1874 motuque
572 1775 658 1842 nata.
681 1803 780 1841 nonne
802 1781 834 1841 id
845 1780 942 1840 dicere
961 1774 1162 1838 videtur?
1183 1774 1261 1834 Mihi
1283 1773 1352 1854 qui·

96 1877 180 1937 dem.
201 1913 235 1931 -ι
256 1879 328 1950 Quis
349 1900 416 1959 ergo
436 1879 582 1941 adversus
595 1893 709 1940 tantum
730 1879 909 1951 exercitum,
931 1863 1049 1954 ejusque
1070 1873 1176 1934 ducem
1186 1874 1351 1932 Homerum

104 1995 233 2056 pugnare
252 1974 375 2051 audeat,
396 1978 467 2056 quin
489 1977 633 2037 ridiculus
650 1977 872 2036 habeaturl-
873 1975 958 2033 Νοιι
979 1971 1066 2031 facile
1085 1971 1137 2046 id,
1165 1993 1182 2031 o
1203 1967 1351 2042 Socrates,

106 2087 156 2132 est.
178 2100 214 2122 ,-
233 2073 299 2130 Νοιι
320 2087 362 2136 est
382 2075 531 2156 profecto,
552 2074 737 2137 Theaetetet'
753 2073 921 2154 praesertim
946 2091 1012 2130 cum
1033 2069 1104 2138 haec
1127 2069 1188 2128 sint
1207 2067 1257 2126 illi
1278 2087 1351 2126 sen-

104 2171 213 2229 tcntiae
233 2169 338 2228 idonee
366 2175 551 2248 argumenta,
580 2170 676 2248 quod,
706 2185 738 2230 ut
758 2170 912 2250 quidesse
937 2168 1072 2228 videatur
1092 2179 1120 2225 et
1140 2166 1213 2241 fiat,
1234 2179 1350 2238 motus,

91 2267 139 2327 fut
158 2264 218 2326 non
235 2287 294 2325 esse
313 2266 449 2329 videatur
468 2282 496 2327 et
515 2271 658 2343 intereat,
676 2270 758 2347 quies
777 2265 876 2326 efficit.
920 2265 999 2347 Ignis
1018 2264 1097 2322 enim
1117 2259 1274 2341 calorque,
1297 2265 1351 2342 qui

106 2377 216 2422 caetera
234 2364 327 2443 gignit
354 2384 386 2424 ac
416 2365 506 2442 regit,
527 2367 589 2445 ipse
619 2367 776 2446 agitatione
790 2363 824 2424 'et
853 2365 987 2424 frictione
997 2361 1053 2422 lit:
1078 2361 1111 2422 id
1133 2375 1229 2422 autem
1252 2375 1353 2422 motus

107 2474 167 2520 estr
189 2481 288 2520 nonne
308 2460 392 2522 haec.
407 2461 484 2539 ignis
501 2462 605 2540 origo?
627 2481 661 2508 ι’-
682 2464 733 2522 Est
753 2464 883 2523 omnino.
904 2473 947 2499 -’
959 2463 1039 2535 Quin
1050 2495 1056 2522 -,
1066 2462 1152 2522 etiam
1173 2460 1352 2519 animalium

108 2577 198 2636 genus
218 2555 381 2640 exiisdem
393 2558 540 2619 nascitur.
562 2592 596 2620 ,-
617 2559 812 2634 Quidni?--
833 2560 914 2634 Quid
924 2580 1076 2640 corporum
1089 2557 1351 2619 hahituslnonne

102 2655 166 2713 ctio
186 2667 215 2712 et
233 2667 347 2734 torpore
369 2658 579 2740 corrumpitur,
611 2659 818 2719 exercitatione
847 2678 920 2737 vero
936 2671 1071 2734 motuque
1099 2655 1260 2739 plurimum
1279 2675 1351 2712 con·

7 2820 11 2826 ⁴
107 2765 239 2812 servatur
248 2754 262 2810 l
272 2795 307 2810 .-.
316 2753 408 2810 Certe.
420 2787 455 2806 a·
463 2756 561 2814 Animi
572 2775 685 2834 quoque
695 2754 814 2816 habitus
825 2753 984 2834 disciplind
1005 2767 1033 2812 et
1054 2753 1262 2826 meditatione,
1272 2771 1352 2829 quar

98 2863 201 2908 motus
209 2862 294 2924 sunt,
306 2845 666 2930 doctrinasconsequitur,
678 2865 865 2929 secretimque
877 2864 904 2909 et
913 2850 1081 2931 perficitur5
1100 2851 1196 2928 quiete
1204 2869 1294 2923 veru,
1316 2848 1350 2908 id

106 2962 167 3022 est,
196 2946 372 3028 negligentia
390 2960 418 3009 et
447 2949 585 3029 pigritiis,
613 2970 666 3009 nec
695 2948 782 3010 discit
810 2948 989 3028 quidquam,
1020 2962 1047 3010 et
1068 2951 1098 3010 si
1117 2947 1190 3026 quid
1216 2945 1349 3020 didicit,

107 3045 318 3112 obliviscitur?
336 3087 372 3104 -μ
393 3044 430 3106 Et
451 3048 576 3108 maxime
597 3046 724 3125 quidem.
746 3079 780 3098 ψ
799 3047 1079 3128 Bonumigiturtaut
1099 3048 1133 3109 in
1152 3046 1350 3121 animoquam

108 3146 140 3202 in
160 3165 279 3224 corpore
299 3159 391 3204 motus
412 3159 472 3218 est,
493 3145 601 3207 malum
620 3167 689 3205 vero
707 3146 909 3206 contrarium?
925 3153 964 3208 fa-
985 3144 1121 3206 Videtur.
1142 3175 1177 3194 -ι-
1195 3144 1350 3202 Praeterea

107 3242 139 3300 in
160 3243 214 3318 iis,
235 3263 307 3319 quae
327 3243 493 3305 serenitates
511 3242 585 3302 coeli
599 3243 882 3322 tranquillitatesque
902 3256 1043 3305 vocantur
1061 3255 1091 3305 et
1111 3241 1158 3304 his
1175 3253 1244 3304 suut
1261 3240 1349 3301 simi—

107 3339 166 3413 lia,
187 3339 222 3400 id
236 3360 354 3398 assero
339 3340 465 3420 ,quiete
487 3362 531 3406 res
561 3341 710 3423 putrefieri
736 3361 769 3404 ac
791 3340 895 3421 perdi,
923 3354 1003 3402 motu
1025 3360 1094 3402 rem
1113 3335 1297 3400 conservari:
1320 3351 1349 3396 et

107 3457 177 3496 voro
195 3437 384 3519 colophonem
402 3439 449 3500 his
467 3437 579 3505 addens
597 3440 748 3512 evincant,
769 3458 886 3506 auream
906 3451 1036 3526 catenam
1057 3437 1147 3504 nihil
1156 3433 1238 3496 aliud
1255 3455 1348 3512 quam

103 3534 191 3594 solem
209 3525 273 3600 dici
294 3536 331 3594 ab
351 3536 476 3624 Homero
494 3535 526 3616 3)
546 3558 578 3595 ac
594 3536 741 3603 declarari
752 3555 920 3614 ,quousque
930 3549 1170 3602 circumvertetur
1186 3553 1252 3594 cum
1263 3532 1349 3592 coelo

104 3633 166 3706 sol,
187 3655 246 3699 esse
268 3634 365 3699 omnia
386 3649 414 3697 et
430 3635 538 3698 servari
560 3634 639 3716 apud
659 3635 733 3696 Deos
752 3623 959 3712 hominesque,
992 3633 1038 3692 sin
1058 3646 1153 3695 autem
1175 3631 1347 3700 uuiversum

104 3732 185 3809 quasi
206 3731 327 3812 ligatum
346 3747 452 3807 sta1·,ct
473 3753 517 3791 res
536 3753 635 3792 omnes
655 3745 823 3811 corruptum
841 3732 879 3791 iri
898 3721 1144 3809 erenlurumque,
1165 3727 1244 3808 quod
1265 3726 1347 3794 dici·

104 3841 152 3888 tur
162 3873 171 3900 ,
192 3849 304 3897 sursum
325 3831 515 3910 deorsumque
533 3843 649 3895 cuncta.
670 3860 705 3876 -w-
719 3829 797 3895 Mihi
814 3849 883 3894 vero
903 3831 972 3892 item
994 3828 1152 3902 videntur,
1170 3827 1345 3898 adnerotes,

104 3945 178 4002 quae
198 3925 273 3984 dicis
293 3928 340 3991 his
360 3929 534 3988 declarari.''
550 3927 585 4007 h)-

109 4087 127 4116 1·
143 4023 260 4086 Distant
278 4045 347 4082 sane
363 4038 441 4102 toto,
461 4027 540 4108 quod
560 4027 661 4103 ajunt,
677 4026 757 4086 coelo
777 4026 854 4090 haec
874 4025 981 4104 placita
1001 4044 1017 4082 a
1036 4022 1219 4108 philosophia
1245 4021 1346 4086 Plato-

139 4167 639 4258 mmmnffm.'

125 4275 657 4370 mmtmmmmm

138 4381 403 4453 mmmmm

117 4475 581 4533 ommmffimc
