2886 5118
752 243 811 304 486

161 430 235 488 quae
264 429 316 468 nos
344 405 444 466 docuit
463 401 500 462 de
517 403 646 478 moribus
665 405 842 464 Graecorum
860 401 1054 476 Adimantus,
1083 415 1267 483 reputantes,
1296 404 1375 483 cerni·

163 529 246 581 mus,
267 526 339 584 quae
360 504 432 565 vitia
452 522 505 565 uos
520 522 663 581 quamque
684 503 919 584 superstitionem
939 500 1068 560 tribuere
1095 500 1155 558 lere
1173 501 1258 560 aetati
1283 515 1375 560 nostrae

162 605 321 679 barbarae,
340 623 413 682 quae
433 600 529 660 medio
548 621 619 662 aevo
639 603 790 676 cernitur,
812 601 953 674 solemus,
973 599 1090 680 propria
1108 597 1179 658 baec
1198 599 1303 679 pariter
1318 601 1374 657 auti·

162 705 227 782 quis
250 702 367 762 Graccis
389 701 494 759 fuisse:
518 699 664 758 cernimus
683 700 771 775 item,
786 712 969 780 quantopere
996 697 1102 756 iccirco
1128 697 1301 777 temporibus
1328 697 1374 756 illis

161 804 193 860 in
221 800 341 860 Graecia
365 799 433 856 talis
461 796 692 872 desideraretur,
724 799 820 878 qualis
848 797 979 858 Socrates
1009 795 1086 869 fuit,
1116 795 1320 877 philosophus,
1335 795 1372 874 qui

161 906 316 958 resacrari
333 899 444 956 solebat
454 941 463 970 ,
485 910 517 955 ut
537 896 578 954 ait
599 896 719 971 Cicero,
740 897 829 970 illos,
846 903 901 974 qui
917 901 1055 973 primum
1075 896 1147 954 boec
1166 897 1374 952 uoturdcolror-

161 1005 264 1056 realia
275 1042 283 1077 ,
305 997 474 1054 utilitatem
494 1004 524 1054 et
541 995 746 1069 honestatem,
776 1001 914 1071 opinione
936 991 1164 1056 distrosisreut.
1189 990 1218 1070 l)
1249 992 1375 1050 Cernimus

160 1094 297 1169 tandem,
328 1107 469 1172 quantum
497 1092 605 1172 negotii
636 1093 797 1173 susceperit
825 1092 927 1166 Plato,
957 1111 1067 1169 quum,
1099 1089 1200 1150 eidem
1223 1089 1276 1148 illa
1292 1089 1376 1148 Pontis

161 1191 392 1267 conscribendi,
409 1191 553 1268 justitiam
569 1209 621 1270 per
641 1211 669 1249 se
689 1190 782 1270 ipsam
801 1188 933 1250 sufficere
953 1187 992 1248 ad
1019 1188 1096 1247 bene
1124 1165 1264 1266 beateque
1289 1187 1376 1250 vireu-

163 1290 253 1368 dum,
273 1290 468 1350 demonstrare
490 1289 642 1348 niteretur.

340 1482 447 1563 Quid
476 1491 520 1542 iu
551 1491 687 1546 auimo
716 1486 904 1544 bominis
927 1490 1124 1560 justitio
1154 1482 1243 1542 cst?

200 1680 258 1740 Sed
277 1680 313 1740 de
331 1679 523 1760 opinionibus
542 1679 727 1760 moribusque
748 1680 961 1760 sophistarum,
982 1679 1041 1739 irno
1055 1679 1250 1752 Graecorum,
1271 1675 1378 1736 diximus

160 1780 247 1854 satis,
268 1792 318 1852 ut,
339 1777 439 1856 quales
457 1777 503 1836 illi
524 1780 584 1840 sint
604 1792 633 1838 et
653 1777 728 1858 quid
749 1779 809 1838 sibi
829 1777 944 1853 velint,
964 1778 1140 1858 quibuscum
1161 1777 1246 1836 nobis
1256 1774 1377 1856 agendum

162 1878 237 1952 erit,
257 1889 439 1956 perspectum
459 1875 625 1936 habeamus.
667 1876 875 1937 decedendum
894 1865 985 1956 iqitur
1006 1875 1079 1936 illuc
1101 1889 1143 1934 cst
1163 1874 1268 1947 nobis,
1295 1894 1344 1950 quo
1358 1884 1379 1929 et

162 1975 218 2055 ipsi
248 1974 285 2034 ab
314 1974 400 2033 initio
428 1973 609 2034 tetendimus
634 1989 663 2034 et
690 1975 866 2034 Adimantus
893 1995 946 2034 nos
974 1973 1114 2055 deinceps
1140 1974 1265 2052 itemque
1289 1971 1380 2030 Glauco

164 2073 283 2154 propius
304 2071 449 2146 adduxit,
473 2086 522 2146 ut,
550 2072 623 2150 quid
643 2074 676 2132 in
705 2073 802 2132 animo
830 2086 927 2132 nostro
947 2073 1064 2150 justitia
1092 2073 1148 2146 sit,
1179 2070 1305 2152 quidque
1329 2067 1378 2125 illic

163 2171 351 2250 praesensio
369 2192 425 2231 nos
445 2168 566 2246 efficiat,
587 2169 780 2230 attendamus.
799 2162 892 2248 'Cujus
921 2170 1056 2248 reiquae
1076 2171 1115 2229 sit
1143 2184 1171 2229 et
1200 2181 1305 2247 quanta
1329 2185 1378 2223 cun

163 2268 292 2347 gravitas
319 2282 381 2326 tum
406 2265 584 2343 difficultas,
616 2268 734 2348 penitus
762 2269 893 2349 percepit
920 2267 1012 2328 Plato.
1054 2267 1218 2342 Socratem,
1256 2278 1286 2326 ut
1309 2265 1378 2322 linem

165 2365 328 2424 disserendi
358 2378 477 2442 uterque
501 2367 623 2442 juvenis
651 2367 741 2441 fecit,
771 2367 814 2426 sic
843 2387 891 2424 eos
915 2365 1112 2445 alloquentem
1133 2365 1266 2448 ipduxit.
1307 2363 1377 2421 «Non

163 2463 237 2521 male
261 2463 298 2521 in
328 2483 396 2536 vos,
426 2461 487 2520 filii·
512 2461 596 2522 illius
625 2463 701 2537 viri,
731 2464 913 2544 principium
942 2463 1086 2544 elegorum
1103 2466 1276 2524 'carminum
1292 2475 1380 2522 amator

165 2561 323 2620 Glauconis
344 2560 478 2640 scripsit:
502 2560 552 2638 qui
562 2605 572 2635 ,
592 2581 659 2620 cum
679 2561 711 2622 in
732 2562 895 2642 Megarensi
912 2563 1024 2644 proelio
1043 2563 1158 2622 fortiter
1173 2561 1378 2643 pugnavimus,

163 2658 242 2719 illud
263 2658 431 2740 usurpavit:

266 2757 371 2832 παῖδες
395 2751 594 2838 Ἀρίστωνος,
610 2757 726 2820 ,κλεινοῦ
753 2760 838 2819 θεῖον
863 2752 948 2838 γένος
973 2749 1102 2840 ἀνδρός·

161 2861 228 2936 filii
256 2859 432 2932 Aristonis,
461 2861 574 2936 inclyti
604 2866 667 2918 uiri
697 2861 836 2918 diuinum
861 2883 970 2942 geraus.
1012 2859 1049 2920 Id
1068 2859 1161 2936 mibi,
1191 2861 1295 2935 amici,
1323 2872 1383 2918 recte

165 2954 277 3016 dictum
298 2957 424 3018 videtur.
452 2957 525 3016 Nam
545 2955 682 3017 divinum
701 2958 789 3038 plane
810 2957 894 3018 vobis
913 2957 1041 3034 accidit,
1062 2960 1086 3020 si
1105 2959 1190 3018 robis
1208 2981 1270 3019 non
1287 2978 1385 3039 persua·

165 3057 278 3130 seritis,
299 3057 474 3133 injustitiam
498 3055 630 3133 justitiae
659 3069 820 3135 praestare,
840 3077 907 3117 cum
934 3057 976 3118 sic
1004 3049 1139 3138 pro'illa
1160 3057 1259 3118 dicere
1277 3055 1383 3138 possitis.

166 3152 319 3212 Videmini
344 3166 440 3212 autem
467 3153 540 3212 mihi
569 3153 602 3214 id
623 3153 766 3214 vobismet
793 3155 866 3236 ipsis
894 3175 954 3214 nou
984 3156 1176 3237 persuasisse:
1207 3158 1383 3234 conjecturam

168 3250 252 3328 capio
271 3271 285 3308 e
302 3251 404 3312 restris
422 3249 568 3310 moribus:
590 3252 727 3329 quoniam
747 3252 908 3312 secundum
927 3255 1086 3313 orationem
1114 3255 1207 3334 ipsam
1236 3254 1315 3317 vobis
1337 3251 1383 3309 mi-

167 3346 246 3406 nime
268 3346 465 3408 credidissem.
508 3341 572 3422 Quo
592 3363 687 3408 autem
708 3350 798 3430 magis
818 3351 924 3425 credo,
947 3371 980 3410 eo
999 3353 1107 3432 magis,
1132 3374 1190 3431 quo
1209 3374 1256 3412 me
1273 3363 1381 3417 vertam,

168 3443 296 3523 ambigo'
332 3447 405 3505 Nam
425 3446 568 3526 quomodo
590 3446 727 3526 adjuvem
738 3493 747 3522 ,
768 3449 882 3508 nescio:
906 3448 1008 3510 videor
1029 3450 1108 3510 enim
1126 3473 1187 3510 nou
1217 3471 1312 3532 posse:
1338 3465 1380 3504 ne·

167 3564 222 3622 qne
250 3564 367 3618 rursus,
388 3543 531 3624 quomodo
551 3566 734 3622 succurram,
753 3546 892 3607 invenio:
919 3541 1040 3608 δέδοικα
1067 3542 1143 3635 γὰρ,
1164 3542 1217 3630 piri
1232 3543 1294 3608 οὐδ’
1316 3537 1378 3605 iou

166 3631 190 3724 ᾖ
212 3635 450 3722 παραγινόμενον
470 3636 642 3728 δικαιοσύνῃ
660 3639 901 3731 κακηγοροομενιη
921 3643 1124 3730 ἀπαγορεύειν,
1146 3649 1196 3710 καὶ
1216 3645 1261 3732 μή
1275 3645 1375 3729 βοηθεῖν

166 3735 212 3802 ἔτι
234 3737 397 3832 ἐμπνέοντα
418 3741 468 3806 uui
497 3737 659 3822 δυνάμενον
681 3742 887 3826 φθέγγεσθαι·
908 3774 1012 3810 uereor
1030 3760 1110 3826 urim
1119 3798 1128 3827 ,
1150 3776 1187 3812 ue
1205 3761 1323 3830 impium
1337 3755 1373 3818 til,

171 3854 225 3918 ut,
247 3855 300 3922 qui
313 3853 477 3922 justiliam
497 3867 598 3908 corum
617 3855 792 3926 uitupeauri
809 3851 919 3926 audit,-
938 3853 1167 3932 subterfigiut:
1189 3874 1241 3910 uec
1259 3871 1311 3930 pro
1324 3853 1372 3923 ejtt

170 3943 346 4016 dofooucne
364 3948 587 4020 ucrlcfuciut,
609 3949 753 4023 quamdiu
772 3955 939 4024 spirarent
959 3951 1041 4031 loqui
1056 3951 1249 4010 conceditur:
1276 3955 1372 4029 praesta

173 4040 263 4120 igitur
292 4063 352 4100 eam
378 4064 431 4124 pro
451 4043 563 4104 viribus
589 4065 799 4125 propugnare.»
824 4045 856 4126 2)
886 4048 966 4122 Quae
995 4069 1060 4107 curn
1087 4047 1231 4108 Socratem
1256 4047 1371 4106 dicentem

207 4349 236 4414 1)
256 4349 310 4402 Cic.
329 4353 359 4402 dc
375 4352 420 4418 Off.
438 4350 481 4402 ΙΙΙ.
499 4351 524 4402 3.

207 4434 239 4500 2)
257 4437 294 4486 De
312 4439 372 4505 llcp.
392 4436 422 4488 ll.
440 4435 500 4487 368.
513 4438 579 4488 Α-
590 4437 619 4489 C.
