2872 5122
648 299 703 358 127

68 463 126 524 illos
144 463 235 526 locum
251 476 339 525 tenet.
371 444 435 536 Quo
454 473 607 543 conspecto
631 481 646 514 n
657 461 757 540 atqui,
778 461 877 538 inquit
895 459 1038 537 Socrates,
1060 466 1184 543 cognovi
1199 441 1286 543 juve..

67 585 141 639 nem,
161 561 291 644 quamvis
311 582 414 639 nomen
436 559 565 620 excidit:
582 559 779 640 Euphorionis
793 572 835 618 est
852 558 948 634 filius,
970 560 1078 635 viri,o
1098 566 1188 624 amice
1198 611 1206 641 ,
1226 567 1298 648 pla·¹

67 683 97 720 ue
115 663 197 736 talis,
218 660 333 740 qualem
354 672 393 728 ,tu
422 657 501 716 bunc
529 656 717 739 descripsisti.
759 656 817 716 Sed
845 677 914 737 age,
934 657 1014 730 hunc
1034 657 1106 736 jube
1126 662 1210 722 nobis
1238 664 1286 723 hic

66 760 205 820 assidere.»
240 757 325 834 Quod
345 771 377 816 ut
394 757 502 815 fecerat
529 756 697 815 Theodorus
718 756 835 816 nomine
865 757 1058 836 pronunciato
1075 761 1176 838 pueri:
1202 762 1285 822 «ohne

66 859 192 931 omnino,
214 857 385 929 Theaeteto,
406 853 509 932 adjicit
527 853 674 929 Socrates,
696 853 753 912 huc
774 852 812 913 ad
832 874 884 912 nos
902 853 1026 929 accede,
1049 869 1080 914 ut
1100 875 1151 935 ego
1169 873 1285 918 memet·

64 958 147 1037 ipsum
179 955 365 1036 conspiciam.
412 954 484 1011 Nam
513 951 592 1014 dixit
620 951 808 1026 Theodorus,
841 951 926 1011 vultu
954 972 999 1011 me
1028 953 1083 1015 tibi
1104 955 1285 1016 simillimum

63 1074 121 1113 esse.
161 1054 361 1112 Veruntamen
382 1065 413 1110 ut
430 1063 559 1125 constet,
580 1071 648 1110 vere
662 1050 717 1109 boc
736 1051 844 1110 dixisse
859 1048 1062 1126 Theodorum,
1085 1073 1183 1112 nonne
1200 1049 1285 1134 quati·

62 1152 174 1211 rendum
192 1150 277 1220 nobis
297 1164 357 1224 est,
378 1169 448 1208 num
468 1147 610 1229 pingendi
630 1148 655 1206 is
674 1163 763 1213 artem
783 1161 898 1223 teneat,
929 1152 1045 1208 necne?
1067 1151 1137 1211 Nam
1163 1153 1284 1233 pictoris

61 1265 110 1324 est,
131 1249 167 1309 de
196 1249 296 1308 formis
327 1250 538 1326 formarumque
562 1246 755 1306 similitudine
779 1246 932 1324 judicare,
954 1260 985 1305 ut
1006 1249 1108 1308 musici
1129 1247 1166 1310 de
1185 1253 1286 1312 simili·

12 1421 13 1428 ἵ
60 1347 152 1408 tudine
170 1369 315 1408 sonorum.
357 1345 597 1425 Pictorncigitur
620 1359 662 1404 est
685 1345 878 1406 Theodorus?
901 1345 1019 1405 -Non
1048 1361 1109 1422 est,
1130 1351 1285 1430 respondet

60 1445 236 1518 Theaetetus,
266 1444 346 1524 quod
373 1445 471 1503 sciam.
502 1444 659 1502 -Nonne
688 1444 875 1524 geometricus
904 1444 1015 1503 etiam?
1042 1445 1133 1506 -Et
1160 1450 1284 1520 maxime

59 1545 182 1623 quidem,
204 1567 222 1604 o
239 1543 377 1603 Socrates.
400 1543 557 1602 -Nonne
586 1540 654 1602 item
677 1541 884 1617 astronomiae,
905 1543 1120 1621 arithmeticae,
1141 1548 1284 1622 musicae,

58 1631 289 1702 onnino‘anium
308 1642 436 1723 peritus,
458 1655 597 1720 quotquot
620 1641 813 1700 institutionis
836 1655 905 1700 sunt
923 1626 1081 1722 propriae'l
1103 1671 1135 1712 γ-
1157 1644 1283 1705 Videtur

11 1799 12 1804 ,
58 1743 119 1800 mihi
138 1740 447 1822 quidem—Quando
467 1740 557 1818 igitur
573 1739 699 1819 corporis
718 1751 799 1819 parte
818 1738 914 1818 aliqua
933 1761 985 1798 nos
1003 1740 1113 1799 similes
1130 1741 1205 1802 dicit
1221 1747 1282 1805 sive

59 1839 171 1900 laudans
193 1841 254 1899 sive
272 1837 507 1920 reprehendens,
529 1859 588 1897 non
609 1843 780 1918 magnopere
799 1837 826 1896 ei
846 1836 919 1896 fides
938 1836 1073 1898 habenda
1093 1855 1152 1916 est,
1178 1843 1281 1921 quodsi

59 1938 199 2018 ingenium
223 1937 390 1997 alterutrius
409 1958 425 1994 a
445 1937 554 1996 virtute
579 1949 607 1994 et
630 1937 770 2017 sapientia
796 1935 978 2011 laudaverit,
1000 1957 1100 1997 nonne
1126 1959 1210 2014 eum,
1230 1935 1281 2019 qul

57 2035 102 2094 hoc
119 2037 236 2098 audivit
242 2083 250 2112 ,
262 2035 409 2095 laudatum
427 2035 513 2094 illum
531 2034 681 2116 explorare
699 2034 957 2115 oportet,alterum
975 2049 1070 2097 autem
1085 2036 1168 2096 decet
1184 2053 1282 2098 semet·

59 2134 141 2214 ipsum
170 2134 323 2195 ostendere
347 2132 617 2214 explorandumque
642 2133 803 2213 praehere?
830 2169 862 2178 -
883 2134 1029 2208 Omnino,
1050 2155 1067 2192 o
1090 2133 1229 2197 Socrates.
1250 2177 1282 2187 -

61 2234 145 2292 Tuum
164 2233 256 2313 igitur
274 2245 334 2306 est,
367 2233 406 2291 mi
427 2231 599 2306 Theaeteto,
620 2231 692 2290 mihi
712 2245 798 2290 temet
816 2231 984 2306 ostendere3
1022 2252 1116 2291 meum
1135 2248 1230 2293 autem
1254 2247 1282 2292 te

58 2333 240 2392 considerare.
282 2332 355 2391 Nam
375 2333 466 2405 scite,
486 2352 553 2390 cum
573 2331 678 2390 multos
697 2351 742 2389 me
761 2351 856 2390 eoram
875 2332 1045 2391 Theodorus
1063 2345 1091 2391 et
1109 2331 1235 2414 hospites
1255 2347 1282 2393 et

58 2431 125 2492 cives
142 2431 327 2505 laudaverit,
355 2431 501 2490 neminem
520 2451 584 2490 eum
603 2443 716 2489 tantum
734 2428 885 2502 laudasse,
906 2443 1048 2508 quantum
1066 2452 1146 2491 nunc
1164 2430 1282 2509 quidem

59 2541 138 2612 te.¹-
157 2530 263 2590 Pulcre
284 2551 312 2590 se
331 2551 376 2590 res
394 2530 530 2605 haberet,
551 2552 568 2588 o
586 2528 734 2603 Socrates,
755 2530 796 2589 ita
812 2530 836 2588 si
858 2541 945 2605 esset3
968 2528 1019 2588 sed
1038 2529 1122 2604 vide,
1138 2527 1281 2608 numquid
1326 2525 1330 2536 '

10 2701 11 2704 Ἴ
58 2647 100 2705 per
114 2631 211 2707 jocum
231 2626 263 2686 id
282 2627 399 2690 dixerit.
423 2673 455 2682 -.
476 2629 541 2688 Non
556 2628 606 2687 hic
626 2649 695 2687 sane
716 2648 776 2686 mos
795 2639 837 2686 est
857 2626 1023 2704 Theodori,
1045 2626 1099 2686 sed
1117 2647 1190 2705 quae
1208 2647 1281 2704 coq—

10 2793 11 2796 ,
60 2727 152 2787 cessisti
163 2773 172 2801 ,
194 2741 228 2786 tu
249 2748 285 2785 ne
304 2727 514 2807 subterfugias,
536 2740 708 2807 praetexens
725 2747 777 2806 per
795 2727 896 2802 jocum
916 2724 1001 2785 illum
1020 2725 1074 2785 hoc
1095 2725 1222 2799 dixisse,
1243 2746 1280 2785 ne

10 2891 11 2894 Ἴ
60 2825 143 2882 testari
160 2838 298 2905 cogatur:
315 2848 381 2886 nam
400 2826 451 2906 qui
471 2825 538 2885 falsi
558 2843 623 2882 eum
642 2822 800 2883 testimonii
819 2838 946 2898 accuset,
967 2825 1023 2884 erit
1040 2825 1160 2884 omnino
1179 2845 1277 2900 nem03

10 2915 11 2918 '
60 2919 100 2979 sed
117 2944 166 3003 age
177 2972 185 2999 ,
196 2926 231 2984 in
250 2926 392 2985 concessis
401 2919 532 3006 persiste.
544 2952 575 2960 -
586 2922 622 2982 ld
637 2943 706 2984 vero
727 2920 889 3002 agendum,
908 2923 932 2982 si
951 2924 992 2982 ita
1012 2922 1067 2982 tibi
1088 2922 1232 2984 videtur.»
1248 2922 1280 3002 l)

59 3019 159 3091 Quibus
184 3022 292 3097 dictis,
310 3045 368 3103 quo
390 3024 480 3104 magis
498 3043 526 3084 se
539 3022 641 3106 palam
669 3021 803 3082 ostendat
821 3021 1007 3096 adolescens,
1029 3037 1109 3102 rogat
1136 3044 1201 3082 enm
1228 3022 1276 3081 So-

60 3132 153 3194 crates,
174 3120 321 3199 numquid
347 3120 384 3180 de
412 3122 563 3202 geometria
575 3167 585 3194 „
614 3120 654 3182 de
677 3120 869 3194 astronomia,
898 3118 935 3178 de
960 3119 1127 3196 harmonia,
1153 3120 1190 3180 de
1218 3133 1278 3178 arte

60 3219 244 3296 supputatoria
272 3240 288 3277 a
316 3218 468 3280 Theodoro
496 3218 642 3279 didicerit.
683 3218 740 3277 Ille
760 3239 828 3278 tero
855 3232 914 3277 tam
931 3218 1018 3278 simul
1048 3219 1173 3300 ingenue
1193 3239 1277 3279 vere-

60 3313 196 3394 cundaque
218 3330 246 3376 et
263 3317 379 3398 placide
399 3317 567 3399 respondet,
589 3329 635 3392 ut,
656 3317 782 3395 quaeda
802 3337 835 3376 eo
852 3330 919 3377 ante
938 3317 1055 3378 fuerant
1072 3316 1150 3378 dicta
1161 3362 1169 3391 ,
1189 3316 1277 3398 plane

61 3408 110 3488 ipse
127 3412 273 3492 loquendo
293 3416 399 3475 referat
418 3415 627 3496 exprimatque.
649 3417 723 3474 Tum
742 3437 759 3473 a
778 3413 944 3496 disciplinis
959 3435 1089 3475 sermone
1107 3414 1145 3474 ad
1163 3417 1274 3496 sapien·

61 3507 117 3568 tiam
144 3525 171 3570 et
198 3513 349 3573 scientiam
367 3514 518 3591 traducto,
538 3516 652 3595 quaerit
679 3514 716 3575 de
745 3515 866 3574 scientia
892 3513 1039 3590 Socrates,
1060 3513 1132 3594 quid
1158 3514 1276 3574 tandem

11 3659 12 3674 ,
62 3605 99 3665 sit.
118 3609 171 3669 Hic
186 3611 361 3672 Theaetetus
377 3613 559 3693 geometriam
586 3635 742 3673 memorare
760 3611 885 3692 aliasque
905 3611 1071 3687 doctrinas,
1093 3634 1164 3692 quae
1184 3615 1273 3675 scien-
1299 3597 1302 3601 .

10 3747 11 3784 ,
63 3703 108 3764 tiae
125 3723 264 3770 vocantur
273 3734 282 3787 3
295 3709 422 3772 Socrates
433 3733 500 3773 vero
509 3733 665 3794 reponere:
692 3734 706 3772 u
717 3731 851 3792 generose
869 3725 900 3772 tu
920 3710 1038 3790 quidem
1053 3726 1081 3771 et
1097 3711 1274 3786 liberaliter,

10 3797 12 3856 :
63 3799 198 3867 Theaetete
210 3854 219 3884 ,
241 3829 329 3869 unam
346 3825 461 3892 rogatus
476 3811 644 3886 scientiam,
666 3810 770 3870 multas
793 3809 878 3869 nobis
905 3822 933 3868 et
959 3810 1053 3872 varias
1070 3809 1203 3889 largiris,
1224 3829 1274 3890 ego

64 3919 119 3961 tero
144 3927 202 3966 non
211 3951 223 3982 ,
250 3921 320 3986 quot
349 3909 409 3970 sint
434 3923 464 3969 et
489 3909 591 3990 quales
617 3910 778 3983 scientiae,
807 3909 929 3988 rogavi,
957 3909 1038 3986 qnasi
1064 3908 1274 3971 enumerandae

65 4015 142 4061 essem
168 4004 270 4080 nobis,
290 4005 340 4067 sed
361 4008 422 4089 ipsa
440 4008 562 4067 scientia
579 4007 652 4086 quid
670 4009 734 4067 sit.»

10 4091 11 4096 ἵ
97 4099 199 4172 Quibus
223 4093 364 4165 excitatus
383 4104 578 4182 Theaetetus,
599 4108 694 4166 statim
714 4128 743 4166 se
771 4120 861 4166 totum
888 4118 916 4164 et
936 4105 1064 4187 explicat
1091 4121 1118 4166 et
1137 4104 1272 4166 ostendit.

69 4195 217 4270 “Quaerere
226 4203 316 4279 mihi,
333 4205 443 4284 inquit,
464 4203 589 4281 videris,
610 4204 757 4280 Socrates,
778 4204 835 4264 tale
853 4203 946 4285 quid,¹
965 4205 1051 4284 quale
1060 4227 1125 4266 cum
1136 4205 1189 4264 hoc
1199 4223 1272 4263 com·

68 4292 178 4358 nihtone
188 4298 191 4306 ’
201 4322 277 4378 meo,
292 4317 387 4363 mcum
405 4305 587 4386 cognomine,
602 4303 638 4365 de
654 4303 842 4389 potestatibus
861 4305 893 4364 in
913 4303 1093 4365 arithmetica
1107 4301 1273 4383 quaerenti,

70 4427 300 4451 x—

96 4501 437 4569 emunctae.
