2908 5114
847 169 853 202 l

662 242 664 246 ’
736 241 802 302 320

154 405 187 465 in
213 399 333 464 adversa
361 399 517 482 speluncae
545 413 627 486 parte
656 416 806 483 apparent.
848 405 913 478 Quo
933 403 1093 468 bominum
1115 407 1313 486 significatur,
1332 407 1375 487 qui

153 507 207 566 toti
236 505 268 561 iu
296 500 405 560 mundo
433 499 586 579 spectabili
603 500 729 574 vivunt,
750 499 862 578 abjecta
882 502 1032 577 conditio,
1054 513 1086 562 ut
1101 525 1155 562 nec
1176 526 1220 563 res
1237 507 1313 586 ipsas
1330 527 1376 564 nec

154 602 306 663 simulacra
336 595 455 676 quidem
473 617 589 669 rerum,
611 596 661 656 sed
680 597 783 684 horum
802 599 894 658 solum
914 599 1134 660 simulacrorum
1153 601 1268 662 umbras
1287 604 1377 684 adspi-

153 688 241 761 ciaut.
263 696 378 756 Debent
395 693 524 752 basillis
545 689 952 772 punucpoircur'auctoribus
962 745 971 773 ,
991 700 1054 771 τοῖς
1075 692 1210 759 εἰδώλων
1227 703 1377 777 μιμηταῖς,

151 796 251 878 quales
279 799 378 874 poetae
405 806 474 851 sunt
500 797 654 876 praecipue
674 810 702 854 et
720 811 869 856 oratores..
897 795 985 862 Unde
1004 801 1201 880 intelligitur,
1222 815 1329 879 quanta
1347 802 1378 859 sit

153 896 235 974 vulgi
265 885 453 965 ἀπαιδευσία,
482 892 624 969 siquidem
645 893 681 952 ab
700 894 803 952 borum
821 916 869 954 ore
889 895 1034 976 pendeat,
1056 919 1110 956 nec
1127 897 1308 976 quidquam,
1328 900 1377 956 nisi

151 997 229 1078 quod
247 995 280 1053 hi
300 990 473 1064 ostendunt,
495 1010 596 1050 verum
617 1004 782 1070 certumque
797 992 911 1054 habeat.
953 994 989 1056 ld
1005 994 1181 1074 significasse
1200 995 1284 1056 Plato
1302 997 1377 1054 initio

150 1095 266 1156 fabulae
286 1089 412 1150 videtur.

191 1189 301 1264 Quodsi
313 1190 373 1264 jam
393 1180 527 1244 παιδείαν
547 1186 725 1263 quaerimus,
741 1208 797 1265 qua
813 1185 959 1248 erroribus
972 1189 1052 1248 hisce
1066 1189 1200 1248 homines
1217 1203 1245 1250 et
1260 1203 1377 1248 extrema

149 1289 274 1349 stultitia
304 1287 467 1344 liberentur
491 1325 526 1336 -
547 1284 605 1343 buc
635 1285 713 1344 enim
742 1299 850 1364 spectat
878 1286 978 1346 fabula
1007 1289 1131 1346 maxime
1155 1331 1188 1341 -
1214 1287 1249 1347 id
1274 1287 1376 1346 efficere

149 1385 272 1447 difficile
291 1384 409 1443 omnino
431 1383 578 1462 negotium
596 1397 647 1442 est.
669 1383 741 1440 Nam
760 1403 805 1442 res
823 1382 870 1442 illi
887 1384 964 1464 ipsas
981 1405 1011 1442 se
1026 1385 1219 1465 contemplari
1236 1399 1264 1444 et
1282 1398 1377 1465 putant

148 1497 178 1542 et
199 1493 381 1553 asseverant,
402 1480 511 1559 quippe
533 1501 606 1554 esse,
626 1493 741 1560 praeter
760 1480 893 1555 umbras,
915 1481 971 1540 alia
991 1481 1133 1560 quaedam
1151 1504 1189 1542 ne
1208 1485 1377 1565 suspicantes

148 1581 285 1660 quidem:
318 1592 346 1637 et
374 1597 443 1637 vero
473 1576 656 1637 delectantur
683 1577 773 1638 iidem
801 1576 848 1637 his
878 1578 988 1642 umbris
1018 1580 1150 1640 mirifice.
1202 1582 1376 1660 Principium

147 1679 266 1758 quidem
282 1679 376 1753 justae
396 1669 530 1747 παιδείας
549 1675 604 1737 hoc
622 1688 682 1749 est,
704 1689 736 1734 ut
746 1721 754 1750 ,
775 1676 999 1756 rejectissspoitis
1017 1685 1101 1755 atque
1121 1678 1303 1753 oratoribus,
1322 1680 1377 1758 ipsa

148 1773 354 1855 adspectabilis
381 1773 487 1833 mundi
516 1773 689 1848 simulacra,
718 1793 840 1852 quorum
860 1772 975 1833 umbras
995 1773 1135 1836 viderunt
1153 1774 1271 1848 adhue,
1293 1776 1377 1855 respi-

147 1875 244 1932 ciant:
275 1886 338 1931 tum
364 1872 441 1952 ipsas
467 1892 511 1930 res
539 1885 621 1931 extra
650 1870 731 1929 bunc
755 1868 898 1928 mundum
926 1872 1212 1952 contemplabuntur.
1255 1871 1313 1931 Sed
1328 1872 1376 1930 hoc

147 1969 227 2030 illud
257 1983 316 2045 est,
346 1969 424 2048 quod
450 1969 588 2049 deinceps
618 1967 815 2048 explicaturus
834 1965 962 2026 Socrates
981 1981 1055 2026 erat:
1077 1991 1157 2028 nunc
1176 1971 1268 2048 igitur
1284 1981 1377 2048 pergat

147 2087 274 2127 narrare.
320 2065 553 2129 «Animadverte
577 2067 658 2143 (jam,
687 2064 803 2141 inquit,
834 2063 1022 2141 vinculorum
1046 2066 1220 2126 solutionem
1249 2067 1376 2146 ignoran-

145 2167 259 2244 tiaeque
287 2165 466 2224 curationem
473 2209 493 2238 ,.
514 2163 610 2242 qualis
635 2163 730 2236 foret,
749 2161 785 2232 ,si
812 2159 850 2220 ad
876 2161 956 2221 hunc
985 2160 1103 2222 modum
1120 2163 1308 2245 procederet:
1329 2163 1376 2222 ubi

145 2263 210 2341 quis
230 2261 341 2320 solutus
357 2261 486 2323 vinculis
505 2259 542 2318 de
561 2273 679 2340 repente
693 2272 840 2338 cogeretur
856 2271 884 2316 et
899 2259 1007 2319 collum
1021 2261 1189 2322 convertere
1204 2275 1233 2319 et
1247 2258 1375 2340 progredi

145 2373 174 2418 et
201 2357 240 2417 ad
271 2359 347 2436 ignis
373 2357 473 2416 lumen
501 2356 599 2416 oculos
626 2356 775 2415 attollere:
804 2356 875 2414 haec
895 2370 991 2416 autem
1009 2360 1106 2418 omnia
1124 2378 1229 2438 agenr,
1250 2357 1374 2431 doleret,

123 2476 199 2534 *nec
229 2454 377 2534 adspicere
406 2473 474 2534 prae
495 2451 650 2534 splendore
670 2452 723 2510 illa
740 2466 853 2532 posset,
874 2474 997 2531 quorum
1016 2470 1101 2516 antea
1121 2454 1238 2515 umbras
1257 2455 1374 2516 viderat

144 2551 224 2628 Quid
252 2572 321 2612 vero
350 2571 415 2610 eum
444 2570 652 2631 responsurum
669 2563 818 2622 autumas,
840 2550 864 2608 si
882 2548 992 2610 diceret
1010 2553 1067 2632 ipsi
1085 2553 1211 2631 aliquis,
1232 2566 1297 2612 turn
1313 2574 1375 2612 eum

143 2671 234 2730 nugas
253 2635 376 2721 vidisse,
397 2667 478 2706 nunc
498 2669 566 2710 uero
584 2631 703 2728 propius
722 2646 760 2706 ad
780 2667 882 2706 verum
899 2647 993 2728 adque
1013 2671 1059 2724 ea,
1080 2671 1153 2727 quae
1168 2651 1265 2710 minus
1280 2653 1376 2719 vidan-

143 2759 198 2806 tur
218 2767 277 2806 esse
298 2746 443 2824 magisque
464 2755 551 2818 runt,
571 2765 761 2828 conversum,
782 2745 890 2814 rectius
907 2749 1054 2825 spectare?
1076 2747 1210 2827 idemque
1229 2749 1257 2807 ei
1271 2771 1375 2807 unum-

143 2864 285 2923 quemque
313 2844 558 2922 praetereuntium
585 2855 766 2914 monstrans,
793 2842 999 2923 interrogando
1018 2864 1084 2903 eum
1104 2845 1279 2924 respondere
1298 2866 1373 2926 coge·

141 2955 205 3016 ret,
220 2939 307 3019 'quid
332 2940 429 3000 esset?
460 2959 559 2998 nonne
589 2939 743 2998 haesurum
766 2953 868 3019 putas,
890 2961 1018 3018 quaeque
1037 2955 1108 3001 tunc
1127 2941 1223 3017 vidit,
1245 2943 1373 3016 veriora‘,

141 3060 226 3119 quam
254 3057 328 3115 quae
358 3057 438 3095 nunc
465 3049 713 3110 monstrarentur,
740 3035 913 3096 dicturum?
933 3076 968 3086 -
1006 3037 1044 3097 Et
1066 3038 1157 3097 multo
1181 3038 1299 3118 quidem
1322 3061 1374 3098 ve-

140 3140 226 3198 riora.
244 3175 280 3186 -
317 3133 427 3208 Quodsi
457 3155 522 3193 eum
554 3131 704 3213 adspicere
732 3132 827 3212 ipsum
854 3135 951 3212 ignem
978 3150 1107 3214 cogeret,
1138 3157 1237 3194 nonne
1259 3151 1320 3195 tum
1346 3151 1373 3194 et

141 3234 253 3294 doleret
281 3231 373 3292 cerulis
392 3233 516 3290 maxime
537 3245 564 3290 et
581 3233 694 3310 fugeret
711 3244 739 3288 et
758 3243 899 3290 averteret
919 3252 947 3290 se
968 3231 1039 3294 inde
1056 3232 1094 3291 ad
1113 3231 1167 3291 illa
1185 3254 1258 3312 quae
1282 3246 1372 3314 posset

139 3331 305 3411 conspicere
334 3343 362 3388 et
388 3329 459 3388 bae'e
491 3349 590 3409 reapse
616 3327 793 3386 existimaret
818 3327 896 3402 illis,
917 3350 990 3407 quae
1008 3343 1164 3389 monstrata
1182 3345 1294 3406 esseut,
1314 3331 1371 3388 cla·

138 3431 238 3489 rioral
254 3467 289 3476 -
317 3425 364 3485 Sic
385 3428 513 3487 omnino.
526 3450 540 3482 u
562 3422 591 3505 1)

179 3526 312 3586 Summae
331 3525 419 3602 igitur
434 3523 616 3584 difficultatis
632 3525 727 3600 justae
745 3519 879 3596 παιδείας
897 3525 1077 3610 principium
1100 3538 1151 3584 est.
1204 3523 1261 3584 Sed
1275 3546 1368 3605 quam·

138 3625 243 3686 visita
265 3614 399 3702 φιλήκοοι
420 3619 468 3679 isti
494 3635 523 3680 et
544 3614 776 3702 φιλοθεάμονες,
796 3624 904 3707 quique
931 3623 1011 3684 nihil
1031 3622 1140 3681 habent
1169 3643 1287 3696 verum,
1311 3623 1368 3680 nisi

137 3724 214 3800 quod
234 3724 366 3783 sensibus
385 3736 595 3802 perceperunt,
611 3727 735 3784 umbros
747 3735 905 3805 coeperunt
920 3723 1155 3780 simulacrorum
1171 3734 1369 3794 contemnere,

135 3821 242 3898 quibus
261 3820 391 3879 luserant
412 3819 488 3899 ipsos
508 3825 609 3900 po'e'tae
629 3834 657 3879 et
675 3835 817 3881 oratores:
839 3833 959 3879 manent
973 3831 1068 3877 tamen
1088 3819 1125 3876 in·
1141 3817 1251 3876 mundo
1269 3815 1368 3896 adspe-

135 3917 236 3977 ctabili
247 3963 255 3993 ,
279 3918 348 3993 ubi,
370 3931 483 3998 praeter
502 3919 670 3986 simulacro
681 3963 689 3993 ,
711 3918 790 3978 nihil
809 3919 878 3998 ipsis
897 3917 1065 3996 conspicere
1091 3915 1169 3974 lieet.
1211 3916 1283 3972 Nam
1301 3934 1369 3972 sen-

134 4015 213 4073 sibus
232 4016 401 4096 percipiunt
430 4016 544 4094 negotia
573 4015 695 4096 pulcra,
717 4016 812 4092 hona,
829 4017 927 4093 justa,
948 4034 1020 4091 quae
1048 4012 1166 4094 quidem
1187 4011 1279 4091 ipsius
1299 4011 1368 4091 pul-

134 4113 195 4187 cri,
217 4113 308 4192 ipsius
338 4112 409 4172 boni
433 4114 563 4192 justique
591 4113 764 4188 simulacra,
792 4113 846 4192 ¹sed
875 4112 995 4171 obscura
1015 4111 1096 4184 fere,
1126 4107 1252 4167 subinde
1283 4109 1366 4167 etiarn

132 4206 250 4268 fallacia
278 4210 431 4268 simulacra
462 4223 547 4286 sunt,
571 4208 603 4268 id
622 4225 735 4287 autem,
757 4209 835 4289 quod
862 4211 958 4291 ipsum
978 4230 1034 4291 per
1060 4228 1089 4267 se
1115 4220 1143 4265 et
1168 4208 1313 4284 pulcrum
1340 4215 1368 4262 et

166 4416 191 4481 1)
210 4420 247 4470 De
266 4421 325 4489 ηομ.
348 4417 402 4470 Vll.
425 4417 484 4470 515.
506 4416 534 4469 G.
553 4418 584 4470 D.
604 4419 633 4470 E.
711 4491 713 4496 .
