2872 5122
166 427 334 506 elegantiam
363 441 391 488 et
419 424 625 487 sublimitatem
651 442 810 508 agnoscunt
837 451 953 505 omnes,
984 451 1036 489 nos
1060 431 1092 490 in
1122 432 1224 512 primis
1253 431 1376 491 admirari

166 525 288 584 solemus
316 525 546 606 simplicitatem:
581 526 809 587 animadvertere
836 543 930 589 autem
963 528 1013 586 hic
1041 528 1110 588 licet
1137 529 1334 610 philosophiae
1357 543 1378 588 et

166 627 280 702 poeseos
299 622 464 681 discrimen.
486 625 549 682 Non
571 623 705 683 laudatur
723 647 814 700 amor,
836 627 887 686 sed
896 673 905 701 ,
923 626 1016 704 qualis
1034 627 1090 701 sit,
1111 648 1167 705 quo
1186 628 1303 703 tendat,
1320 627 1379 706 quid

97 761 99 764 -
167 718 272 778 efficiat
282 765 291 794 ,
313 721 492 799 exquiritur:
515 743 574 780 non
598 721 660 780 alae
685 737 878 783 memorantur
898 725 988 784 animi
999 771 1007 798 ,
1031 745 1104 802 qnae
1123 727 1160 786 ad
1177 725 1274 806 pulcri
1293 726 1377 806 adspe-

166 831 244 876 ctum
254 819 428 898 germinent,
443 819 644 896 hominemque
659 820 784 881 evehant
798 821 831 881 in
845 821 956 882 beatam
971 824 1095 882 Deorum
1110 823 1205 882 sedern
1225 838 1254 883 et
1263 845 1380 904 campum

167 917 296 976 veritatis
305 941 314 992 ;
335 915 385 974 sed
403 931 505 976 natura
523 917 682 977 attenditur
699 919 843 994 humana,
859 933 888 979 et
905 919 1131 1000 investigantur,
1145 941 1218 1000 quae
1233 922 1260 980 ei
1275 923 1380 996 insunt,

167 1015 262 1073 studia
282 1029 309 1074 et
327 1015 478 1076 facultates
496 1015 642 1082 sublimes.
685 1001 904 1077 Enthusiasmus
923 1039 984 1077 non
1003 1018 1177 1078 describitur
1201 1021 1305 1078 amoris
1314 1065 1322 1093 ,
1340 1020 1381 1078 sed

167 1114 230 1193 pari
249 1111 376 1174 efficacia
397 1115 441 1174 vis
460 1114 623 1174 declaratur
640 1115 736 1195 pulcri
755 1116 794 1176 ad
812 1116 913 1176 insitas
937 1136 1062 1194 quasque
1087 1119 1208 1177 virtutes
1237 1117 1382 1176 eliciendas

166 1225 194 1269 et
213 1211 412 1291 explicandas.
436 1213 500 1286 Quo
520 1233 571 1271 nos
590 1227 724 1273 evexerat
742 1213 878 1272 sublimis
896 1213 947 1272 ille
973 1216 1006 1273 in
1025 1215 1156 1275 Phaedro
1178 1215 1323 1294 hymnus,
1341 1216 1382 1292 qui

166 1311 285 1389 poeticis
308 1310 354 1368 his
377 1310 512 1391 splendet
537 1311 730 1392 imaginihus,
757 1311 856 1372 eodem
885 1333 937 1372 nos
960 1311 1082 1372 adducit
1106 1301 1229 1394 simplex
1252 1313 1382 1371 Diotimae

154 1411 274 1482 sermo,
297 1407 347 1466 sed
367 1407 457 1469 efficit
474 1410 522 1470 hic
542 1410 646 1484 simul,
668 1424 699 1468 ut
716 1430 788 1489 quae
812 1409 876 1468 illic
899 1411 1011 1490 poetice
1036 1425 1104 1470 sunt
1131 1410 1209 1469 dicta
1220 1455 1229 1484 ,
1250 1413 1382 1491 magisque

165 1504 407 1565 admovendum
426 1527 511 1585 quarn
536 1507 574 1568 ad
600 1507 832 1589 persuadendum
860 1506 979 1582 valent,
1001 1508 1102 1566 horum
1126 1509 1186 1586 jam
1214 1529 1382 1588 assequamur

166 1601 424 1680 significationem,
444 1607 646 1687 proprietatem
663 1620 748 1685 atque
759 1651 767 1680 ,
789 1619 821 1664 ut
846 1605 886 1665 ita
903 1605 1018 1680 dicam,
1041 1607 1198 1683 veritatem.
1241 1607 1305 1665 Imo
1327 1627 1382 1668 vero

167 1721 218 1758 nos
248 1700 361 1782 longius
381 1705 466 1762 etiam
495 1703 593 1763 educit
620 1705 754 1764 Diutime.
796 1704 859 1763 Jam
879 1705 956 1762 enim
979 1705 1165 1784 pervenimus
1191 1725 1243 1780 eo,
1265 1706 1342 1784 qnod
1357 1707 1381 1762 in

165 1797 348 1880 philosophia
367 1801 464 1881 pulcri
484 1822 624 1861 summum
642 1817 684 1862 est
703 1816 731 1861 et
751 1816 909 1862 extremum
919 1846 929 1875 ,
948 1799 987 1860 ad
1004 1802 1096 1882 ipsam
1117 1802 1214 1882 pulcri
1232 1804 1381 1863 scientiam.

170 1897 255 1956 «Jam
274 1918 360 1973 vero,
381 1901 439 1974 ait,
460 1921 573 1960 omnem
592 1899 713 1960 intende
731 1901 836 1959 mentis
854 1879 957 1958 aciem]
996 1900 1168 1978 Quicunque
1193 1902 1273 1958 enim
1293 1902 1382 1961 hucus-

165 2015 220 2073 que
240 1995 276 2054 ad
297 1999 431 2057 amatoria
450 1999 553 2058 ductus
573 2013 615 2058 est
637 2019 716 2058 sacra
726 2045 735 2074 ,
756 2011 831 2057 recte
856 2011 884 2056 et
908 1997 1011 2057 ordine
1036 1998 1246 2078 contemplatus
1275 2000 1382 2080 pulcra,

166 2092 204 2151 ad
222 2092 309 2152 finem
325 2096 385 2172 jam
404 2096 544 2156 accedens
562 2097 712 2156 amatoriae
733 2095 921 2178 disciplinae,
942 2095 1086 2178 extemplo
1106 2095 1281 2156 admirabile
1301 2097 1383 2178 quotl-

165 2190 231 2250 dam
261 2194 418 2273 conspiciet
445 2193 595 2274 pulcrum:
625 2194 702 2254 idem
731 2193 826 2268 illud,
857 2215 873 2254 o
901 2193 1047 2268 Socrates,
1068 2195 1150 2272 cujus
1178 2196 1271 2274 gratia
1299 2215 1384 2256 omnes

166 2303 250 2346 antea
268 2288 380 2362 labores
399 2278 522 2373 suscepti
546 2306 630 2367 sunt,
652 2292 776 2374 primum
803 2292 939 2371 quidem,
960 2291 1038 2371 quod
1066 2313 1176 2374 semper
1202 2308 1263 2370 est,
1284 2318 1337 2354 nec
1357 2293 1383 2352 fit

99 2376 103 2382 ¹
168 2407 294 2465 unquam
314 2403 363 2448 aut
380 2391 473 2471 perit,
495 2412 587 2470 neque
610 2405 729 2471 augetur
752 2405 802 2450 aut
824 2391 985 2451 minuitur:
1006 2392 1107 2472 porro,
1127 2390 1206 2469 quod
1235 2413 1297 2452 non
1325 2414 1383 2474 par·

166 2486 219 2543 tim
247 2499 288 2544 est
307 2486 460 2567 pulcrum,
480 2491 586 2569 partim
615 2503 717 2570 turpe,
738 2510 831 2568 neque
857 2489 915 2549 alio
943 2502 1069 2570 tempore
1093 2504 1135 2549 est
1161 2489 1315 2570 pulcrum,
1335 2491 1383 2551 alio

168 2605 228 2648 non
249 2587 335 2659 item,
357 2608 449 2667 neque
469 2587 542 2646 alius
560 2588 602 2647 rei
618 2589 729 2668 ratione
749 2602 790 2648 est
804 2588 952 2668 pulcrum,
968 2588 1043 2646 alins
1060 2600 1162 2668 turpe:
1185 2608 1280 2666 neque
1300 2591 1383 2671 ipsum

166 2688 245 2747 illud
264 2687 398 2769 pulcrum
425 2686 520 2744 animo
544 2677 687 2766 fingetur,
708 2699 740 2745 ut
769 2686 867 2747 vultus
895 2685 1000 2764 aliquis
1028 2699 1092 2770 aut,
1107 2705 1209 2746 manus
1235 2700 1286 2746 aut
1311 2685 1382 2745 aliud

167 2785 352 2864 hujusmodi,
381 2785 464 2861 cujus
489 2805 591 2864 corpus
610 2799 651 2842 est
668 2785 829 2865 particeps3
852 2804 945 2863 neque
967 2798 1002 2856 ,ut
1021 2803 1111 2843 sermo
1130 2783 1249 2862 quidam
1274 2800 1324 2844 aut
1343 2785 1382 2844 do

167 2885 278 2944 ctrina:
307 2905 398 2961 neque
429 2896 460 2941 ut
480 2883 512 2942 in
529 2883 715 2963 repositum,
737 2882 773 2941 ah
793 2883 856 2964 ipso
878 2883 1012 2957 diversa,
1033 2884 1067 2944 in
1089 2867 1208 2942 animali
1218 2907 1235 2957 ,ι
1247 2884 1281 2942 in
1300 2897 1383 2958 terra,

167 2985 200 3044 in
218 2983 316 3057 coelo,
337 2982 430 3062 attbi3
452 2975 526 3040 atta
548 2975 622 3040 atitd
643 2976 714 3042 καθ’
734 2972 808 3041 αὐτὰ
829 2975 901 3059 μεθ’
922 2973 1015 3041 αὐτοῦ
1035 2977 1184 3060 μονοειδὲς
1205 2975 1251 3042 aiei
1274 2975 1321 3044 ὅν·
1343 2983 1384 3042 red

127 3087 129 3092 '
165 3085 308 3160 pulcrum
329 3067 489 3160 ert't'peum
505 3105 609 3160 parm
619 3129 628 3160 ,
649 3106 747 3143 seeum
769 3091 833 3161 apto
852 3105 967 3160 semper
991 3087 1145 3160 unffurma
1154 3105 1168 3154 ;
1195 3098 1383 3146 caeterarum

168 3183 283 3257 omnia,
302 3203 375 3261 quae
392 3182 495 3262 pulcra
514 3196 581 3241 sunt
591 3226 599 3257 ,
620 3183 660 3242 sic
679 3182 761 3242 illius
776 3195 843 3242 sunt
860 3183 1029 3264 participia,
1046 3197 1078 3242 ut
1092 3203 1157 3242 cum
1176 3183 1308 3242 oriantur
1322 3183 1382 3240 haec

168 3293 196 3337 et
213 3293 349 3359 pereant,
369 3280 416 3340 illi
436 3280 514 3340 nihil
532 3302 624 3360 neque
643 3280 778 3356 accedat,
798 3302 851 3340 nec
873 3281 1057 3357 detrahatur,
1073 3301 1165 3360 neque
1184 3280 1307 3341 aliunde
1327 3299 1382 3340 eve·

169 3377 240 3436 niat.
261 3411 293 3422 -
315 3378 391 3437 Haec
412 3380 459 3440 via
479 3393 539 3454 est,
559 3401 615 3460 qua
641 3382 705 3459 quis
728 3379 766 3439 ad
792 3381 926 3439 amatoria
950 3380 1000 3440 vel
1025 3382 1086 3462 ipse
1105 3380 1258 3461 perveniat
1278 3379 1325 3440 vel
1351 3376 1382 3436 ab

168 3478 226 3538 alio
247 3477 386 3551 ducatur,
408 3491 439 3536 ut
457 3500 473 3536 a
491 3478 600 3559 pulcris
627 3478 706 3538 hisce
732 3499 865 3552 exorsus,
886 3499 995 3560 semper
1022 3478 1173 3552 escendat,
1195 3479 1277 3556 quasi
1297 3474 1381 3559 gradi·

168 3579 223 3638 bus
243 3593 343 3652 utens,
363 3576 400 3634 ab
420 3599 478 3635 uno
496 3577 535 3637 ad
557 3576 632 3652 duo,
653 3598 670 3637 a
689 3576 803 3636 duobus
822 3577 859 3636 ad
879 3579 974 3637 omnia
1001 3597 1119 3660 corpora
1144 3577 1267 3658 pulcra,
1288 3574 1382 3640 abhis

168 3677 207 3736 ad
225 3676 326 3758 pulcra
345 3673 458 3750 studia,
479 3696 495 3732 a
518 3661 622 3735 studiis
639 3675 677 3734 ad
696 3676 842 3736 doctrinas
868 3675 1000 3756 pulcras,
1022 3674 1114 3735 donec
1143 3697 1158 3734 a
1185 3673 1328 3734 doctrinis
1349 3667 1380 3730 ad

169 3775 250 3833 illam
270 3772 386 3833 tandem
405 3772 565 3833 doctrinam
584 3775 752 3853 perveniat,
771 3794 842 3850 quae
866 3795 926 3832 non
956 3774 1073 3834 alterius
1101 3785 1160 3848 est,
1180 3795 1266 3851 quam
1292 3779 1382 3850 ipsias

165 3873 271 3948 pulcri
288 3870 424 3945 seientia,
445 3891 477 3930 ac
504 3872 645 3952 percipiat
671 3884 829 3952 postremo,
849 3871 921 3949 quid
939 3871 976 3930 sit
1000 3871 1143 3952 pulcrum.
1184 3871 1220 3930 In
1240 3872 1293 3932 hae
1313 3871 1380 3931 vitae

171 3969 355 4044 conditione,
375 3971 414 4030 mi
432 3969 577 4044 Socrates,
599 3971 622 4047 si
642 3989 759 4048 usquam
770 4013 778 4044 ,
798 3970 910 4030 homini
934 3969 1093 4031 vivendum
1120 3983 1179 4044 est,
1201 3971 1295 4051 ipsum
1321 3989 1379 4027 con-

171 4069 264 4128 tuenti
284 4069 434 4149 pulcrum:
461 4067 580 4146 quodsi
598 4067 714 4146 quando
733 4066 860 4144 videris,
880 4067 960 4127 haud
979 4069 1075 4148 exiges
1095 4067 1172 4127 illud
1190 4067 1225 4126 ad
1245 4068 1308 4126 auri
1335 4085 1380 4126 ve-

171 4167 311 4244 stiumque
329 4165 511 4247 splendorem
529 4167 576 4228 tel
591 4169 734 4244 juvenum
752 4167 880 4226 formam.
922 4165 1024 4241 Quidl
1054 4167 1077 4224 si
1097 4167 1227 4226 eveniret
1244 4167 1378 4246 cuipiam,

172 4280 203 4324 ut
214 4259 316 4346 ipsum
333 4266 466 4346 pulcrum
485 4265 665 4340 intueretur,
684 4264 826 4347 simplex,
845 4287 950 4347 purum
959 4310 968 4340 ,
990 4265 1151 4344 integrum,
1173 4285 1231 4323 non
1254 4261 1380 4321 humanis
1425 4319 1426 4324 ,

171 4363 325 4437 carnibus,
346 4363 509 4438 coloribus,
530 4385 589 4423 non
607 4365 672 4424 aliis
691 4363 824 4424 humanis
851 4365 935 4444 nugis
957 4363 1199 4440 contaminatum,
1221 4360 1270 4420 sed
1293 4362 1378 4441 ipsum

170 4461 305 4522 divinum
319 4462 451 4542 pulcrum
471 4476 563 4541 posset
582 4461 706 4543 simplici
724 4463 820 4543 'specie
838 4460 1008 4543 adspicere?
1036 4453 1084 4542 ἆρ’
1104 4455 1167 4535 οἴει,
1191 4461 1302 4541 paulos
1321 4453 1379 4538 βίον
