2886 5118
658 267 716 330 429

89 427 185 514 θείᾳ,
206 425 339 509 λέγωμεν
360 422 401 500 τός
421 428 509 488 τοῦτο
535 419 596 487 οἷον
622 427 653 489 ἓν
681 422 831 507 ὀρθότατ’
856 423 892 488 oio
922 427 1125 508 mvoooalqat’
1148 426 1184 491 llo
1204 435 1264 495 τῶν
1289 433 1322 496 e’o

89 532 127 617 τῇ
139 531 289 610 ξυμμίξει·
308 530 356 591 καὶ
382 525 431 590 dori
454 530 543 592 τοῦτο
566 524 607 604 oie
631 525 777 610 oiyolitio
794 525 843 604 iv,
872 524 1012 612 τοιαύτην
1036 526 1131 615 αὐτήν
1160 533 1318 617 yeyooiom,

88 637 188 713 quodsi
217 638 359 693 ionum
383 655 441 692 ooo
463 640 526 692 uni
550 655 709 713 possumus
729 642 823 712 specie
852 636 984 692 conando
1014 647 1152 715 assequi,
1170 662 1232 697 uno
1250 664 1319 699 cnm

87 735 546 812 irt'bus,pulcritndiooo‚
574 735 896 811 aequabilitate
921 743 950 790 ol
969 745 1319 815 varitoloeompro-

87 834 258 904 lraoodeolee,
280 834 416 890 dicemur
427 877 435 905 ,
455 833 489 890 id
509 841 656 908 tuaquom
669 851 763 888 noum
784 841 864 888 recte
884 834 1103 894 aosbobituroe
1121 859 1181 895 oete
1202 861 1318 914 corant,

86 953 159 1010 quoe
180 938 214 988 in
235 937 443 989 commixtione
463 939 554 1002 eunt,
570 950 722 1003 conatam,
743 936 1040 1010 commixtionemque
1055 953 1112 1009 per
1130 935 1195 1010 boc,
1210 946 1317 1016 qnippe

85 1033 189 1088 botrum
200 1075 209 1103 ,
229 1030 321 1086 talem
331 1030 412 1105 fieri
432 1036 528 1105 ipsam
553 1024 591 1106 l).

123 1127 205 1186 Talis
224 1128 255 1185 in
277 1125 416 1201 Philebo,
449 1124 567 1204 siquid
588 1124 695 1200 video,
724 1126 930 1206 disputationis
949 1127 1022 1186 ratio
1040 1150 1072 1187 ac
1092 1133 1249 1211 progressio
1266 1149 1318 1196 est.

85 1225 262 1284 Falleremur
291 1238 385 1282 autem
413 1225 627 1304 maximopere,
658 1224 682 1282 si
703 1221 779 1282 hane
801 1245 853 1284 nos
878 1224 1085 1304 disputationis
1104 1231 1321 1292 conclusionem

84 1323 308 1384 fundamentum
329 1342 388 1380 esse
410 1321 574 1381 habendam
596 1320 797 1402 philosophiae
818 1322 982 1382 Platonicae
1003 1324 1119 1383 moralis
1139 1330 1322 1390 existimare-

84 1443 155 1480 mus.
200 1420 351 1495 Quaesivit
372 1419 527 1480 dialectica
557 1418 718 1478 subtilitate
744 1419 954 1501 philosophus,
977 1422 1049 1500 quid
1066 1421 1263 1499 judicandum
1283 1429 1321 1488 de

84 1518 292 1596 summobono
315 1519 376 1578 sive
397 1518 434 1577 de
456 1519 515 1576 vita
537 1518 643 1596 optima
671 1515 827 1577 videretur.
870 1519 1038 1596 Cujusmodi
1064 1519 1321 1602 disquisitionum,

83 1617 227 1697 siquidem
246 1629 321 1674 recte
342 1614 396 1674 hoc
419 1617 536 1674 nomine
557 1617 781 1689 disquisitiones
802 1616 958 1691 dicantur,
979 1618 1108 1677 incertus
1121 1620 1182 1680 fere
1199 1638 1321 1685 eventus

83 1729 131 1775 est.
176 1715 276 1791 Itaque
295 1713 328 1771 in
338 1711 472 1794 Sophiste
482 1759 491 1788 ,
511 1728 542 1772 ut
553 1711 698 1787 vidimus,
716 1712 856 1788 Socrates,
868 1734 933 1772 cum
949 1714 1104 1796 sophistam
1124 1718 1321 1803 investigaret,

82 1811 289 1894 philosophum
308 1808 503 1890 deprehendit
524 1809 565 1889 2).
598 1813 670 1870 Nam
692 1809 760 1868 duci
782 1831 810 1870 se
831 1812 996 1892 patiebatur
1013 1829 1131 1890 auctor,
1148 1839 1321 1900 quocunque

82 1915 199 1993 ipsum,
221 1921 252 1968 ut
271 1909 311 1966 ait
331 1906 380 1988 3),
401 1912 505 1968 mentis
526 1908 789 1990 disputationisque
808 1909 951 1990 impetus,
973 1909 1111 1991 tanquam
1132 1929 1253 1992 ventus,
1265 1919 1319 1978 fer·

82 2024 132 2069 ret.
177 2010 356 2087 Quamquam
378 2020 562 2080 constanter,
583 2027 636 2087 pro
656 2006 725 2064 talis
745 2007 857 2085 ingenii
879 2008 989 2088 impetu
999 2054 1008 2083 ,
1030 2031 1063 2069 eo
1075 2011 1320 2093 tendebat,quod

83 2107 127 2169 vel
150 2127 253 2170 vernon
274 2105 321 2164 vel
351 2126 417 2163 cum
439 2125 507 2164 vero
537 2106 726 2182 conjunctum
748 2119 817 2164 erat.
860 2105 958 2184 Itaque
979 2106 1046 2182 hic,
1073 2108 1106 2166 in
1126 2112 1229 2169 summi
1249 2112 1320 2174 boni

81 2205 303 2285 disquisitione,
325 2204 442 2275 evenit,
456 2216 496 2276 ‚ut
517 2203 548 2260 in
565 2200 732 2279 hujusmodi
756 2202 991 2277 conclusionem,
1010 2226 1083 2284 quae
1106 2228 1165 2266 non
1186 2207 1321 2270 abhorret

81 2304 201 2382 quidem
222 2301 257 2359 ab
279 2304 340 2376 ejus
357 2301 528 2381 principiis,
549 2321 602 2358 nec
628 2313 726 2358 tamen
741 2301 872 2360 continet
892 2301 1011 2375 haecce,
1032 2302 1085 2362 sub
1105 2302 1194 2391 linem
1212 2306 1320 2388 dialogi

82 2400 236 2459 incideret.
284 2398 528 2458 Exercitationem
558 2399 676 2457 omnino
701 2396 883 2457 dialecticam
912 2399 1051 2459 Philebus
1078 2403 1229 2480 continet,
1260 2426 1320 2466 non

81 2497 195 2557 ethicae
214 2496 379 2554 Platonicae
399 2495 460 2553 sive
490 2494 680 2554 fundamenta
695 2495 761 2573 ¹sire
787 2495 972 2556 doctrinam..
1001 2498 1039 2557 Et
1060 2499 1101 2556 sic
1121 2501 1239 2578 quidem
1257 2504 1320 2563 Pla·

80 2610 127 2670 to,
146 2593 231 2675 quod
249 2594 340 2674 ipsius
358 2591 558 2672 philosophiae
578 2595 728 2673 proprium
746 2608 789 2652 est
799 2639 807 2667 ,
828 2595 860 2654 in
883 2594 1046 2654 scribendis
1064 2609 1122 2654 tarn
1141 2601 1320 2681 metaphysi÷

81 2695 122 2752 cis
141 2693 243 2765 hisce,
264 2711 350 2770 quam
369 2688 532 2748 dialecticis
550 2688 691 2769 dialogis,
714 2691 888 2770 procedere,
910 2693 1143 2772 appropinquare
1153 2723 1171 2770 ,·
1183 2697 1319 2758 accedere

80 2789 116 2850 ad
143 2810 246 2853 verum
271 2786 402 2862 studuit,
422 2800 581 2846 assecutum
600 2808 629 2846 se
653 2786 731 2845 illud
750 2809 810 2846 esse
832 2790 864 2847 in
888 2788 1047 2848 subtilibus
1066 2789 1234 2869 hujusmodi
1255 2795 1320 2856 dis-

80 2887 283 2968 putationibus
302 2905 443 2962 nusquam
470 2885 614 2964 professus
632 2899 682 2944 est.
725 2887 832 2944 Iterum
852 2887 890 2947 de
908 2886 978 2946 boni
999 2885 1084 2960 idea,
1102 2889 1153 2948 sed
1172 2891 1231 2950 alit
1250 2893 1319 2954 lon-

79 3007 171 3065 geque
192 2981 307 3042 diversi
327 2983 438 3040 ratione
457 2983 621 3068 quaesivit,
640 3004 728 3060 quum
750 2983 871 3044 educere
891 2985 929 3045 ad
948 2984 1008 3042 veri
1036 2985 1187 3046 scientiam
1204 2991 1319 3052 laturos

79 3085 120 3142 rei
144 3080 283 3163 publicae
308 3093 432 3138 rectores
461 3079 625 3138 institueret
645 3078 686 3160 l).
729 3083 804 3140 Tum
824 3102 892 3141 vero
914 3081 1031 3162 negavit
1058 3080 1148 3158 adeo,
1176 3086 1271 3166 ipsum
1288 3110 1318 3148 se

79 3181 125 3240 bo
138 3203 158 3238 n
171 3201 189 3236 u
200 3199 227 3236 m
245 3177 421 3236 traditurum
432 3195 505 3249 esse,
526 3191 676 3238 contentos
695 3200 748 3237 nos
765 3199 823 3238 esse
836 3178 964 3257 jubens,
977 3181 1000 3238 si
1019 3171 1123 3254 τόκον,
1144 3184 1167 3240 si
1179 3185 1318 3264 prolem

79 3275 121 3336 bo
134 3276 177 3335 ni
197 3292 445 3352 consequeremur.
487 3273 523 3330 In
534 3272 643 3334 talibus
661 3275 721 3335 sive
741 3275 1000 3357 disceptationibus
1021 3281 1082 3342 sive
1104 3283 1315 3344 exercitationi·

78 3376 134 3433 bus
155 3373 318 3432 dialecticis
337 3369 468 3431 diversas
494 3367 655 3429 identidem
682 3373 873 3454 philosophus
900 3378 1061 3453 quaerendi
1093 3377 1155 3437 vias
1174 3380 1318 3459 ingressus

78 3485 138 3545 est,
159 3490 232 3549 quo,
246 3468 366 3549 propius
396 3465 612 3544 aliqnando‘ad
643 3468 775 3529 idearum
800 3485 949 3547 naturam,
969 3475 1006 3533 ad
1022 3476 1084 3556 ipsa
1101 3468 1140 3534 toi
1162 3469 1234 3536 ὄντα
1253 3501 1317 3561 ρει·-

79 3570 208 3627 veniret.
250 3564 336 3639 Quod
348 3564 433 3624 nobis
450 3561 536 3622 debet
546 3561 694 3641 sufficere3
710 3587 776 3624 narn
787 3567 900 3646 exigere
912 3568 949 3627 ab
963 3569 1081 3632 homine
1090 3619 1099 3649 ,
1108 3575 1187 3654 quod
1196 3576 1317 3637 humani

78 3665 192 3746 ingenii
215 3663 381 3722 facultatem
402 3673 535 3742 superet,
555 3682 616 3721 non
633 3663 733 3722 decet:
752 3663 918 3726 laudandus
939 3668 971 3726 in
992 3668 1038 3728 his
1058 3671 1110 3730 ille
1126 3674 1249 3760 maxime
1263 3688 1315 3767 est,

77 3765 130 3844 qui
151 3785 168 3821 a
188 3763 310 3822 veritate
331 3758 411 3818 abest
431 3758 574 3839 proxime.

118 3863 309 3920 Rementem
330 3855 415 3916 nobis
444 3852 591 3914 declarare
620 3855 832 3936 quodammodo
860 3865 1051 3924 recentiorum
1077 3866 1315 3950 philosophorum

112 4183 141 4249 1)
161 4185 253 4236 Phileb.
271 4183 313 4236 st.
331 4182 360 4230 Il.
378 4208 413 4218 -
430 4179 472 4232 65.
491 4181 522 4234 Α.
541 4182 580 4235 ct.
599 4187 628 4237 tie
645 4186 706 4255 Περ.
725 4184 767 4239 Vl.
780 4185 841 4242 486.
857 4188 885 4239 l).

110 4269 139 4330 2)
160 4271 237 4321 lotitia
252 4277 280 4337 p.
298 4267 363 4331 260,
382 4265 442 4318 267.

111 4355 141 4420 3)
162 4355 200 4406 lle
217 4356 279 4423 Περ.
297 4353 340 4405 111.
358 4350 418 4403 394.
436 4351 470 4404 Ι).

111 4439 141 4506 l)
163 4441 224 4492 too.
243 4439 283 4491 tt.
301 4437 360 4490 50⁷.
378 4437 410 4490 Α.
