2832 5120
756 235 815 298 208

172 400 352 462 mosthenese
375 401 512 461 orationis
536 398 682 481 persuasio
701 411 730 458 et
749 399 788 462 ad
808 397 1043 462 commovendam
1061 399 1213 462 Graeciam
1231 401 1370 474 efficacitas,

172 498 229 559 Sed
256 499 380 560 scribere
408 499 445 559 de
473 497 657 576 eloquentia,
689 511 720 556 ut
747 497 847 558 Cicero
874 498 945 558 fecit
968 498 1001 557 in
1029 497 1113 560 libris
1143 503 1178 560 de
1197 512 1318 575 cratere,
1342 503 1363 560 ir

118 577 122 588 ¹
172 609 307 673 oratore,
343 600 375 658 in
401 598 520 672 Brute,
548 609 685 656 enatura
709 595 911 677 philosophiae
935 596 1039 656 ducere
1065 598 1256 678 eloquentiam
1274 615 1297 660 et
1312 599 1364 658 hirc

171 699 326 756 informare
336 695 489 756 scribendo
498 695 658 776 perfectum
666 694 856 774 omnibusque
866 695 995 757 numeris
1005 694 1364 769 ahsolutumcratorcm:hcc

173 797 305 867 Ciceroni
332 795 475 876 agendum
505 793 625 871 reliquit
651 793 877 868 Demosthenes,
908 794 968 875 ipse
993 817 1052 854 uon
1071 796 1150 857 fecit.
1175 794 1205 878 l)
1243 797 1366 856 profecerit

172 893 221 953 hic
249 915 264 952 e
291 893 436 952 Socratica
463 891 621 972 disciplina
647 905 675 950 et
693 891 817 952 lectione
836 892 966 952 Platonis
983 894 1106 956 multum
1123 894 1161 955 ad
1179 894 1366 966 commovendos

174 1014 234 1052 non
253 991 360 1066 solum,
381 989 525 1050 sedetiam
535 988 729 1050 emendandos
747 991 825 1052 cives
836 992 1063 1072 optimorumque
1074 1014 1169 1054 rerum
1178 995 1273 1056 studio
1282 993 1366 1052 iollam·

173 1089 311 1164 mandos,
341 1089 395 1148 boc
419 1111 479 1149 non
498 1089 622 1170 profecit
639 1089 728 1164 inde,
758 1088 836 1168 quod
857 1091 956 1150 Cicero
974 1105 1119 1153 assecutus
1138 1105 1198 1168 est,
1227 1091 1367 1171 utfingeret

174 1185 381 1268 rempublicam
407 1189 580 1268 perfectam,
610 1187 671 1248 sive
693 1186 789 1248 fictam
811 1209 826 1245 a
847 1187 965 1248 Platone
984 1190 1100 1251 civibus
1119 1191 1178 1250 suis
1198 1211 1313 1271 suaeque
1329 1189 1367 1246 rei-

172 1285 307 1368 publicae
329 1275 564 1346 accommodaret.
605 1284 686 1365 lllud
705 1293 836 1346 oratoris
857 1300 914 1346 est:
941 1300 971 1346 et
989 1287 1312 1352 habuit'Demosthenes
1327 1301 1365 1346 ar·

171 1400 230 1446 tam
247 1383 286 1444 ad
304 1387 445 1444 forensem
465 1372 658 1464 eloquentiam
678 1383 827 1460 indolem,
857 1398 995 1464 quantam
1013 1401 1171 1462 oratorum,
1201 1388 1367 1467 quiunquam
1405 1395 1406 1450 f

172 1485 309 1559 fuerunt,
338 1483 423 1542 facile
451 1504 551 1542 nemo:
582 1483 635 1542 hoc
657 1503 725 1544 vero
744 1497 786 1542 est
804 1485 980 1560 philosophi.
1023 1486 1148 1546 Tantum
1168 1499 1263 1546 autem
1282 1485 1369 1555 abfuit,
1405 1529 1406 1545 .

172 1595 204 1640 ut
227 1581 281 1641 hoc
310 1581 438 1641 studium
464 1581 664 1662 philosophiae
691 1581 790 1642 Cicero
809 1581 942 1662 legendis
958 1582 1176 1662 scribendisque
1197 1583 1282 1644 libris
1298 1583 1370 1664 privs·
1405 1601 1406 1640 1

171 1680 264 1759 tisque
283 1679 461 1740 sermonibus
479 1679 623 1760 expleret,
643 1693 688 1755 ut,
710 1700 796 1759 quam
813 1679 940 1761 primum
959 1679 1013 1740 hcc
1034 1681 1091 1762 ipsi
1109 1681 1185 1742 boni
1204 1681 1371 1774 cumiciviuu

172 1777 262 1858 gratih
290 1776 408 1853 liceret,
439 1778 471 1839 in
496 1779 610 1851 forum,
639 1791 715 1838 certe
743 1778 781 1838 ad
804 1777 954 1853 tribunal,
985 1778 1156 1860 produxerit
1173 1779 1371 1862 philosophiam

171 1878 242 1936 Nam
269 1877 434 1957 priusquam
461 1875 513 1937 hos
541 1877 692 1957 scripserat
715 1874 823 1950 libros,
855 1896 919 1936 cum
945 1875 1060 1936 floreret
1082 1877 1200 1959 ingenio
1225 1879 1340 1938 maxime
1354 1887 1371 1932 et

170 1960 270 2057 pectus
297 1975 416 2036 haberet
441 1976 569 2037 Platonis
597 1977 751 2051 refertum,
783 1973 860 2037 dixit
887 1975 926 2034 sd
949 1975 1064 2054 judices
1088 1997 1141 2057 pro
1162 1977 1269 2036 Archia
1291 1981 1370 2058 poeta:
1405 2013 1406 2016 =

170 2096 226 2154 qua
254 2075 380 2138 oratione
411 2089 443 2134 ut
461 2075 538 2134 nihil
559 2095 686 2154 uuquam
707 2075 821 2156 peperit
839 2073 962 2134 forensis
979 2073 1143 2154 eloquentia
1161 2073 1306 2149 limatius,
1333 2072 1371 2132 ele

170 2175 301 2254 gentius,
331 2175 422 2254 ipsam
451 2174 643 2233 urbanitatem
669 2175 793 2232 Atticam
820 2173 934 2254 spirans
961 2173 1066 2252 magis,
1098 2173 1137 2254 ita
1162 2173 1278 2233 nullum
1300 2182 1372 2230 exstat
1404 2205 1406 2238 ς

171 2272 317 2331 Ciceronis
343 2272 500 2353 scriptum,
529 2293 585 2352 quo
610 2285 638 2330 et
662 2271 826 2352 prodiderit
850 2273 939 2351 magis
959 2271 1090 2331 indolem
1109 2293 1188 2330 suam
1208 2271 1246 2331 ad
1265 2270 1373 2353 philoso—
1402 2309 1406 2342 3

169 2368 287 2450 phiam,
317 2357 345 2428 et
363 2369 563 2450 philosophiae
583 2369 747 2430 Platonicae
768 2371 845 2445 vim,
879 2367 1055 2446 ubertatem,
1075 2391 1141 2428 cum
1160 2371 1240 2430 omni
1257 2366 1373 2428 humani-
1404 2399 1406 2454 j

169 2480 227 2526 tate
255 2468 510 2546 conjunctionem,
540 2468 713 2549 expresserit
743 2467 869 2549 plenius.
911 2467 1043 2548 Legimus
1066 2490 1118 2528 nos
1141 2468 1217 2528 hanc
1238 2469 1373 2528 orationem

169 2587 185 2625 a
205 2579 304 2626 tenera
322 2579 412 2626 aetate
430 2579 459 2624 et
479 2564 653 2626 edidicimus
668 2567 756 2626 ferme
765 2612 774 2642 ,
796 2580 824 2625 et
839 2567 879 2626 sic
898 2581 966 2626 sunt
983 2567 1162 2642 sententiae,
1183 2566 1288 2648 quibus
1303 2565 1376 2624 abun·

169 2663 236 2740 dat,
266 2664 469 2746 pervulgatae,
502 2677 534 2723 ut
558 2665 610 2726 virt
629 2686 676 2724 eas
692 2665 831 2725 soleamus
851 2663 1009 2724 attendere.
1050 2665 1160 2739 Quodsi
1179 2666 1243 2743 quis
1262 2682 1374 2724 recensa

168 2764 315 2838 Platonis,
346 2785 362 2821 a
387 2761 511 2836 Phaedri
534 2765 688 2852 praecipue
714 2764 821 2845 dialogi
848 2763 992 2838 lectione,
1014 2761 1110 2824 subito
1128 2764 1161 2824 im
1181 2763 1263 2822 illam
1282 2758 1374 2824 incide·

167 2862 226 2936 rit,
255 2861 413 2942 legeritque
442 2882 522 2936 eam,
554 2883 614 2922 non
640 2877 672 2922 ut
690 2863 787 2922 tritam
806 2861 913 2943 puerili
932 2861 1117 2921 institutione
1137 2861 1374 2930 declamationem,

167 2959 218 3020 sed
237 2973 269 3018 ut
288 2967 470 3035 orationem,
501 2974 533 3020 ut
553 2981 614 3020 eam
634 2961 781 3022 Ciceronis
799 2960 976 3034 orationem,
1006 2981 1062 3038 qua
1079 2959 1205 3040 primum
1223 2958 1292 3034 ille,
1318 2975 1375 3036 quae

166 3058 278 3118 tamdiu
298 3059 481 3121 continuerat
498 3059 594 3119 animo
610 3059 819 3140 aegerrimeque
834 3071 1049 3140 compresserat,
1066 3056 1185 3139 publice
1203 3055 1374 3139 profunderet

166 3158 303 3231 tandem,
325 3158 410 3219 mirer·
425 3157 582 3236 equidem,
603 3159 628 3217 si
646 3158 672 3217 is
691 3157 853 3220 Phaedrum
869 3146 929 3217 non
945 3157 1096 3236 agnoverit
1114 3155 1276 3216 identidem
1286 3157 1374 3215 inscu-

166 3257 267 3315 tentiis
282 3276 348 3315 cum
361 3254 399 3315 de
409 3257 508 3316 divisse
514 3260 813 3333 poetarumfserere,
833 3271 895 3316 tum
906 3254 942 3314 de
955 3257 1094 3334 deotmaro
1113 3267 1141 3314 et
1159 3265 1290 3330 nutura,
1309 3251 1375 3312 illam

167 3354 229 3414 sine
247 3354 301 3414 hac
322 3352 419 3414 valere
437 3375 539 3435 parum
550 3378 565 3438 :⁴
580 3353 612 3434 2)
632 3355 737 3436 quibus
758 3369 834 3418 recte
853 3355 1055 3436 comparantur
1075 3353 1163 3434 vulgo
1181 3354 1348 3414 Horatiana:

324 3449 548 3521 Doctmnossed
568 3462 629 3514 cim
647 3466 798 3533 promovet
816 3461 951 3514 insitam.
974 3449 1005 3532 3)

184 3547 196 3592 l

166 3554 182 3594 e
323 3614 448 3694 Nature
468 3617 560 3692 fieret
580 3619 731 3676 laudabile
751 3639 872 3676 carmen
883 3663 892 3692 ,
913 3639 954 3675 use
974 3624 1062 3689 arte,

324 3711 501 3794 Quaesitum
522 3725 585 3774 est:
607 3738 657 3797 ego
678 3738 731 3775 nec
752 3718 887 3774 studium
908 3723 972 3774 eine
993 3716 1087 3772 dieite
1107 3709 1199 3788 eene,

322 3812 382 3872 Nee
403 3815 572 3893 rude‘qm'd
585 3821 687 3892 prosit
706 3816 787 3874 video
806 3821 973 3895 ingenium.
996 3809 1028 3892 l)

199 3998 224 4064 t)
242 3999 308 4052 Plus.
326 3999 407 4070 cosp.
426 4001 497 4052 Dos.
515 4011 540 4053 et
557 4000 609 4053 cte.
628 4017 650 4052 c.
669 4001 692 4052 t.
727 3983 931 4072 Δημοσθένης
956 3985 1013 4068 μὲν
1033 3985 1074 4062 εἰς
1094 3979 1131 4048 sd
1153 3975 1303 4067 ῥήτορικόν
1319 3971 1376 4037 fre'·

163 4114 235 4154 τεινε
256 4089 315 4152 πᾶν
336 4083 407 4152 ὅσον
428 4085 507 4172 εἶχεν
529 4089 562 4154 ἐκ
585 4085 703 4173 φύσεως
723 4087 746 4175 ἢ
767 4085 918 4174 ἀσκήσεως
939 4085 1038 4174 λόγιον
1063 4125 1099 4136 --
1129 4083 1266 4171 Κικέρων
1285 4077 1315 4146 di
1334 4075 1377 4140 stol

163 4187 345 4276 πολυμαθής
364 4217 390 4256 κ.
412 4217 438 4256 τ.
460 4198 486 4256 l.

196 4295 223 4364 2)
242 4297 296 4350 Gic.
312 4315 360 4367 pro
377 4297 474 4349 Archia
492 4315 514 4350 c.
531 4299 556 4350 8.
576 4299 610 4352 Cf
634 4299 741 4352 Phoedr.
759 4295 817 4350 354.
837 4296 866 4348 C.

196 4382 223 4450 3)
241 4384 324 4436 Com.
342 4383 383 4436 fV.
401 4385 425 4434 ll.
444 4381 486 4435 33.

196 4468 222 4534 t)
241 4472 287 4540 ep.
306 4473 340 4522 od
357 4471 439 4522 Pe'soss.
457 4485 497 4522 ss.
515 4469 573 4521 tce.
