2898 5120
729 308 789 368 494

202 477 264 538 Ad
290 487 380 537 trra
406 477 513 535 illoc
541 475 751 534 ciuitatis
777 485 945 553 portae,
974 485 1240 558 quatuorque
1266 491 1308 539 in

318 596 361 634 oc
388 583 601 648 virtutae,
631 581 766 633 anime·
794 582 996 655 origitur
1023 587 1196 637 notura.

179 769 304 833 Condita
328 771 418 852 igitur
442 773 475 830 in
501 769 581 832 hunc
608 770 726 830 modum
754 769 905 852 republica
934 772 1061 853 optimi,
1082 774 1250 855 repertaque
1268 775 1362 836 inille

134 873 248 956 justitia
259 919 267 948 ,
290 870 418 950 exquirit
442 871 502 949 jam
531 893 617 953 porro
643 869 791 945 Socrates,
812 871 877 948 quis
897 870 982 930 homo
1003 871 1130 952 optimus
1150 873 1207 948 sit,
1229 888 1261 932 ut
1272 920 1280 949 ,
1300 874 1362 954 quid

137 995 196 1032 esse
214 973 246 1032 in
266 972 363 1032 animo
383 970 510 1030 hominis
525 969 640 1049 justitia
662 967 815 1044 videatur,
837 983 942 1049 pateat.
984 969 1049 1028 Huc
1070 971 1150 1030 enim
1164 983 1235 1050 tota
1263 973 1315 1032 illa
1332 973 1362 1032 de

137 1070 288 1152 republica
317 1069 476 1150 disputatio
501 1069 690 1150 pertinuerat.
746 1065 968 1127 «Censebamns
995 1067 1092 1145 enim,
1113 1069 1173 1144 ait,
1194 1071 1218 1129 si
1244 1070 1362 1152 plurium

137 1191 231 1229 rerum
242 1214 252 1244 ,
277 1167 384 1248 quihus
411 1167 517 1226 inesset
549 1165 681 1246 justitia,
711 1163 743 1224 in
781 1167 887 1244 majore
917 1163 1042 1244 quadam
1080 1167 1162 1248 prius
1196 1189 1259 1228 eam
1293 1168 1361 1230 vide

137 1289 250 1342 remus,
272 1266 390 1328 facilius
418 1263 526 1324 deinde
555 1285 608 1325 nos
634 1265 667 1322 in
687 1263 819 1341 minore,
845 1283 950 1344 nempe
972 1263 1005 1322 in
1033 1263 1150 1326 homine
1180 1287 1259 1343 nno,
1280 1267 1362 1347 qualis

137 1365 189 1425 illa
207 1367 262 1440 sit,
283 1376 490 1446 perspecturus.
531 1362 604 1423 Tale
621 1359 696 1448 quid
723 1359 810 1421 nobis
836 1381 895 1420 esse
913 1361 1017 1422 civitas
1036 1363 1210 1423 videbatur:
1232 1385 1361 1446 quaprop-

136 1477 187 1524 ter.
209 1485 271 1523 eam
299 1484 384 1542 quam
421 1462 558 1542 optimam
591 1457 751 1534 finximus,
787 1459 909 1520 scientes
939 1459 972 1517 in
997 1458 1074 1520 bona
1102 1461 1255 1542 republica
1280 1463 1360 1522 inesse

130 1561 284 1639 justitiam.
335 1561 445 1620 Iccirco
474 1557 553 1641 qnod
581 1561 614 1619 in
642 1557 694 1619 illa
730 1557 815 1617 nobis
845 1557 999 1638 apparuit,
1029 1559 1187 1620 referamus
1215 1559 1254 1621 ad
1282 1581 1359 1621 unum

134 1659 291 1720 hominem.
331 1657 363 1718 si
379 1659 557 1718 convenient
578 1656 633 1730 sibi
659 1657 805 1742 invicem,
828 1655 952 1716 sufficiet
977 1655 1079 1733 nobis3
1101 1659 1148 1718 sin
1171 1659 1291 1720 veroin
1311 1677 1360 1718 nnc

133 1755 217 1817 aliud
235 1755 308 1838 quid
327 1769 482 1838 appareat,
503 1777 601 1816 rursus
630 1756 668 1816 ad
693 1753 840 1816 civitatem
864 1756 1016 1829 conversi,
1038 1753 1266 1836 explorabimus.
1306 1755 1360 1819 Kal

132 1845 213 1933 τάχα
244 1849 281 1915 div
306 1849 377 1936 παρ’
407 1849 520 1936 ἄλληλα
549 1852 722 1928 σκοποῦντες
753 1849 802 1913 καὶ
834 1843 1001 1936 τριβοντες,
1034 1845 1134 1938 ὥσπερ
1165 1854 1198 1917 ἐκ
1224 1855 1357 1942 πυρείων,

133 1949 284 2035 ἐκλάμψαι
314 1949 489 2039 ποιήσαιμεν
508 1949 565 2038 τήν
586 1948 785 2036 δικαιοσύνην
808 1967 838 2016 ot
857 1957 999 2033 sortasse
1026 1977 1126 2016 aecum
1152 1967 1284 2021 invicem
1311 1961 1358 2020 etta

132 2071 341 2142 comparantes
360 2071 390 2119 at
405 2061 501 2119 veluti
517 2061 707 2135 collidentes,
726 2057 906 2140 ffca‘omue,
934 2063 988 2132 ot,
1017 2064 1165 2136 tanquam
1182 2079 1197 2117 e
1216 2061 1356 2136 cilicibus,

95 2137 98 2150 Ι
132 2159 250 2219 eluceat
268 2182 304 2218 aa
320 2166 362 2220 iia
371 2164 514 2236 justitio.
526 2183 541 2214 ο
566 2153 596 2236 l)

410 2353 467 2411 De
493 2361 664 2412 ratione
690 2363 728 2411 et
754 2351 1090 2428 cupiditatibus.

172 2549 368 2610 Praemittitur
388 2544 602 2608 animadversio
620 2567 636 2607 e
655 2549 785 2629 gentium
804 2545 904 2606 indole
924 2545 1025 2619 ducta,
1044 2566 1118 2623 quae
1134 2567 1195 2606 rem
1216 2550 1248 2608 in
1268 2550 1355 2632 primis

130 2649 266 2710 illustrat.
314 2669 328 2701 t<
339 2647 443 2708 Nonne
464 2667 578 2707 necesse
598 2661 640 2706 est
650 2693 659 2722 ,
680 2647 794 2728 inquit,
816 2644 965 2717 confiteri,
986 2643 1103 2702 eosdem
1120 2645 1153 2703 in
1172 2646 1258 2706 nobis
1278 2650 1354 2730 ipsis,
1431 2651 1432 2654 ’

129 2769 200 2827 quos
231 2748 264 2806 in
293 2747 432 2820 civitate,
453 2763 544 2808 mores
570 2747 689 2807 inesse?
729 2746 828 2824 Neque
857 2744 940 2826 enirn·
962 2737 1083 2799 aliunde
1103 2741 1150 2800 illi
1170 2744 1202 2802 in
1220 2747 1354 2807 civitatem

131 2845 288 2905 venissent.
331 2843 500 2904 Ridiculum
529 2844 637 2925 quippe
669 2857 759 2917 esset,
789 2845 814 2902 si
845 2843 910 2921 quis
938 2829 975 2899 td
998 2835 1163 2917 θυμοειδὲς
1190 2847 1354 2905 existimaret

130 2964 190 3002 non
210 2963 225 3000 e
244 2943 367 3024 privatis
386 2941 574 3012 hominibus,
595 2963 717 3022 quorum
738 2940 815 3002 idem
834 2953 907 2999 esset
926 2961 959 3001 ae
979 2937 1124 2999 Thracum
1146 2955 1174 3002 et
1192 2932 1352 3024 Scythamm

128 3041 296 3120 ingenium,
318 3042 349 3099 in
377 3041 523 3100 civitatem
551 3039 736 3121 pervenisse,
758 3053 808 3099 aut
835 3029 873 3098 td
896 3034 1081 3120 φιλομαθὲς,
1112 3063 1173 3100 nou
1194 3063 1210 3100 e
1229 3042 1281 3101 tali
1298 3042 1352 3122 pri·
1429 3051 1430 3054 ’

129 3151 261 3198 vatorum
286 3135 405 3212 indole,
426 3137 522 3217 qualis
552 3137 636 3198 uobis
662 3151 704 3197 est
723 3139 826 3198 natura
845 3137 954 3201 tributa
965 3188 973 3217 ,
994 3158 1044 3202 aut
1061 3133 1096 3200 cd
1118 3134 1351 3222 φιλοχρήματον,

128 3257 189 3295 non
210 3255 246 3294 ex
267 3255 299 3294 ea
319 3234 500 3316 singulorum
518 3233 670 3295 hominum
691 3236 851 3317 cupiditate
862 3285 871 3314 ,
892 3259 947 3319 qua
966 3263 1028 3301 esse
1047 3240 1188 3308 dicuntur
1207 3243 1351 3303 Phoenices

127 3347 157 3392 et
187 3333 373 3414 Aegyptiilu
403 3331 436 3412 2)
475 3331 531 3392 Hic
561 3348 656 3392 autem
684 3333 813 3395 Socrates
841 3340 1002 3398 necessario
1029 3341 1137 3419 requiri
1169 3340 1349 3419 addisqnisi-

127 3431 236 3491 tionem
262 3431 464 3511 distinguendi
494 3430 696 3512 diligentiam,
718 3433 809 3494 videt.
856 3437 945 3496 «Hoc
962 3437 1071 3518 igitur,
1092 3439 1152 3514 ait,
1174 3439 1215 3498 sic
1235 3459 1292 3499 sese
1308 3437 1348 3495 lra-

126 3527 176 3588 bet
205 3549 257 3588 nec
289 3527 411 3588 difficile
436 3530 561 3590 inventu
592 3543 651 3606 est;
683 3530 763 3592 illud
793 3553 861 3594 vero
882 3533 1020 3612 difficile,
1043 3550 1140 3596 utrum
1159 3557 1219 3596 unc
1239 3536 1349 3616 quodam

86 3659 90 3670 ·
125 3625 284 3706 eodemque
305 3625 375 3686 haec
395 3627 510 3709 singula
531 3649 665 3708 agamus,
687 3619 838 3704 an,'cum
869 3634 924 3691 tria
944 3634 1022 3709 sint,
1043 3634 1127 3694 aliud
1147 3636 1216 3695 alio.
1256 3637 1347 3694 Utrum

124 3723 184 3784 alio
211 3734 328 3800 eorum,
358 3748 430 3805 quae
456 3725 541 3786 nobis
568 3725 688 3802 insunt,
720 3727 883 3805 discamus,
905 3731 962 3791 alio
988 3734 1161 3809 irascamur,
1181 3735 1267 3793 tertio
1291 3751 1345 3790 con·

124 3823 323 3902 cupiscamus,
345 3846 381 3883 an
400 3838 459 3885 toto
481 3825 577 3884 animo
596 3825 628 3882 in
647 3823 693 3884 his
717 3826 840 3907 singulis
867 3849 1070 3891 moveamur.»
1092 3830 1126 3911 3)
1165 3831 1348 3911 Distinguitur

125 3941 192 4001 ergo
221 3923 346 4002 primum
376 3931 492 3982 retica
518 3924 746 4001 cupiditatibus.
788 3927 864 3994 Nam
878 3941 944 4008 post
963 3928 1082 4009 longum
1103 3929 1140 3988 de
1159 3924 1345 4010 distinguendi
1425 3955 1426 3969 ο

124 4019 236 4078 ratione
265 4020 392 4100 optima,
423 4035 485 4081 tum
521 4023 607 4082 etiam
635 4017 672 4080 d'e
701 4021 772 4102 ipsis
800 4025 1013 4104 cupiditatibus
1039 4047 1218 4104 sermonem,
1247 4027 1346 4086 animus
1424 4077 1425 4080 ,

124 4201 379 4214 ———-—-

158 4323 687 4396 ummmmu-mc

156 4410 567 4478 amma-mn

155 4495 438 4562 amman
