2898 5120
646 211 703 272 527

82 380 191 442 absolvit
215 377 339 442 tandem.
380 378 495 453 Quoia
515 379 626 459 nogotio
647 378 720 458 quid
739 380 840 440 amoris
859 379 929 455 illo,
951 397 1035 457 quem
1052 363 1208 453 describit,
1227 375 1277 438 fu·
1373 423 1377 438 .

80 501 135 540 rore
156 478 340 560 spectaverit,
368 499 383 537 e
409 477 547 536 Phaedro
576 490 604 537 et
631 477 783 558 Symposio
811 476 995 559 intelligitur.
1046 467 1214 555 Πάνδημος
1234 488 1277 535 est

79 578 124 638 iste
142 575 265 651 seilicet,
285 576 335 656 qui
359 575 504 636 hominem
528 575 568 634 sic
587 574 624 634 ad
647 576 825 656 turpissima,
847 589 879 634 ut
897 569 1029 653 οὐράνιος
1050 576 1088 637 ad
1105 576 1277 658 pulcerrima

79 699 192 760 quaeque
218 693 247 739 et
273 679 489 755 honestissima,
518 679 647 740 adducit.
688 680 769 740 Idem
799 693 893 740 autem
921 679 972 738 ille
1000 681 1068 742 vilis
1095 680 1277 759 abjectusque

79 799 163 854 amor,
184 794 215 839 ut
244 781 276 838 in
301 778 440 838 Phaedro
460 779 571 859 poetica
590 793 632 838 est
649 779 759 839 ratione
778 779 957 860 descriptus,
978 780 1017 837 ita
1037 778 1085 838 hle
1100 776 1277 860 'philosophi

78 875 153 936 hacce
176 877 210 938 de
238 890 341 937 natura
372 876 500 943 ‚humana
530 876 748 955 disquisitione,
779 875 921 953 efficitur,
951 877 1044 956 qualis
1075 879 1112 938 sit
1139 876 1275 958 proprie,

77 995 203 1054 quamque
212 974 315 1035 vimad
322 987 445 1034 caeteras
460 974 631 1055 cupiditates
642 996 738 1036 omnes
748 974 946 1036 incendendas
965 965 1112 1056 totumque
1130 975 1275 1034 hominem

77 1083 101 1130 et
117 1072 265 1152 regendum
284 1073 400 1152 tyranni
409 1073 506 1150 instar
525 1085 553 1131 et
571 1074 687 1155 penitus
704 1072 962 1154 corrumpendum,
984 1074 1096 1135 habeat.
1137 1073 1200 1147 Quo
1219 1091 1275 1130 ma·

78 1169 112 1246 gis
128 1170 231 1230 ethicae
247 1170 341 1230 locum
357 1170 565 1252 philosophus,
586 1172 637 1252 qui
654 1185 696 1231 est
722 1171 758 1231 de
776 1171 934 1232 virtutibus
953 1193 985 1231 ae
1002 1173 1083 1234 vitiis
1101 1172 1281 1248 maximeque

78 1264 108 1324 de
123 1268 206 1326 arrimi
223 1268 446 1350 depravatione,
466 1268 553 1350 plene
571 1283 704 1330 tractasse
725 1269 851 1331 videtur.
897 1268 954 1330 Sed
973 1270 1005 1330 in
1024 1271 1084 1331 vita
1102 1269 1281 1350 potissimum
1301 1274 1303 1281 ’

78 1366 209 1442 tyrannici
239 1367 296 1428 viri
321 1367 369 1426 hic
397 1365 531 1428 stimulus
551 1369 653 1431 amotis
672 1381 809 1450 apparet:
830 1365 907 1448 quod
918 1413 926 1444 ,
944 1389 1012 1448 age,
1032 1366 1177 1428 describat
1196 1365 1282 1426 nobis

75 1459 197 1546 deinceps
217 1465 354 1527 Socrates.
1233 1479 1238 1490 ·

403 1661 529 1727 ,Vtra
557 1671 648 1722 viri
677 1672 916 1744 tyrannici.

113 1863 171 1924 «Fit
186 1866 291 1948 igitur,
306 1865 366 1941 ait,
384 1865 461 1926 hunc
481 1866 514 1928 iu
532 1867 651 1928 modurn·
663 1867 729 1928 talis
742 1869 797 1944 vir.
819 1868 876 1944 Qui
897 1881 990 1928 autem
1010 1887 1042 1926 eo
1059 1879 1273 1947 pervenerpnt,

73 1961 141 2022 lestis
148 2008 157 2038 ,
170 1963 439 2040 comessationibus,
453 1966 666 2046 congressibus,
677 1968 777 2027 scortis
787 1967 961 2047 caeterisque
970 1963 1134 2044 hujusmodi
1144 1964 1278 2050 omnibus

73 2059 221 2142 indulgent,
240 2051 283 2124 ὧν
301 2054 448 2146 ἂνἜρως
466 2056 607 2146 τύραννος
622 2057 706 2127 ἔνδον
722 2063 808 2126 οἰκῶν
822 2057 1018 2150 διοοιυβερνῴη
1040 2056 1079 2124 soi
1098 2061 1154 2144 τῆς
1173 2060 1280 2143 ψυχῆς

72 2149 185 2220 ἅπαντα·
223 2187 350 2245 quorum
377 2174 529 2246 tyrannus
561 2167 669 2244 Amor,
698 2175 784 2228 intus
811 2175 909 2228 enims·
935 2168 1065 2226 incolens
1089 2166 1277 2243 penetralia,
1376 2203 1377 2210 .

72 2270 150 2343 regit*
165 2272 274 2324 omnio.
333 2264 432 2344 Itaque
461 2265 566 2326 multae
598 2266 659 2327 dies
693 2280 845 2346 noctesque
875 2265 1057 2326 vehementes
1085 2261 1275 2342 cupiditates,

71 2360 210 2421 multorum
227 2360 364 2443 indigae,
385 2362 543 2444 pullulant.
585 2365 649 2426 Cito
675 2365 779 2446 igitur,
801 2365 825 2424 si
845 2364 894 2443 qui
920 2377 1075 2445 proventus
1094 2359 1277 2436 exstiterint,

73 2474 276 2520 consumuntur.
318 2461 384 2520 Post
411 2460 481 2520 haee
511 2463 610 2542 utique
639 2464 756 2524 foenora
783 2477 813 2523 et
830 2463 995 2545 patrimonii
1015 2459 1175 2541 dissipatio.
1216 2458 1275 2518 Ubi

71 2575 128 2615 vero
152 2557 293 2618 deliciunt
319 2559 433 2634 omnia,
464 2581 581 2620 necesse
596 2576 637 2623 est
655 2562 826 2644 cupiditates
845 2561 996 2624 vociferari
1015 2571 1100 2638 atque
1119 2557 1274 2634 conqueri,

70 2671 130 2729 qnae
147 2657 273 2735 ‘quidem
292 2656 455 2735 frequentes
482 2657 669 2740 ardentesque
698 2662 731 2720 in
758 2658 1072 2735 animo·delitescunt;
1105 2648 1212 2727 αὐτούς
1246 2653 1277 2735 l)

70 2745 93 2808 d
107 2744 199 2838 ὥοπερ
219 2747 282 2824 ὁμο
303 2749 431 2837 κέντρων
452 2749 672 2835 ἐλαυνομένους,
694 2758 755 2820 τῶν
775 2780 806 2820 τε
825 2749 921 2834 ἄλλων
938 2751 1120 2835 ἐπιθυμιῶν,
1141 2754 1190 2818 καὶ
1207 2754 1274 2816 δια-

70 2847 206 2933 φερόντως
231 2849 282 2917 ὑπ’
304 2850 396 2917 αὐτοῦ
421 2855 476 2917 τοῦ
494 2849 643 2941 Ἔρμτος,
667 2853 773 2936 πάσαις
794 2863 859 2935 τοῖς
880 2852 996 2933 ἄλλοις,
1009 2851 1117 2941 ὥσπερ
1139 2853 1275 2942 δορυφό-

70 2975 135 3033 ροις,
154 2952 332 3041 ἡγουμένου,
356 2957 488 3040 οἰστρᾶν·
508 2969 586 3042 ipsos
602 2974 721 3038 eutem,
741 2966 836 3023 veluti
858 2963 992 3021 stimulis
1014 2964 1189 3041 quibusdem
1206 2967 1277 3040 ogi-

68 3064 152 3135 totos,
181 3084 252 3121 cum
287 3069 415 3120 coeteris
451 3062 644 3137 libidinibus,
675 3071 740 3136 tum
766 3069 829 3144 ipso
850 3068 1035 3140 praesertim
1063 3062 1192 3146 Amore,
1224 3066 1277 3137 qui

68 3157 181 3234 reliquis
194 3161 352 3234 omnibus,
373 3169 519 3238 tanquam
537 3162 619 3236 dua,
635 3169 775 3241 praeest,
796 3167 830 3235 irc
840 3162 989 3236 furorem
1007 3161 1107 3239 adigi,
1129 3158 1279 3236 afferrique

68 3251 99 3312 ed
123 3257 351 3337 explorandum,
381 3259 405 3317 si
434 3259 499 3336 quis
526 3258 684 3339 quidquam
701 3256 862 3340 possideat,
882 3256 961 3338 quod
980 3256 1028 3317 vel
1048 3255 1150 3316 fraude
1169 3255 1276 3337 surripi

68 3350 108 3409 vel
125 3355 154 3414 ri
173 3355 248 3436 eripi
267 3356 365 3436 possit.
406 3357 484 3415 Hine
510 3357 605 3432 furta,
626 3356 695 3416 hine
716 3358 853 3438 rapinae,
873 3337 943 3416 hinc
963 3357 1082 3415 erimina
1103 3369 1131 3414 et
1150 3354 1276 3434 flagitia,

69 3460 94 3505 ut
118 3453 213 3512 ausint
242 3451 313 3512 adeo
341 3452 466 3512 et'domi
484 3468 617 3534 parentes
636 3453 806 3516 verberibus
825 3453 944 3513 caedere
962 3467 991 3512 et
1006 3455 1078 3514 foris
1097 3454 1278 3534 magistratus

67 3542 186 3626 laedere,
207 3551 271 3632 ipsa
289 3549 360 3609 adeo
379 3553 503 3611 Deorum
523 3552 629 3632 templa
647 3573 680 3610 ae
698 3572 777 3611 saera
794 3551 941 3611 violare.»
965 3549 996 3632 2)

100 3647 174 3720 Quae
201 3669 270 3711 vero
297 3649 413 3708 nomine
439 3647 565 3709 dicenda
592 3650 624 3708 in
651 3650 770 3710 civitate
795 3637 913 3709 liheitas
941 3649 992 3724 sit,
1013 3668 1028 3706 e
1047 3646 1222 3726 tyrannide,
1243 3659 1275 3706 ut
1312 3721 1315 3730 Ι

67 3739 199 3826 descripta
218 3769 235 3806 a
254 3745 375 3806 Platone
393 3763 451 3823 est,
474 3746 549 3808 effici
576 3748 608 3807 in
634 3748 734 3828 primis
753 3769 849 3829 posse,
869 3745 1143 3823 animadvertimus,
1165 3765 1202 3806 ex
1221 3744 1275 3806 hac

65 3853 149 3903 autem
178 3844 327 3924 tyrannici
356 3844 413 3906 viri
443 3845 635 3928 descriptione
662 3868 722 3905 non
751 3832 866 3922 minus,-
896 3843 998 3919 credo,
1030 3864 1102 3924 quae
1132 3844 1275 3921 hominis,

64 3935 133 4014 tire,
154 3956 186 4001 ut
215 3959 274 4002 nos·
293 3942 454 4020 loquimur,
474 3943 599 4004 mordlis
616 3946 654 4004 sit
678 3945 815 4021 libertas,
835 3943 1019 4023 intelligitur.
1060 3941 1179 4005 Ethicae
1196 3941 1275 4023 apud

64 4038 261 4124 condoctores
287 4041 432 4101 homiuem
461 4062 520 4102 esse
546 4043 650 4130 dicunt
679 4057 811 4104 naturam
846 4041 999 4118 moralem,
1027 4039 1135 4122 quippe
1159 4039 1275 4100 moralis

65 4200 310 4220 Ἢ

93 4295 115 4361 1)
134 4301 172 4354 sic
189 4302 327 4382 legendum
345 4319 394 4371 pro
411 4290 479 4371 τους
495 4305 604 4358 videtur.

91 4391 119 4458 2)
137 4399 173 4449 oe
190 4399 253 4469 nep.
270 4401 312 4454 rx.
331 4398 389 4452 ars.
405 4397 476 4452 c-
494 4397 552 4450 era.
571 4397 600 4448 n.
