2950 5134
634 268 672 328 53

72 431 188 509 idemque
206 431 239 488 in
257 429 408 510 deperdita
428 428 574 508 tragoedia
595 429 783 502 Pbudtlronto
802 431 835 488 iu
864 430 965 510 primis
985 431 1036 490 illa
1065 453 1181 492 ornasse
1209 432 1295 492 vide-

71 545 117 588 tur.
157 527 314 607 Eprologo
333 526 403 586 haec
423 541 533 586 servata
551 542 637 587 sunt:
660 526 689 607 l)
768 581 770 592 „
1050 513 1062 552 '¹

310 617 348 705 ἧν
370 623 403 684 ἐκ
422 622 597 706 τεθρίππων
618 618 761 710 ἁρμάτων
782 619 905 707 πρώτην

304 721 406 800 Ἥλιος
427 720 558 805 ἀνίσχων
579 721 695 812 χρυσέη
715 720 804 812 βώλῳ
827 722 933 807 φλέγει.

72 830 206 908 liquibus
224 844 252 889 et
271 829 415 888 similibus
434 829 589 910 proficiens
609 829 733 890 Ovidius
744 876 752 904 ,
773 829 942 889 admirabili
974 844 1033 889 arte
1064 832 1118 890 iter
1146 831 1298 912 descripsit

73 929 143 998 Solis.
191 927 293 986 Simile
319 941 360 986 est
387 928 441 986 hoc
471 927 526 986 iter
552 927 633 988 Jovis
662 933 896 1007 caeterorumque
911 929 1045 987 Deorum
1073 929 1297 1002 excellentium,

74 1049 131 1105 quos
148 1026 244 1086 eadem
263 1027 363 1108 specie.
376 1039 539 1104 sequuntur
558 1025 648 1083 animi
670 1025 800 1085 humani.
844 1027 1014 1086 Escendunt
1034 1027 1064 1084 hi
1086 1029 1155 1088 item
1174 1030 1206 1087 in
1231 1047 1297 1088 coe-

76 1126 124 1183 lum
140 1125 223 1186 certis
241 1123 435 1204 temporibus,
457 1137 489 1182 ut
506 1122 656 1197 Phoebus,
679 1145 739 1182 non
763 1124 888 1203 singulis
907 1123 1029 1197 diebus,
1051 1126 1101 1185 sed
1126 1147 1203 1185 anno
1230 1147 1298 1204 quo-

75 1246 119 1301 que
134 1238 173 1282 ter
185 1222 352 1296 millesimo,
374 1236 401 1282 et
416 1221 579 1303 spectaculo
593 1220 656 1280 illic
672 1223 812 1282 fruuntur
827 1221 1121 1301 magnificentissimo.
1144 1223 1179 1282 ln
1192 1224 1315 1302 quibus·

76 1319 277 1395 describendis,
297 1319 483 1399 philosophos
501 1320 570 1380 item
598 1319 732 1380 habuisse
755 1321 874 1380 videtur
903 1320 1001 1395 Plato,
1030 1341 1101 1399 quos
1127 1322 1296 1382 imitaretur.

76 1421 181 1484 Exstant
195 1433 271 1478 certe
288 1419 321 1477 in
334 1417 517 1498 Empedoclis
535 1431 563 1478 et
578 1417 758 1480 Parmenidis
775 1419 957 1498 fragmentis,
968 1439 1041 1496 quae
1061 1408 1209 1478 notionem
1226 1439 1298 1478 con-

75 1520 173 1576 tineant
201 1539 360 1595 equorum·
379 1537 548 1595 οαννακηαα
575 1508 704 1595 εὐηνίου,
734 1517 841 1596 quibus
868 1518 981 1574 animus
1011 1517 1139 1577 vehatur.
1176 1516 1209 1597 2)
1240 1517 1297 1576 Sed
1392 1589 1397 1596 ἡ

76 1617 133 1674 alias
155 1617 219 1674 item
247 1617 281 1675 in
304 1616 350 1675 his
377 1629 405 1676 et
428 1616 547 1676 aliunde
577 1618 716 1697 imagines
744 1614 906 1674 adhibuit„
932 1617 973 1673 Ne
997 1615 1105 1688 dicam,
1122 1615 1160 1673 de
1183 1615 1299 1687 enerci-

76 1729 101 1772 tu
126 1714 155 1772 iu
180 1715 293 1793 agmina
321 1713 492 1798 distributo,
522 1716 569 1772 cui
594 1735 720 1774 summus
747 1727 858 1795 praeest
887 1715 919 1771 in
948 1713 1027 1772 coelo
1049 1713 1157 1771 duret
1177 1713 1295 1793 impera·

76 1828 133 1874 tor:¹
152 1812 356 1892 aurigationem
378 1812 468 1870 animi
492 1815 625 1886 ⁴certatim
649 1813 825 1885 instituunt,
853 1825 883 1869 ut
903 1821 1015 1869 certant
1040 1811 1118 1892 apud
1142 1812 1297 1870 Homerum

76 1911 183 1989 aurigae.
225 1911 283 1968 Nec
312 1931 379 1969 uero
408 1908 583 1990 negligenda
602 1926 663 1985 est,
692 1933 764 1989 quae
792 1909 872 1969 chori
894 1909 926 1967 sit
951 1923 977 1967 et
1002 1899 1153 1967 initiorum
1180 1911 1297 1968 mentio.

77 2011 137 2070 Deos
161 2006 320 2086 sequuntur
347 2007 437 2066 animi
466 2021 494 2067 et
521 2009 639 2068 student
662 2010 787 2082 imitari,
808 2020 967 2086 sequuntur
994 2021 1107 2080 autem,
1139 2021 1170 2066 ut
1195 2009 1298 2066 chure-

77 2128 115 2184 gos
140 2127 219 2180 suos,
249 2107 330 2184 quasi
360 2105 461 2164 choros
489 2127 554 2165 cum
583 2107 647 2165 Diis
677 2106 855 2166 celebrantes
883 2107 915 2164 in
943 2107 1029 2163 sacris
1064 2104 1298 2164 hisce'omnium

77 2205 283 2284 argentissimis3
296 2194 387 2284 'quin
415 2204 500 2262 etiam
530 2205 686 2265 initiantur
715 2204 858 2284 mysteriis
886 2204 975 2262 animi
1003 2224 1102 2264 verum
1135 2204 1298 2278 intuendo,

77 2323 188 2381 quaeque
206 2303 270 2361 illic
290 2302 428 2362 viderunt
448 2297 587 2362 ἐποπτικα
595 2349 605 2376 ,
628 2321 725 2366 eorum
741 2304 773 2361 in
788 2302 841 2364 hac
857 2303 917 2362 vita
932 2303 1098 2361 etiamnunc
1114 2317 1182 2362 sunt
1196 2324 1298 2363 memo·

79 2422 120 2460 res.
159 2392 252 2461 hidda
275 2423 306 2461 ra
327 2400 376 2461 rai
398 2400 547 2465 ἐτελοῦντο
569 2397 761 2482 τελεταῖνῆν
783 2395 874 2478 θέμις
894 2394 984 2480 λέγειν
1004 2395 1239 2483 μακαριωτάτην·
1261 2398 1299 2483 ἢν

79 2492 244 2580 α’ργιάζομεν
266 2496 421 2587 ὁλόκληροι
441 2503 497 2585 μὲν
519 2501 601 2567 αὐτοὶ
624 2499 705 2578 ὄντες
726 2501 774 2564 καὶ
796 2497 924 2576 ἀπαθεῖς
944 2502 1062 2576 κακῶν,
1086 2495 1143 2564 ὅσα
1163 2497 1298 2590 η’μτῖςηέν

79 2594 177 2689 ὑστέρην
200 2599 304 2691 χρόνῳ
330 2601 475 2686 ὑπέμενεν·
504 2598 655 2692 ὁλόκληρα
682 2604 787 2667 δὲκαὶ
808 2598 887 2664 ἁπλοῖ
910 2601 960 2666 καὶ
987 2591 1103 2686 α’τρεμῆ
1126 2604 1175 2666 καὶ
1197 2600 1297 2666 eddad-

79 2727 140 2778 μονα
156 2700 299 2786 φάσματα
322 2704 485 2788 μυούμενοί
509 2735 540 2772 τε
569 2711 618 2772 καὶ
645 2702 850 2781 &romariorum
871 2704 903 2766 ἐν
924 2701 1003 2792 αὐγῇ
1023 2708 1147 2792 καθαρᾷ
1166 2707 1297 2789 καθαροὶ

81 2800 151 2882 ὄντος.
172 2808 203 2889 3)
246 2810 293 2870 Sic
311 2812 398 2892 plena
417 2828 458 2872 est
476 2813 650 2894 pulcerrima
670 2812 825 2892 descriptio
843 2801 1217 2890 poeticarum‘imaginum3
1246 2810 1296 2885 sed
1355 2827 1358 2836 ’

79 2909 239 2990 adaptantur
253 2912 323 2969 haec
351 2911 524 2971 mirabiliter
546 2912 722 2993 gravissimis
741 2907 906 2990 philosophi
936 2906 1061 2987 placitis.
1104 2907 1192 2966 Haud
1219 2909 1297 2967 enim

81 3007 99 3062 is
114 3022 211 3068 temere
229 3008 366 3088 fingendo
385 3008 512 3072 evolavit
532 3013 698 3089 incertoque
709 3019 837 3087 *vagatus
856 3019 898 3064 est
908 3051 916 3078 ‚
940 3019 971 3063 ut
988 3006 1143 3086 splendida
1166 3025 1295 3084 quaeque

81 3120 296 3186 persequeretur,
317 3122 512 3186 assequeretur
531 3110 639 3168 inania.
681 3109 759 3166 Haec
779 3105 852 3164 ratio
878 3104 935 3162 fuit
958 3104 1121 3183 posterioris
1148 3103 1212 3161 aeui
1234 3103 1305 3184 phi·-

83 3199 256 3285 lusophorum.
298 3204 379 3264 Plato
398 3227 486 3282 aero,
510 3227 699 3286 quaecunque
720 3204 767 3265 uel
786 3204 846 3283 ipse
866 3201 953 3260 finxit
980 3201 1134 3275 sublimia,
1164 3199 1296 3262 rellicta

82 3298 109 3356 ab
131 3302 192 3362 aliis
219 3302 380 3362 illustravit
405 3307 595 3384 ornavitque,
626 3305 696 3364 haec
725 3302 822 3362 omnia
842 3297 978 3358 adhibuit
1004 3299 1041 3359 ad
1071 3300 1132 3360 veri
1162 3298 1296 3378 disquisi-

83 3398 189 3476 tionem,
208 3423 267 3480 quo
292 3401 379 3480 magis
404 3402 562 3462 illustraret
590 3404 760 3463 sententiam
789 3419 878 3460 suam.
926 3397 1013 3457 Unde
1041 3398 1138 3457 lumen
1167 3397 1297 3456 Platoni·

83 3514 123 3552 cae
136 3498 350 3580 philosophiae,
365 3500 443 3578 quod
461 3503 538 3560 omni
556 3523 626 3561 aevo
642 3501 767 3561 advertit
784 3493 979 3580 philosophos.
1001 3496 1098 3574 Neque
1119 3496 1176 3555 alio
1192 3508 1299 3576 spectat

84 3593 215 3673 sublimis,
235 3619 319 3677 quem
344 3597 598 3675 adumbravimus,
620 3601 652 3659 in
679 3596 807 3657 Phaedro
835 3593 946 3672 μῦθος.
988 3595 1121 3676 Refertur
1150 3591 1202 3651 ille
1223 3606 1303 3678 totus

86 3691 113 3748 ad
133 3695 302 3775 explicanda
321 3696 505 3773 evidentius,
526 3720 599 3780 quae
618 3699 654 3758 de
673 3697 789 3756 homine
809 3693 969 3767 sentiebat,
997 3691 1088 3770 deque
1109 3691 1169 3768 ejus
1190 3705 1217 3749 et
1237 3691 1299 3771 pri·
1361 3741 1362 3750 ,

86 3789 146 3849 stino
162 3807 234 3862 statu
253 3808 281 3852 et
300 3809 447 3874 praesente
476 3796 644 3856 conditione
671 3815 703 3854 ac
733 3795 838 3853 futura.
886 3793 923 3857 Et
940 3811 1035 3863 aero,¹
1053 3809 1125 3874 quae
1145 3786 1300 3868 diligenter

86 3883 176 3949 deinde
201 3894 334 3974 exposuit
360 3894 542 3955 descientia
571 3910 599 3954 et
627 3894 783 3974 opinione,¹
804 3894 840 3953 de
862 3889 1059 3964 recordatione
1078 3899 1106 3944 et
1125 3884 1299 3966 disciplina,

87 3980 115 4039 de
131 3989 212 4049 animi
232 3991 349 4050 omnino
368 4007 470 4053 natura
489 4008 517 4052 et
534 3993 627 4053 tribus
646 3991 849 4073 ejuspartibus
859 4037 867 4064 ‚
886 3986 931 4071 aqi
952 3982 1178 4070 ἐπιθυμητικῷ,
1197 3986 1299 4062 θυμο-

89 4079 143 4141 edai
160 4087 204 4147 καὶ
228 4085 323 4173 λόγῳ,
351 4093 586 4169 cupiditatibus,
615 4098 751 4163 ratione,
782 4097 855 4161 τ’να,
886 4090 934 4167 qui
967 4089 1045 4147 locus
1074 4087 1130 4146 late
1161 4100 1238 4166 patet
1268 4087 1299 4142 in

101 4239 334 4258 *Qu——

120 4325 139 4389 ¹)
154 4329 205 4384 vu.
223 4336 312 4387 varen.
335 4335 420 4412 οαοτ
435 4353 460 4403 p.
480 4334 520 4386 ar.

119 4410 140 4474 2)
156 4415 217 4470 hoca
234 4419 427 4488 apposuisset,
448 4423 481 4472 ud
500 4421 606 4472 Phaedr.
629 4439 655 4487 p.
676 4421 734 4474 29l.

121 4493 141 4556 3>
158 4500 252 4556 κατα.
271 4505 332 4562 aso.
353 4503 380 4555 c.
723 4501 725 4505 ·
