2838 5120
723 233 783 292 248

136 393 306 476 perficiant,
327 393 479 454 dialectica
497 407 628 453 utuntur.
660 395 747 454 Nulla
767 415 811 454 res
830 409 872 454 est
890 395 1038 475 profecto,
1059 414 1116 471 qua
1134 395 1351 474 magisateneris

138 506 261 550 mentem
288 506 413 554 nostram
439 491 620 574 explicamus
650 493 851 572 acuimusque,
876 511 962 570 quam
989 511 1080 595 sermp
1109 489 1351 567 mutuus:'nulla,

74 595 75 600 ’
139 613 196 670 qua
226 589 341 648 facilius
369 588 571 670 efficaciusque
598 612 615 649 a
645 591 776 652 sensibus
805 613 856 652 nos
882 589 920 650 ad
948 610 1000 665 ea,
1026 611 1100 668 quae
1119 590 1179 650 sola
1197 591 1352 671 cogitatione

139 688 328 767 assequimur,
348 709 524 750 revocamus.
556 678 701 770 ’'Opyuaoo
721 711 789 750 vero
808 687 904 763 illud,
924 685 1002 768 quod
1021 689 1258 764 memoravimus,
1277 689 1353 770 ipsius

127 781 192 845 'ille
219 794 316 844 enimi
345 789 465 863 mulus,
495 798 644 851 sacrantis
671 791 765 852 oeulis
786 795 906 866 potior,
927 805 984 866 quo
1001 785 1120 847 tandem
1136 785 1222 848 modo
1243 808 1292 868 per
1307 805 1354 844 ma·
1405 825 1406 832 .

139 885 307 944 thematicas
336 897 411 944 artes
439 885 477 947 ad
508 907 608 950 verum
627 887 809 948 cernendum
826 887 944 968 purgari
960 885 1082 964 acuique
1102 898 1212 966 posset,
1233 887 1257 945 si
1274 897 1354 944 muue

140 981 193 1040 hae
223 996 335 1057 essent,
356 1004 410 1042 nec
440 1005 497 1044 vox
515 986 663 1048 accederet
682 988 743 1050 sive
759 983 891 1046 docentis
907 984 969 1046 sive
989 982 1184 1058 discentium,
1205 984 1268 1046 sive
1283 983 1355 1044 edan
1406 1002 1407 1050 t

140 1081 227 1138 tacita
254 1080 354 1156 illius,
375 1083 425 1160 qui
454 1083 514 1163 ipse
537 1105 632 1144 secum
655 1086 688 1144 in
708 1082 849 1144 discendo
868 1083 1067 1162 colloquitur?
1108 1079 1167 1142 Sed
1190 1095 1222 1142 ut
1240 1082 1354 1141 sermooi·

142 1177 241 1238 nando
258 1181 435 1258 assequimur
454 1183 578 1242 maxime
594 1183 668 1244 hene
687 1179 834 1263 cogitandi
854 1179 1030 1260 dicendique
1049 1193 1154 1268 artem,
1168 1179 1210 1239 ita
1224 1193 1354 1259 utramque

142 1276 217 1335 hanc
236 1291 326 1336 artem
345 1280 547 1361 complectitur
566 1271 733 1358 dialectica,
754 1295 852 1360 estque
871 1274 925 1364 illa
940 1264 1351 1360 unadisciplinarumomniuu

142 1374 264 1434 maxime
284 1367 386 1436 efficax
407 1379 529 1438 eumad
549 1380 611 1439 veri
629 1377 835 1458 assequen'dam
858 1379 1027 1453 scientiam,
1048 1391 1110 1436 tum
1126 1375 1262 1456 adhunc
1281 1378 1351 1438 scien·
1407 1388 1408 1460 l

140 1473 210 1531 tiam
237 1493 302 1532 eum
330 1471 396 1536 aliis
424 1457 702 1538 communicandam.
744 1476 781 1548 Iu
810 1475 857 1536 his
894 1476 1012 1556 quidem
1026 1475 1179 1536 'Platonem
1197 1473 1288 1535 altius
1304 1495 1356 1556 spe-
1407 1477 1408 1500 ³

142 1584 231 1630 ctasse
258 1594 343 1651 quam
362 1572 462 1634 Socrut
516 1596 630 1650 ‚nemo
649 1587 710 1650 est,
731 1576 805 1654 quin
824 1589 925 1656 sponte
943 1573 1052 1636 videat.
1093 1572 1227 1636 Socrates.
1239 1594 1287 1632 res
1305 1571 1357 1632 illu

142 1668 279 1728 sublimes
308 1671 336 1730 et
361 1595 507 1732 diffieiffi
523 1672 703 1754 sapientibus
728 1672 866 1750 cedebat3
898 1673 959 1753 ipse
977 1694 1030 1732 sua
1052 1670 1172 1732 curabat
1192 1669 1358 1749 aliorumque

145 1768 276 1846 negotia,
296 1770 316 1828 i.
346 1791 371 1829 e.
402 1771 531 1844 animum
550 1792 633 1830 suum
652 1785 681 1832 et
700 1791 798 1831 veram
817 1771 926 1833 civium
947 1769 1211 1842 suorumsalutem.
1252 1771 1359 1830 Vema-

142 1878 238 1924 tamen
267 1881 295 1926 et
322 1867 467 1928 Socratem
489 1869 609 1950 propius
637 1867 675 1928 ad
702 1869 850 1928 Platonem
879 1868 1028 1928 accessisse
1037 1877 1055 1944 ,'
1068 1881 1097 1928 et
1114 1869 1204 1948 magis
1222 1867 1358 1928 Platonem

142 1984 158 2020 a
185 1962 300 2024 Socrate
326 1969 499 2048 profecisse,
524 1989 611 2048 quam
630 1967 719 2026 soleat
737 1966 914 2041 existimari,
935 1987 971 2024 ex
993 1967 1141 2046 utriumque
1158 1964 1286 2026 efficitur
1301 1965 1358 2046 phi·

141 2060 281 2143 losophia.
328 2065 543 2146 Relinquebat,
573 2067 682 2141 fateor,
712 2065 842 2126 Socrates
871 2087 916 2124 res
944 2064 1096 2139 sublimes,
1124 2085 1198 2144 quae
1224 2063 1357 2124 hominen

141 2181 201 2220 non
231 2177 411 2243 spectarent
444 2163 536 2224 doctis
563 2164 748 2239 hominibus,
777 2164 828 2244 qui
854 2162 901 2222 his
928 2160 1112 2244 explicandis
1141 2161 1356 2223 delectarentur:

141 2243 223 2337 hujus
243 2262 285 2319 rei
302 2263 382 2320 testis
402 2262 486 2321 nobis
506 2261 673 2343 Xenophon
692 2277 734 2323 est
748 2263 783 2320 in
802 2261 1050 2328 Memorabilibus
1071 2260 1130 2322 Sed
1148 2259 1250 2322 eodem
1268 2278 1357 2341 opere,

140 2355 243 2417 eodem
273 2359 336 2418 loeo
367 2358 531 2440 Xenophon
546 2373 686 2441 spectasse
706 2373 826 2420 testatur
843 2359 989 2420 Socratem
1008 2381 1038 2420 ro
1033 2353 1186 2440 'adordiffi
1204 2381 1234 2420 τι
1229 2352 1357 2436 ’ἀσεβὲς-

140 2453 172 2516 τί
188 2450 291 2532 nator,
312 2455 343 2518 τί
364 2451 505 2540 colognola·
524 2461 555 2518 τί
576 2455 701 2533 δίκαιον,
720 2457 751 2519 τί
770 2451 879 2521 ridden.
903 2457 932 2540 1)
973 2449 1089 2542 Ecqiiid
1110 2476 1207 2522 autem
1231 2461 1311 2522 Plato
1332 2459 1358 2518 iu

142 2559 277 2618 omnibus
287 2561 408 2647 scriptis
424 2574 589 2642 persecutus
605 2574 647 2620 est
663 2561 855 2642 diligentium,
875 2581 961 2640 quam
979 2561 1133 2642 pulcrum,
1149 2562 1282 2639 justum,
1302 2581 1359 2618 san-

142 2671 220 2718 ctum
230 2702 238 2732 ,
260 2657 437 2720 honestum?
458 2658 534 2720 Sunt
553 2659 624 2720 haee
642 2660 704 2740 ipsa
723 2659 805 2720 ideae
823 2659 961 2718 Platonis.
982 2659 1150 2720 Platorem
1166 2673 1199 2718 ut
1215 2657 1268 2719 has
1285 2655 1359 2718 duxit
1410 2715 1411 2738 ,

140 2755 318 2816 eSoeratico
347 2758 445 2833 fonte,
465 2756 517 2818 sed
536 2758 587 2817 sua
610 2757 695 2818 uobis
715 2757 892 2818 sublimitate
912 2757 1079 2838 proposuit,
1108 2759 1149 2818 ita
1167 2778 1229 2832 nou
1247 2758 1289 2820 sic
1308 2755 1359 2816 dis·

142 2855 227 2929 cessit
253 2875 269 2912 a
289 2855 437 2934 magistro,
467 2856 540 2936 quin
558 2877 660 2936 magna
682 2855 753 2916 haec
774 2870 801 2916 et
819 2855 955 2916 sublimia
979 2855 1129 2916 hominum
1148 2855 1359 2916 accommodaret

141 2953 279 3014 societati.
319 2955 427 3015 Omnes
456 2956 519 3032 ejus
545 2953 582 3014 de
605 2955 750 3030 numeris,
770 2954 817 3015 de
842 2953 1012 3033 geometria,
1033 2939 1070 3014 de
1088 2956 1284 3030 astronomia,
1303 2953 1356 3012 har

141 3050 255 3126 monia,
285 3050 322 3130 de
351 3050 405 3112 hae
436 3053 517 3133 ipsa,
547 3073 633 3132 quam
663 3073 743 3112 nune
772 3065 951 3133 spectamus,
980 3051 1100 3112 sublimi
1130 3071 1199 3112 sane
1219 3050 1359 3113 dialectica

141 3146 324 3230 disquisitio,
353 3150 485 3210 omnium
512 3151 636 3210 maxime
664 3151 703 3214 ad
728 3151 877 3211 civitatem
905 3151 1049 3226 refertur,
1071 3164 1120 3225 ut,
1140 3152 1192 3232 qui
1211 3145 1359 3232 praefuturi

143 3260 212 3306 sunt
241 3248 354 3308 civitati
381 3247 540 3328 aliquando
570 3270 687 3329 eamque
715 3247 828 3308 beatam
860 3247 1025 3325 reddituri,
1055 3250 1172 3331 optimis
1200 3249 1360 3312 excolantur

142 3343 317 3426 disciplinis.
359 3348 452 3428 Ergo,
481 3349 507 3407 si
534 3346 658 3409 Socratis
678 3349 827 3429 quaeritur
846 3361 875 3407 et
892 3347 1022 3408 Platonis
1041 3348 1074 3406 iu
1094 3346 1248 3408 dialectica
1266 3366 1360 3429 prope·

36 3460 43 3474 '
141 3445 243 3519 situm,
271 3443 359 3524 hujus
389 3439 506 3508 videtur
533 3450 627 3525 majus
652 3446 862 3526 sublimiusque
886 3445 995 3520 luisse,
1015 3467 1032 3506 a
1050 3445 1196 3508 Socratim
1215 3467 1285 3510 vero
1301 3465 1359 3526 pru-

140 3543 234 3624 posito
255 3563 377 3625 vereque
395 3545 507 3607 homini
525 3545 643 3606 salutari
664 3567 727 3606 non
743 3543 902 3605 diversum.

160 3738 423 3802 Denrhtlsodo
445 3741 665 3814 Platonis,
695 3717 1342 3822 quaerornerrdojungirndqque

450 3843 666 3918 procedit,
697 3841 1059 3919 etrsedeanalyst.

183 4030 230 4092 Ad
246 4031 321 4094 hanc
337 4034 405 4094 item
421 4034 611 4097 excolendam
629 4035 894 4116 perficiendamque
913 4035 1099 4110 methodum,
1120 4055 1185 4096 eum
1202 4036 1286 4108 aliis,
1306 4047 1356 4094 tum

145 4153 213 4192 vero
234 4131 343 4194 Socrati
363 4131 495 4195 debuisse
514 4135 637 4196 multum
657 4135 774 4196 videtur
792 4136 883 4195 Plato.
915 4131 1079 4214 Conjuncta
1097 4135 1150 4196 illa
1170 4157 1255 4233 quam
1272 4129 1356 4216 proxi·

144 4323 396 4332 m—

177 4427 283 4490 1JXeu.
303 4431 373 4482 Mem.
393 4429 411 4480 l.
432 4429 455 4480 l.
475 4429 493 4490 §
514 4429 553 4480 16.
583 4478 589 4487 ,
672 4447 682 4462 ·
