2950 5134
766 273 805 332 20

145 473 150 482 ·
171 439 277 499 saeculi
305 438 503 498 conditionem
521 437 644 516 exigere.
684 436 748 515 Ipse
767 455 835 494 vero
846 435 896 494 uir
915 451 1040 498 summus
1058 434 1189 494 oritiom
1209 437 1253 494 sie
1272 435 1400 494 adhibuit

173 571 200 616 et
221 556 257 615 ad
276 556 372 614 literas
399 554 533 613 universe
561 565 589 610 et
617 550 655 610 ad
674 550 823 610 historiam
842 551 874 609 in
893 549 995 632 primis
1022 549 1276 630 philosophicam,
1298 565 1399 611 utnon

75 708 80 720 ι
171 673 263 731 solum
283 692 320 730 ex
338 669 469 730 lontibus
488 667 634 741 hauriret,
654 667 787 748 ipsosque
806 664 962 744 diligenter
980 665 1075 726 fontes
1091 666 1278 745 grammatica
1297 667 1400 726 ratione

174 786 352 867 explorarem
374 783 425 843 sed
442 782 571 842 indolem
591 782 756 862 pracsertim
782 780 969 860 investigaret
991 793 1019 838 et
1043 779 1209 872 linguarum
1230 793 1260 840 ct
1280 781 1401 861 gentium

174 1015 289 1095 scriptis
308 1001 436 1075 veterum
455 1025 483 1070 et
503 1012 643 1071 institutis
660 1025 688 1070 et
705 1008 893 1092 opinionibus
909 1011 994 1068 unice
1013 1023 1086 1070 esset
1103 1009 1331 1084 instituendum.
1360 1007 1400 1066 Sic

175 901 375 978 antiquarum:
397 897 473 956 hanc
497 917 563 956 vere
586 896 766 978 principium
790 915 848 954 esse
872 909 970 970 ratus,
991 893 1069 954 unde
1089 894 1238 973 judicium
1263 915 1347 955 omne
1370 893 1401 952 de

107 1159 112 1184 t
175 1129 213 1189 ad
240 1129 403 1188 interiorem
422 1128 556 1207 pervenit
584 1126 765 1204 antiquitatis
789 1123 957 1196 scientiam,
984 1118 1030 1182 sic'
1046 1123 1170 1204 optimus
1188 1125 1304 1186 exstim
1329 1123 1401 1182 anti-
1451 1181 1452 1208 ,

175 1265 297 1322 quorum
316 1243 486 1322 scriptorum
505 1243 664 1321 interpres,
685 1241 792 1320 quippe
816 1239 876 1318 ipse
895 1237 982 1318 plane
1000 1238 1136 1316 antiquus
1153 1238 1267 1298 factust
1290 1238 1332 1298 sio
1350 1257 1400 1294 our·

177 1361 247 1418 nino
257 1403 265 1433 ‚
287 1371 319 1416 ut
338 1357 410 1437 ipse.
422 1358 529 1437 pariter
552 1354 699 1428 Platonico
723 1354 823 1432 loquar
834 1399 842 1429 ‚
863 1353 972 1413 relictis
991 1353 1023 1414 in
1048 1353 1202 1435 speluncae
1222 1355 1364 1435 angustiis
1377 1367 1400 1410 et

176 1473 321 1546 tenebris,
341 1472 392 1550 qul
411 1470 490 1548 sequi
509 1469 557 1529 vel
571 1470 685 1530 nollent
703 1470 752 1531 uel
770 1489 830 1528 non
848 1482 981 1550 possent,
1004 1470 1065 1550 ipse
1084 1467 1155 1528 inde
1173 1467 1310 1530 escendit
1328 1481 1355 1526 et
1373 1467 1398 1524 iu

177 1589 270 1646 lucem
287 1585 395 1668 prodiit
414 1584 602 1663 antiquitatis.

218 1701 312 1770 Video
332 1698 467 1782 epistolae
484 1719 528 1757 me
547 1697 619 1758 fines
630 1699 690 1776 ,jam
709 1697 793 1778 longe
812 1717 974 1780 superasse3
995 1698 1046 1760 sed
1064 1719 1113 1779 age
1123 1743 1132 1774 ,
1154 1700 1201 1761 vir
1219 1697 1399 1768 amicissime,
1452 1689 1453 1734 l

178 1817 264 1876 semel
282 1816 328 1876 his
347 1815 493 1889 transitis,
514 1813 653 1906 concedas
672 1814 746 1874 mihi
768 1814 876 1888 velim,
898 1827 930 1872 ut
953 1833 1068 1894 pergam
1095 1813 1197 1874 libere.
1236 1815 1311 1876 Nam
1329 1809 1399 1890 quod

179 1932 294 1992 tandem
313 1942 509 2010 argumentum
529 1949 581 1988 nos
600 1920 688 2009 magis
702 1929 919 2008 jucundiusque
943 1943 1056 2004 teneat,
1076 1950 1163 2008 quam
1181 1930 1283 2010 magni
1302 1929 1357 1990 riri
1376 1939 1399 1982 et

178 2048 261 2107 amici
279 2045 431 2119 memoria,
451 2063 536 2123 quem
553 2044 635 2103 ambo
654 2043 812 2118 coluimus,
833 2042 1029 2104 desideramus
1048 2039 1156 2104 embol
1444 2091 1454 2158 q

220 2163 311 2222 Homo
336 2159 488 2220 uidebatur
515 2159 773 2238 Wyttenbachius,
805 2172 837 2218 ut
860 2157 929 2220 hinc
948 2158 1045 2218 denuo
1062 2157 1176 2234 ordiar,
1204 2179 1269 2218 non
1285 2158 1330 2216 sui
1348 2175 1397 2214 sae·

178 2277 252 2350 culi,
273 2275 323 2334 sed
338 2274 463 2352 antiqui:
483 2294 540 2352 quo
559 2272 646 2331 fiebat
656 2318 664 2347 ,
684 2287 716 2331 ut
735 2293 816 2354 saepe
834 2293 899 2331 cum
915 2293 948 2331 eo
968 2271 1133 2351 colloquens
1152 2272 1189 2333 de
1207 2272 1348 2346 Platone,
1366 2269 1397 2327 de

178 2392 334 2484 Cicerone,
353 2387 389 2445 de
408 2389 547 2461 Homero,
569 2409 628 2446 non
648 2407 706 2446 esse
731 2387 803 2446 mihi
828 2387 961 2462 viderer,
979 2408 1036 2465 quo
1054 2407 1148 2461 eram,
1168 2387 1252 2463 loco,
1274 2387 1326 2446 sed
1342 2385 1397 2444 sive

177 2506 297 2572 Athenis
316 2503 441 2577 versari,
462 2503 521 2562 sire
540 2503 573 2560 in
591 2503 724 2577 Piraeeo,
740 2504 800 2563 sive
820 2503 851 2560 in
870 2501 1054 2577 Tusculano,
1070 2503 1134 2562 sive
1155 2503 1187 2562 in
1206 2497 1301 2562 beatis'
1318 2501 1395 2560 etiam

175 2623 274 2682 Ioniae
302 2618 441 2679 tractibus
465 2632 492 2677 et
516 2617 629 2678 insulis.
664 2619 738 2678 Loca
759 2618 829 2678 haec
853 2619 914 2696 ejus
939 2618 1028 2678 menti
1050 2618 1091 2678 sic
1114 2631 1196 2678 erant
1227 2617 1321 2680 veluti
1349 2616 1395 2674 im·

176 2757 270 2819 pressa
291 2749 319 2793 et
338 2733 515 2814 praesentia,
539 2747 570 2792 ut
584 2733 745 2814 adspiceret
763 2732 850 2813 plane
865 2731 930 2793 illa:
951 2746 979 2792 et
995 2732 1136 2808 referebat
1150 2733 1211 2811 ejus
1226 2745 1393 2798 sermotem·

176 2871 276 2933 prun
294 2849 412 2908 triu-um
431 2826 640 2923 urbanitatem,
658 2848 817 2922 stererat,
831 2847 973 2928 pertusant
991 2848 1084 2907 amnis
1100 2847 1208 2923 imru,
1226 2847 1302 2910 eutr
1321 2844 1395 2906 trtius

175 2945 297 3026 nitorem
316 2985 348 3022 ac
367 2963 538 3043 puritatem,
559 2964 669 3042 quoties
697 2962 733 3028 de
761 2963 862 3044 pulcro
882 2977 910 3022 et
929 2953 1067 3038 sublimi,
1088 2961 1127 3032 dc
1144 2963 1268 3023 Homero
1281 2959 1394 3021 et'Pla·

173 3096 240 3141 tonc
256 3079 435 3159 loquebatur.
466 3079 570 3137 Natum
588 3098 652 3136 eum
670 3078 792 3139 dixisses
810 3077 864 3136 illo
884 3077 937 3136 sub
957 3077 1037 3137 coelo
1056 3091 1084 3136 et
1098 3076 1161 3136 illic
1180 3077 1320 3138 habitare.
1342 3072 1394 3134 Sed

173 3195 303 3274 quamvis
320 3194 375 3253 hoc
404 3192 614 3252 admirarentur
638 3195 747 3274 priscae
776 3193 933 3253 venustatis
960 3206 1104 3268 amantes,
1124 3193 1178 3252 hac
1205 3194 1268 3275 ipsa
1293 3194 1394 3253 virtute

173 3309 298 3383 accidit,
321 3308 401 3367 utin
421 3307 611 3388 plurimorum
631 3307 882 3387 reprehensionem
900 3307 1074 3382 incurreret,
1090 3329 1143 3386 nec
1161 3308 1300 3386 injustam
1319 3305 1393 3365 illam

172 3444 296 3504 prorsus.
332 3423 404 3481 Nam
423 3420 528 3482 nolunt
547 3421 694 3496 homines,
715 3422 846 3500 aequales
865 3443 929 3483 suos
947 3422 1043 3482 alieno
1061 3423 1159 3483 viuere
1177 3436 1321 3504 tempore:
1349 3419 1393 3478 di-

174 3553 263 3612 cunt,
284 3559 334 3597 suo
350 3558 489 3616 quemque
507 3557 576 3598 aevo
595 3538 693 3600 viuere
712 3552 858 3618 oportere:
881 3536 934 3597 hoo
951 3537 1051 3596 fecium
1069 3537 1221 3617 antiquos,
1242 3537 1393 3604 Socratem,

173 3652 331 3726 Periclem,
351 3653 515 3726 Caesarem,
537 3653 719 3712 Ciceronem:
740 3674 861 3732 quorum
881 3652 984 3725 nobis,
1005 3667 1033 3712 et
1057 3652 1178 3736 literatis
1203 3653 1327 3711 maxime
1355 3647 1392 3708 vi·

175 3769 233 3840 ris,
260 3766 422 3846 exemplum
448 3767 485 3826 sit
511 3765 691 3828 imitandum.
733 3769 790 3826 Neo
819 3788 910 3848 nego,
935 3766 1192 3846 Wyttenbacbium
1221 3765 1275 3826 hoc
1304 3763 1393 3826 madio

175 3882 357 3960 antiquitatis
376 3881 512 3957 ductum,
533 3880 662 3940 crebrius
684 3884 744 3942 lere
768 3904 800 3942 ac
820 3882 932 3942 diutius
950 3883 983 3941 in
1003 3901 1131 3942 museum
1147 3901 1176 3938 se
1195 3901 1277 3940 suum
1297 3894 1323 3939 et
1341 3899 1392 3936 au-

174 3998 290 4075 tiquum
316 3995 415 4054 orbem
443 3999 600 4076 recepisse,
620 4017 704 4075 quam
733 4012 882 4079 acceptum
906 4012 976 4057 esset
1004 3997 1231 4075 omnibus,.qui
1260 3999 1320 4074 ejus
1338 3990 1390 4052 frui

172 4109 382 4172 consuetudine
402 4124 430 4171 et
449 4111 626 4170 sermonibus
645 4127 793 4193 cuperent.
825 4111 925 4172 Fateor
940 4112 1028 4186 item,
1048 4111 1156 4177 lactum
1175 4113 1216 4172 sic
1235 4110 1328 4172 videri
1338 4151 1346 4182 ,
1362 4115 1390 4162 ut

172 4227 328 4288 hodiernos
356 4240 384 4285 et
404 4245 493 4286 meres
512 4240 539 4285 et
557 4226 686 4286 homines
704 4247 771 4286 curn
787 4227 914 4306 antiquis
943 4228 1003 4286 fere
1026 4244 1210 4305 comparans,
1231 4246 1309 4306 aegre
1326 4220 1390 4280 illos

176 4342 301 4404 subinde
331 4341 431 4401 tulerit
453 4354 480 4399 et
507 4343 632 4402 severius
650 4363 858 4422 nonnunquam
877 4341 1064 4421 judicaverit.
1102 4340 1220 4415 Fateor,
1241 4329 1392 4415 namquid

174 4458 409 4520 dissimulemus?
429 4456 536 4531 fateor,
557 4455 645 4516 uitam
662 4459 744 4518 istam
761 4458 916 4520 solitariam
935 4456 1063 4518 attulisse
1079 4457 1106 4516 ei
1130 4455 1289 4518 identidem
1306 4466 1391 4511 morta·
