2950 5134
673 277 708 336 15

93 459 132 502 tur
146 447 322 520 ¹juventutem
342 459 422 500 suam
443 437 612 519 descripsit,
627 434 716 517 quum
726 439 784 498 otia
799 442 936 519 captans,
952 457 1003 518 per
1019 437 1093 497 anui
1110 450 1306 519 tempestatem

94 560 119 618 in
132 556 219 637 sylvas
237 569 403 633 montesque
422 567 601 628 excurreret,
622 567 651 614 ct
668 575 749 612 nunc
768 556 865 612 vindi
879 555 1011 614 membru
1031 551 1208 632 eubl'urbuto
1228 565 1305 613 etre-

94 685 149 748 tro,
162 693 237 730 nunc
257 673 298 729 od
316 692 413 750 aquae
433 672 497 729 lena
517 680 610 746 caput
627 691 751 745 rueme,
771 683 931 750 promeret,
952 691 1031 743 non,
1054 666 1176 748 udhlle,
1197 679 1307 732 vetem

89 790 181 868 pocula
198 789 325 847 Massici
335 831 343 860 ,
370 785 420 844 sed
438 784 547 844 librum
567 785 711 860 Platonis,
736 786 768 843 in
793 787 910 865 ejusque
929 806 958 843 se
978 783 1132 844 lectionem
1152 787 1308 864 conjiceret

94 927 119 964 ac
135 906 242 986 penitus
270 901 441 961 demitteret.
485 900 532 960 Ibi
559 914 639 994 tum,
670 901 785 980 inquit,
810 880 872 958 fie'ri
893 898 1021 975 solebat,
1042 912 1090 974 ut,
1120 900 1306 979 quemadmo-

94 1019 151 1078 dum
166 1017 223 1098 ipse
244 1017 276 1076 in
296 1016 355 1076 alto
375 1016 509 1096 editaque
535 1017 644 1097 positus
662 1017 695 1074 in
714 1017 948 1094 circumjacentia
967 1017 1046 1075 infra
1065 1037 1111 1075 me
1130 1017 1191 1077 loca
1215 1018 1307 1080 veluti

94 1154 168 1212 parva
184 1145 211 1192 et
226 1131 352 1192 humilia
368 1131 595 1214 prospiciebam,
610 1132 650 1192 sie
668 1130 796 1191 Platonis
808 1132 892 1211 genio
902 1130 1028 1212 repletus
1038 1133 1138 1212 purior
1158 1133 1306 1215 leviorque
1328 1149 1333 1172 ⁸

94 1248 120 1307 in
139 1247 266 1308 coelestes
294 1249 423 1328 regiones
451 1246 585 1306 sublimis
614 1247 728 1308 evolare
756 1245 880 1307 viderer.
902 1246 1016 1326 -Ego
1043 1266 1109 1307 eum
1136 1249 1198 1330 ipso
1222 1269 1305 1331 saepe

94 1361 186 1422 deinde
201 1377 229 1422 et
246 1365 362 1423 excurri
386 1383 437 1443 per
456 1375 567 1421 montes
592 1361 761 1442 sylvasque,
782 1375 810 1420 et
828 1360 952 1420 recubui.
969 1361 1093 1422 subinde
1113 1363 1145 1422 in
1164 1365 1254 1444 pratis
1278 1377 1306 1424 ct

93 1443 215 1547 amnium,
235 1479 325 1558 ripis:
353 1476 404 1535 ubi
428 1497 481 1536 nec
507 1476 623 1536 Ilissum
647 1497 700 1536 nec
723 1475 873 1557 platanum
895 1476 977 1535 illam
1005 1476 1221 1556 desiderabam,
1249 1501 1306 1559 quo

94 1595 175 1652 minus
194 1614 252 1654 esse
278 1592 350 1652 mihi
370 1592 485 1654 viderer
503 1591 650 1652 Phaedrus
669 1591 792 1670 aliquis,
812 1591 863 1670 qui
880 1590 1024 1651 Socratem
1042 1614 1136 1652 meum
1155 1594 1234 1676 loqui
1252 1615 1306 1656 au-

93 1707 172 1766 direm
189 1708 226 1767 de
245 1708 348 1790 pulcro
372 1721 400 1768 et
422 1708 560 1783 sublimi,
582 1707 618 1767 de
636 1727 730 1766 amore
741 1752 749 1781 ,
771 1707 807 1766 dc
827 1709 931 1767 amoris
951 1707 1145 1769 enthusiasmo
1155 1755 1164 1786 ,
1188 1710 1225 1770 de
1245 1712 1305 1771 ani·

93 1843 189 1882 morum
212 1821 445 1894 immortalitate:
468 1843 521 1882 nee
545 1821 625 1902 loqui
649 1821 763 1896 sedate,
785 1822 956 1903 composite,
981 1822 1102 1899 leniter,
1125 1839 1157 1885 ut
1179 1826 1306 1903 solebat,

93 1937 134 1996 sed
156 1933 358 1998 ἐνθουσιῶντα
384 1958 518 2019 prorsus,
548 1938 656 2017 quippe
677 1935 826 2017 abreptum
845 1937 932 2018 plane
960 1957 1095 1997 sensuum
1114 1939 1305 2020 sublimitate,

93 2075 166 2132 quam
181 2071 286 2116 natura
304 2056 479 2117 excitaverat
497 2066 525 2111 et
543 2051 639 2111 alebat
658 2051 792 2110 memoria
808 2051 945 2112 Platonis.
976 2053 1050 2112 Loca
1063 2053 1141 2131 1111,
1159 2058 1199 2116 mi
1219 2060 1310 2118 Creu-

94 2191 161 2246 zere,
187 2187 287 2254 repeto
313 2169 455 2247 subinde,
487 2167 537 2226 ubi
564 2167 656 2226 amnis
684 2167 764 2226 adest
793 2167 959 2227 etiamnunc
984 2183 1012 2228 et
1040 2169 1146 2231 adsunt
1176 2174 1308 2234 arbores:

98 2304 191 2349 canunt
210 2291 298 2350 etiarn
316 2286 447 2360 cicadae,
468 2303 541 2363 quae
551 2281 771 2360 jucundissimis
791 2303 993 2364 saepenumero
1007 2286 1186 2350 sermonibus
1204 2311 1311 2371 oppor-

98 2403 235 2462 tunitatem
260 2403 472 2484 praebuerunt:
496 2397 628 2460 desidero
652 2419 720 2459 vero
744 2398 857 2472 virum,
881 2399 963 2477 cujus
985 2403 1146 2480 praesentia
1171 2419 1198 2464 et
1221 2427 1311 2466 sermo

96 2515 271 2578 haecomnia
291 2518 363 2578 mihi
383 2517 475 2590 laeta,
489 2513 641 2593 jucunda,
662 2513 719 2572 imo
739 2527 837 2572 sancta
855 2526 883 2572 et
903 2515 1069 2575 veneranda
1089 2517 1243 2581 faciebant.
1275 2521 1312 2582 Et

95 2645 177 2693 tamen
204 2648 334 2715 repetere
363 2632 457 2712 placet
483 2630 546 2690 loca
573 2628 644 2687 illa:
666 2649 733 2688 nam
752 2643 793 2688 est
812 2629 957 2709 profecto,
989 2644 1020 2690 ut
1038 2629 1090 2690 ille
1114 2633 1173 2710 ait,
1194 2637 1311 2696 dolendi

95 2747 168 2806 etiam
188 2751 325 2825 uoluptas
344 2746 493 2826 quaedam.

129 2863 195 2920 Cum
215 2861 395 2922 Ruhnkenio
414 2865 577 2942 comparare
597 2857 696 2919 studui
715 2857 986 2920 desideratissimum
1011 2862 1125 2922 virum:
1156 2868 1311 2946 potuissem

97 2995 152 3034 cum
169 2977 382 3052 Valckenario,
403 2997 468 3034 cum
483 2973 600 3054 Heynio
610 3017 618 3050 ,
639 2993 705 3032 cum
722 2971 798 3032 aliis.
829 2974 901 3032 Nam
921 2973 977 3032 feei
998 2995 1058 3034 non
1077 2951 1130 3037 hoc
1150 2985 1310 3062 proposito,

99 3103 125 3147 ut
141 3093 214 3152 viros
233 3092 301 3153 illos
318 3091 406 3170 quasi
417 3089 625 3171 ponderarem,
646 3101 784 3166 tanquam
802 3089 834 3146 in
852 3087 934 3148 lance
952 3091 1065 3170 positos.
1089 3092 1227 3155 rAliorum
1242 3098 1311 3159 haec

98 3205 208 3268 facultas
227 3222 289 3283 est,
311 3230 370 3267 nou
386 3227 465 3280 mea,
487 3225 546 3264 non
565 3205 668 3278 amici,
684 3225 745 3262 non
759 3201 907 3284 discipuli.
938 3204 995 3265 Sed
1014 3207 1110 3287 prouti
1129 3209 1161 3268 iu
1175 3211 1313 3278 familiari

98 3342 215 3384 sermone
233 3324 391 3384 amicorum
408 3321 530 3381 solemus
548 3320 715 3380 varietatem
734 3319 903 3398 exquirere,
924 3321 956 3379 in
976 3321 1042 3380 aliis
1059 3322 1117 3383 alia
1134 3325 1312 3391 animadver-

99 3449 148 3494 tere
166 3453 193 3498 et
211 3437 349 3512 laudare,
370 3437 436 3496 aliis
465 3434 536 3494 alios
559 3435 707 3494 conferre:
739 3435 778 3493 sie
806 3435 996 3515 apponendus
1024 3437 1177 3499 videbatur
1196 3443 1243 3503 vir
1257 3467 1314 3506 ma·

100 3571 164 3628 gnus
182 3575 235 3613 nec
259 3555 353 3634 impar
373 3549 600 3632 Wyttenbachic
611 3593 618 3622 ,
631 3549 691 3608 imo
705 3549 824 3623 similis,
846 3571 902 3628 quo
921 3550 1009 3634 hujus
1026 3571 1175 3633 appareret
1192 3560 1315 3621 eviden-
1332 3553 1336 3563 ¹

100 3667 150 3728 tius
166 3671 260 3730 virtus
278 3668 393 3750 propria
413 3679 441 3726 et
458 3666 539 3745 quasi
554 3666 655 3745 imago.
682 3665 884 3754 Etrespondit
903 3666 972 3726 huic
991 3669 1112 3744 virtuti,
1133 3669 1202 3731 huic
1219 3658 1325 3737 indoli

101 3796 124 3840 et
139 3785 254 3864 ingenio
273 3797 331 3842 tota
349 3784 405 3847 viri
422 3783 482 3842 vita
507 3795 535 3840 et
559 3781 719 3840 studiorum
742 3781 823 3840 ratio.
864 3782 990 3842 Platonis
1009 3781 1165 3845 admiratus
1191 3803 1232 3854 est
1255 3813 1315 3850 non

101 3910 202 3958 tantum
226 3901 385 3960 orationem
409 3887 560 3971 divinam,
584 3896 635 3956 sed
655 3897 745 3977 ipsam
764 3896 992 3978 philosophiam:
1014 3919 1155 3978 quamque
1172 3904 1317 3964 Ruhnke-

102 4013 159 4072 nius
183 4027 242 4074 tam
270 4013 415 4096 praeclare
443 4011 667 4100 significaverat¹
681 4011 866 4092 intelligendi
895 4013 1160 4094 interpretandique
1189 4019 1316 4080 Platonis

58 4105 62 4115 ⁸
103 4129 250 4204 rationem,
272 4129 347 4190 hanc
366 4130 426 4210 ipse
451 4129 593 4208 ingressus
618 4141 667 4186 est.
705 4127 768 4202 Qua
793 4127 824 4185 in
844 4147 874 4184 re
890 4124 1012 4188 difficile
1031 4145 1072 4190 est
1091 4145 1231 4208 statuere,
1254 4149 1316 4194 uter

103 4239 377 4324 alteripraestite'rit.
398 4220 470 4303 Nam
488 4242 611 4301 dubium
630 4241 724 4302 videri
743 4243 843 4322 possit,
865 4242 922 4300 utri
940 4244 1030 4321 major
1044 4245 1082 4303 sit
1099 4244 1189 4306 honos
1207 4247 1315 4309 haben·

105 4355 169 4430 dus,
188 4359 238 4437 qui
262 4355 408 4420 invenerit
431 4360 528 4433 viam,
549 4380 587 4417 an
613 4358 664 4437 qui
689 4357 768 4436 sequi
793 4357 830 4415 sit
857 4377 942 4415 ausus
965 4370 993 4415 et
1017 4358 1131 4418 naviter
1149 4362 1315 4444 fortiterque

106 4469 138 4528 sit
152 4487 320 4550 persecutus.
355 4473 434 4534 Illud
457 4490 537 4536 extra
552 4493 664 4534 omnem
687 4471 897 4532 dubitationem
915 4485 956 4531 est
978 4474 1119 4551 positum,
1139 4475 1315 4555 Wyttenba-
1354 4522 1356 4528 -
