2908 5114
654 283 713 340 349

67 465 150 521 quam
168 442 277 502 Socrati
298 455 327 500 et
355 440 469 501 Platoni
508 441 634 502 videtur.
678 442 786 502 Debuit
817 443 862 502 his
901 443 1102 519 dialecticam,
1133 447 1195 508 sine
1223 469 1299 526 qua,

64 540 141 618 quod
162 543 222 621 ipse
241 539 383 612 affirmat,
405 541 521 598 tractari
544 540 597 598 illa
615 555 692 600 reete
724 561 784 599 uon
814 555 935 621 poterat.
978 542 1059 601 Plato
1087 537 1184 604 'autem
1221 549 1298 608 viam

64 640 116 718 ipsi
136 639 316 719 praeiverat,
339 650 371 694 ut
391 658 443 717 per
457 636 641 697 dialecticam
663 639 695 696 in
725 638 868 712 ¹anundum
896 633 1021 719 νοητδν,
1042 642 1116 720 quin
1145 643 1232 700 etiam
1262 643 1300 704 ad

63 737 206 816 principia
236 729 412 796 α’νιιπόθιτα
443 737 618 796 escenderet.
661 736 765 810 Quid?
796 737 875 815 quod
902 755 930 800 et
959 740 1088 800 Socrates
1114 753 1142 798 et
1161 740 1243 800 Plato
1262 731 1311 800 de*

62 836 166 893 caussis
183 837 244 896 sive
262 837 418 917 principiis
437 853 534 894 rerum
551 832 710 914 diligenter
730 837 934 913 quaesiverant
957 852 985 897 et
1012 841 1200 916 Anaxagorae
1232 839 1298 919 pla-

60 931 114 989 cita
143 934 368 1013 exploraverant
394 933 531 993 studiose.
573 933 676 991 Narrat
704 933 738 992 id
758 934 795 993 de
823 955 882 994 sese
904 934 983 1016 apud
1001 935 1149 995 Platonem
1168 935 1298 998 Socrates

60 1029 90 1086 in
108 1029 280 1090 Phaedone:
311 1030 391 1090 unde
418 1033 509 1112 ipsius
528 1031 657 1090 Platonis
675 1030 804 1090 studium
822 1047 911 1111 patet.
957 1057 971 1088 ιι
983 1026 1060 1112 'Eyai
1082 1025 1157 1114 γαρ,
1180 1035 1297 1113 inquit,
1331 1029 1334 1042 ’

59 1117 85 1184 al
111 1121 232 1208 Κέβης,
264 1122 329 1201 νέος
357 1121 415 1202 ala,
443 1128 633 1205 θαυμαστῶς
662 1121 704 1201 aig
734 1122 915 1210 ἐπεθύμησα
943 1127 1056 1215 ταύτης
1084 1132 1126 1215 τῆ
1131 1157 1146 1208 ς
1175 1133 1296 1216 σοφίας,

57 1224 94 1306 ἢν
114 1218 157 1309 δὴ
179 1227 301 1316 καλοῦσι
321 1228 390 1310 περὶ
412 1224 532 1309 φύσεως
554 1225 700 1310 ἱστορίαν·
719 1223 911 1312 ὑπερήφανος
932 1230 990 1317 γάρ
1016 1257 1069 1313 μοι
1097 1230 1193 1296 ἐδόκει
1222 1229 1295 1297 εἶναι

58 1325 162 1390 εἰδέναι
184 1326 239 1405 τιίς
260 1329 385 1405 αἰτίας
407 1326 544 1404 ἑκάστου,
568 1325 619 1391 διιί
640 1329 671 1391 τί
690 1329 816 1412 γίγνεται
838 1329 961 1395 ἕκαστον
982 1335 1030 1396 καί
1052 1331 1103 1396 deal
1115 1335 1146 1398 τί
1160 1331 1292 1399 darilla-

57 1453 101 1490 ται
121 1431 172 1492 καὶ
195 1423 247 1493 διδ
267 1430 300 1492 τί
319 1427 394 1493 ἔστι·
418 1437 573 1515 equidem,
595 1457 610 1492 e
630 1433 735 1508 Cebes,
756 1418 824 1492 eum
844 1459 935 1497 essem
946 1445 1093 1514 juvenis,
1115 1447 1198 1497 mira
1219 1463 1291 1520 qua·

57 1535 122 1592 dam
142 1543 211 1612 ομιτ
230 1536 574 1613 sapientioecupide'tate
585 1533 777 1612 flagrabant,
798 1555 889 1611 qaam
909 1546 1042 1595 naturae
1061 1548 1168 1596 voearet
1197 1542 1293 1599 laiste-

57 1639 151 1691 riom:
171 1635 369 1710 praeclaram
388 1640 469 1692 enim
488 1653 548 1690 esee
568 1632 721 1688 censebam
732 1675 740 1703 ,
761 1652 885 1691 caussas
910 1636 1104 1715 intelligere,
1134 1642 1242 1715 quibus
1260 1650 1291 1698 et

54 1731 163 1804 fierem
183 1733 308 1811 singula
327 1742 357 1790 et
380 1739 550 1789 interirent
569 1738 599 1787 et
619 1737 744 1787 essent.»
773 1727 801 1807 l)
822 1729 869 1788 sic
890 1751 1026 1808 exorsus,
1048 1734 1290 1812 quemadmodum

55 1829 107 1908 ipsi
137 1829 193 1887 boc
221 1829 351 1888 studium
378 1830 512 1901 cesserit,
544 1840 669 1886 enarrat.
712 1828 788 1885 Tam
816 1829 926 1907 pergit:
963 1829 1040 1889 used
1058 1852 1123 1890 cum
1143 1833 1286 1894 audissem

55 1925 210 2005 aliquando
227 1926 373 2006 quendam
392 1948 428 1986 ex
449 1925 545 1999 libro,
568 1939 599 1984 ut
618 1924 732 2002 ajebat,
753 1928 941 2004 Anaxagorae
962 1927 1103 2006 legentem
1115 1931 1289 1990 senteutiam

55 2022 179 2099 hancce,
213 2023 254 2097 αἰς
276 2018 346 2106 elipe
367 2025 449 2096 νοῦς
471 2021 552 2082 ἐστὶν
574 2015 592 2081 o‘
614 2021 785 2099 διακοσμῶν
808 2045 839 2082 τε
860 2022 909 2082 καί
929 2017 1049 2084 πάντων
1071 2021 1175 2100 αἴτιος,
1208 2053 1288 2088 ntea·

55 2131 109 2179 tem
134 2146 217 2201 esse,
247 2148 323 2205 qaae
351 2128 521 2185 ordinasset
548 2132 648 2182 emnia
677 2132 878 2201 omniumque
897 2136 972 2184 esset
996 2148 1124 2202 caueae,
1155 2128 1210 2187 bac
1238 2149 1288 2206 ego

54 2239 146 2280 caussa
163 2224 352 2283 vehementer
372 2246 434 2284 sum
454 2223 633 2294 delectatus,
655 2221 807 2299 visumque
828 2222 900 2280 mihi
923 2237 983 2296 est,
1014 2239 1090 2284 recte
1108 2247 1137 2285 se
1155 2226 1187 2285 id
1215 2247 1289 2305 quo-

54 2316 202 2380 dammodo
220 2322 345 2396 babere,
367 2336 491 2381 mentem
509 2339 604 2378 rerum
623 2320 754 2377 omnium
779 2338 909 2377 caussam
938 2340 1015 2378 esse:
1047 2321 1210 2381 arbitrabar
1239 2344 1288 2382 au·

53 2427 123 2490 tem,
144 2420 169 2477 si
189 2420 230 2478 ita
250 2439 279 2477 se
298 2441 344 2478 res
364 2418 501 2492 baberet,
532 2429 564 2474 ut
590 2437 670 2474 mens
690 2416 833 2476 ordinans
851 2414 1000 2476 ordinaret
1028 2421 1142 2494 omnia,
1173 2420 1289 2501 singula

55 2514 133 2572 etiam
154 2515 278 2576 eandem
295 2517 336 2575 sio
358 2517 533 2597 disponere,
555 2527 587 2572 ut
608 2514 715 2594 optimc
738 2535 767 2572 se
796 2513 947 2573 baberent.
990 2517 1203 2593 Quamobrem,
1237 2519 1288 2578 ubi

55 2610 137 2671 vellet
153 2613 263 2691 aliquis
281 2635 409 2674 caussam
430 2614 584 2683 invenire,
605 2631 661 2690 qua
680 2610 795 2690 singula
816 2609 889 2668 fiant
914 2625 963 2670 aut
982 2627 1102 2691 pereant
1133 2629 1183 2672 aut
1210 2616 1288 2690 sint,

53 2707 102 2767 hoe
128 2711 238 2791 ipsum.
252 2733 311 2771 esse
341 2710 575 2784 inveniendum,
605 2731 661 2788 qua
687 2710 799 2767 ratione
826 2708 966 2787 optimum
992 2711 1030 2768 sit
1060 2711 1219 2790 unicuique
1237 2728 1288 2775 aut

54 2824 107 2864 esse
124 2823 174 2866 aut
193 2811 288 2868 facere
308 2809 434 2887 quodvis
453 2822 503 2867 aut
521 2808 599 2887 pati:
631 2805 685 2864 boc
715 2819 809 2863 autem
838 2817 922 2885 pacto
953 2806 998 2864 nil
1025 2808 1108 2867 aliud
1139 2809 1286 2870 bominem

54 2905 230 2965 considerare
250 2922 300 2967 aut
320 2908 357 2967 dc
378 2929 407 2966 se
426 2920 476 2965 aut
494 2905 531 2964 de
549 2904 616 2963 aliis
632 2918 781 2984 oportere,
804 2904 861 2961 nisi
878 2903 958 2982 quod
981 2907 1162 2983 potissimum
1193 2909 1230 2967 sit
1258 2924 1287 2970 et

53 3003 205 3081 optimum:
228 3019 371 3064 caeterum
390 3005 515 3064 eundem
534 3003 603 3060 item
619 3001 698 3080 quod
715 3004 798 3081 pejus
815 3015 885 3060 esset
915 3004 1101 3080 cognovisse:
1135 3006 1286 3084 utriusque

53 3101 123 3158 enim
145 3102 267 3162 eandem
286 3104 437 3162 scientiam
456 3122 524 3160 esse.
568 3102 646 3158 Haec
670 3100 759 3179 igitur
781 3113 919 3180 reputans
945 3119 1076 3174 mecum,
1106 3102 1285 3181 gaudebam,

52 3195 192 3260 invenisse
213 3222 258 3259 me
287 3205 453 3282 magistrum
470 3213 569 3273 ratus,
599 3199 650 3276 qui
671 3197 743 3256 mibi
773 3219 885 3258 caussas
906 3196 965 3257 τῶν
990 3190 1085 3259 ὄντων
1105 3195 1181 3260 sarai
1201 3202 1284 3276 νοῦν,

53 3299 246 3374 esententia,
277 3299 423 3373 traderet,
454 3301 682 3376 Anaxagoram.»
704 3294 736 3375 2)
767 3297 881 3371 Quibus
914 3302 1070 3377 enarratis,
1109 3303 1284 3383 pulcerrima

53 3412 97 3471 spe
113 3395 256 3454 excidisse
277 3418 306 3456 se
327 3398 443 3456 fatetur.
490 3388 596 3456 «Ἀαδ
622 3387 676 3476 ’δή
715 3398 914 3478 θαυμαστῆς,
952 3389 978 3460 οἰ
1015 3393 1126 3481 ἑταῖρε,
1165 3399 1286 3476 ἐλπίδος

52 3482 172 3573 ᾠχόμην
194 3487 371 3576 φερόμενος,
394 3490 498 3578 ἐπειδή
519 3487 632 3579 προϊών
651 3495 702 3557 καί
724 3491 949 3578 ἀναγιγνώσκων
970 3495 1035 3582 tiqui
1056 3495 1152 3582 ἄνδρα
1167 3503 1212 3588 τῷ
1226 3500 1284 3581 μὲν

52 3591 90 3672 νῷ
112 3587 201 3654 οὐδὲν
226 3591 397 3677 χριόμενον,
425 3593 498 3660 ον’δέ
522 3623 602 3674 τινας
629 3597 725 3673 αἰτίας
752 3594 962 3680 εάαιτιιιίμινον
988 3592 1040 3677 εἰς
1053 3599 1092 3665 τδ
1113 3605 1284 3683 διακοσμεῖν

52 3687 84 3751 tri
110 3688 287 3777 πράγματα,
314 3695 405 3781 α’ἐρας
436 3698 472 3762 δὲ
498 3700 547 3764 καί
569 3697 698 3783 αἰθέρος
724 3701 773 3763 καὶ
802 3695 901 3765 ὕδατα
928 3692 1103 3784 αἰτιώμενον
1128 3705 1177 3767 καὶ
1207 3701 1283 3768 ἄλλα

52 3794 136 3858 neue
155 3800 206 3861 καί
227 3796 332 3862 ἄτοπα
354 3808 534 3865 admirabili
552 3817 654 3864 autem
674 3827 741 3883 epe,
763 3814 875 3883 amice,
904 3811 1003 3866 eaet'di
1032 3831 1124 3886 quam
1148 3803 1283 3891 pergens

53 3897 163 3976 legendo
190 3911 293 3962 airum
323 3906 455 3964 viderem
482 3916 580 3964 mente
611 3907 694 3963 stalle
719 3907 801 3965 neoda
821 3915 869 3963 uti
887 3929 939 3965 aee
959 3916 1076 3967 caussis
1096 3921 1192 3969 menti
1210 3933 1282 3970 eea-

82 4277 106 4347 l)
123 4283 214 4338 Plaeed.
233 4285 274 4339 96.
292 4286 323 4338 Α.

82 4364 97 4415 2
124 4370 185 4421 Εοδ.
204 4370 246 4423 97.
265 4371 294 4422 Β.
316 4370 343 4424 G.
363 4373 390 4422 D.
