2886 5118
747 327 807 387 482

156 517 234 580 paru
261 497 379 558 servari.
399 521 434 535 -
455 493 543 554 Haud
573 495 660 554 aliter
684 494 757 552 mibi
779 494 906 555 videtur.
927 526 963 540 —
983 491 1065 552 Istud
1084 511 1154 553 veru
1171 507 1313 574 praeterea
1331 494 1377 553 tibi

63 619 76 652 a
155 596 250 657 videri
277 593 373 655 debet.
393 625 430 640 -
449 590 623 666 Quidnam?
644 619 680 638 uu
699 594 943 671 Unumquemque
965 606 1082 666 eorum,
1111 593 1162 670 qui
1192 593 1378 672 privatimne·

149 708 235 774 cepta
261 691 394 752 mercede
421 691 552 750 honines
580 681 705 764 dotent,
734 709 807 769 quos
837 687 959 768 quidem
986 689 1127 770 sophistas
1154 703 1241 769 atque
1267 691 1380 749 aemulos

155 811 219 852 suos
250 803 375 864 vocant,
406 787 484 848 nihil
512 787 595 846 aliud
626 787 749 862 docere,
778 803 863 866 quam
893 785 1093 846 multitudinis
1121 789 1292 868 opiniones,
1320 809 1380 866 quas

156 887 267 969 profert
298 887 348 946 ubi
376 898 545 964 congregata
570 897 632 958 est,
652 883 822 964 easdemque
843 884 928 942 unice
945 884 1119 964 sapientiam
1139 885 1295 966 appellare.
1332 886 1378 943 Ve·

157 986 232 1060 luti,
254 986 278 1044 si
297 985 363 1063 quis
383 976 564 1064 θρέμματος
583 973 713 1061 μεγάλου
734 978 948 1061 sellamve,
971 985 1118 1040 animalis
1134 985 1295 1059 enjusdam
1313 989 1380 1041 vorti
1423 1035 1425 1042 .

155 1103 190 1142 ae
208 1085 325 1141 roberte·
342 1085 400 1142 iras
418 1105 450 1142 ac
469 1082 645 1164 cupiditates
663 1082 791 1162 singulas
811 1080 1030 1154 observaverit,
1051 1099 1164 1158 quaque
1184 1081 1295 1140 ratione
1311 1079 1379 1138 adire

154 1180 232 1240 illud
262 1179 381 1256 deceat,
401 1200 457 1260 qua
484 1191 683 1256 contrectare,
705 1181 792 1255 item,
812 1177 932 1257 quaudo
957 1177 1005 1238 vel
1033 1178 1158 1236 ferocius
1175 1179 1214 1236 sit
1231 1177 1279 1238 vel
1294 1179 1380 1236 mitius

154 1293 182 1337 et
200 1277 307 1355 quibus
324 1275 363 1338 de
376 1280 489 1338 'caussis
506 1278 564 1337 tale
583 1278 650 1337 liat:
672 1294 757 1339 voees
779 1279 863 1352 item,
886 1295 957 1355 quas
978 1277 1011 1335 in
1030 1273 1155 1355 siugulis
1172 1277 1294 1354 quisque
1311 1295 1378 1333 suun

153 1386 223 1455 pat',
244 1376 351 1453 quibus
376 1390 525 1458 praeterea
554 1375 676 1438 vocibus
696 1375 820 1434 aliorum
837 1371 973 1433 'efferetur
988 1373 1036 1434 vel
1056 1373 1222 1453 mitigetur:
1243 1387 1378 1455 postquam

154 1490 224 1534 veru
242 1473 279 1534 ob
308 1474 479 1533 diuturnam
507 1472 747 1533 consuetudinem
767 1472 898 1554 percepit
918 1471 1208 1551 singula„peritiam
1226 1467 1378 1548 hujusmodi

153 1578 335 1649 septentiam
357 1585 459 1646 vocet,
478 1581 527 1646 et,
545 1571 630 1650 quasi
656 1585 747 1631 artem
775 1568 846 1630 iude
871 1570 1032 1629 co'ufeeerit
1043 1614 1052 1644 ,
1070 1568 1111 1627 ad
1129 1568 1292 1628 docendum
1307 1589 1379 1627 aece-

151 1667 220 1742 dat,
242 1669 378 1748 ignorans
404 1687 503 1728 revera
530 1689 605 1747 quae
630 1669 811 1749 potissimum
827 1668 931 1727 barum
949 1667 1122 1747 opinionum
1140 1666 1378 1747 cupiditatumque

153 1764 272 1825 honesta
300 1767 339 1825 sit
365 1785 398 1826 ac
429 1766 541 1847 turpis,
561 1766 638 1824 bona
662 1783 695 1824 ac
714 1766 789 1824 mala
800 1803 808 1840 ,
829 1767 908 1843 justa
926 1780 1011 1845 atque
1028 1765 1154 1843 injusta:
1176 1766 1305 1825 nominet
1319 1785 1379 1824 vero

153 1862 268 1942 singula
296 1862 334 1922 ad
362 1863 489 1943 ingentis
518 1863 625 1922 bestiae
649 1863 733 1922 illius
757 1864 945 1943 opinionem,
974 1863 1071 1937 bona,
1100 1861 1208 1941 quibus
1232 1863 1379 1922 delectatur

154 1957 225 2032 illa,
247 1958 342 2034 mala,
363 1959 469 2039 quibus
500 1961 675 2020 offenditur:
698 1981 752 2019 nec
783 1961 871 2020 aliam
901 1975 1017 2042 prorsas
1045 1960 1136 2019 ullam
1161 1959 1199 2019 de
1223 1961 1270 2021 bis
1293 1962 1378 2020 afferat

152 2056 313 2132 rationem,
343 2056 394 2116 sed
421 2075 496 2136 quae
526 2059 685 2116 necessaria
713 2071 800 2132 sant,
825 2060 903 2136 justa
933 2071 1085 2138 nuncupet
1113 2070 1142 2116 et
1169 2057 1303 2117 honesta:
1328 2079 1378 2137 quo

154 2173 222 2212 vero
239 2153 311 2213 boni
328 2155 421 2235 ipsius
438 2176 471 2214 ac
488 2155 641 2214 necessarii
663 2169 766 2214 natura
791 2156 907 2216 differat
917 2201 926 2230 ,
947 2173 1041 2233 neque
1060 2156 1121 2236 ipse
1139 2157 1316 2236 perspexerit
1332 2177 1377 2213 un·

153 2271 260 2328 quam,
282 2271 376 2330 neque
395 2253 461 2312 aliis
486 2253 766 2332 possitostendere:
787 2253 866 2311 -rsi
890 2254 976 2332 quis,
997 2253 1136 2336 inquam,
1158 2253 1198 2311 ita
1219 2271 1248 2312 se
1268 2253 1377 2326 babeat,

151 2343 252 2406 noirne
280 2363 348 2428 per·
366 2351 468 2409 lovem
493 2348 640 2408 absurdus
670 2363 840 2431 praeceptor
867 2369 927 2410 esse
957 2350 1014 2409 tibi
1044 2348 1220 2411 videbitur?
1251 2371 1282 2385 ··
1309 2351 1377 2410 Mihi

147 2446 231 2503 ¹vero.
253 2471 288 2484 -·
307 2445 428 2504 Differre
459 2459 527 2505 vero
556 2445 611 2504 tibi
640 2447 677 2505 ab
707 2448 762 2507 bot
791 2448 844 2506 ille
871 2446 1006 2522 videtur,
1028 2448 1095 2527 qui,
1117 2449 1273 2508 multorum
1291 2449 1377 2508 varia-

152 2557 273 2620 rumque
300 2541 452 2602 bominum
480 2544 512 2602 iu
545 2559 636 2604 uuum
666 2545 904 2604 convenientium
934 2547 1005 2604 iram
1036 2558 1064 2604 et
1091 2544 1236 2606 libidines
1263 2546 1374 2617 callere,

145 2647 332 2716 sapientiam
359 2655 420 2700 esse
449 2641 551 2716 ducit,
573 2643 634 2701 siv'e
662 2644 693 2702 in
723 2644 851 2724 pictura,
873 2644 935 2705 sive
965 2643 997 2702 iu
1014 2643 1142 2720 musica,
1163 2645 1228 2704 sive
1246 2644 1279 2702 in
1296 2641 1375 2702 admi·

80 2755 85 2764 ¹
152 2738 322 2798 nistrandae
343 2738 523 2826 reipublicae
545 2739 726 2822 disciplina?
739 2766 754 2798 u
780 2740 811 2821 1)
1438 2689 1439 2777 l

354 2897 412 2959 De
432 2883 917 2981 rniqaaropbe'loeophiaa
937 2904 1190 2976 conditione,

189 3027 277 3088 Haud
301 3033 406 3091 mirum
435 3033 540 3092 iccirco
568 3047 629 3113 est,
650 3035 741 3114 ipsam
757 3034 989 3115 philosophiam,
1009 3055 1083 3112 quae
1101 3033 1204 3093 eadem
1222 3034 1327 3114 optima
1342 3047 1377 3092 est

145 3122 285 3202 noadaia,
316 3148 378 3188 non
408 3131 501 3189 solum
531 3131 640 3210 negligi
669 3153 803 3212 prorsus,
834 3132 886 3192 sed
913 3133 1089 3192 calumniam
1120 3133 1207 3191 etiam
1234 3133 1376 3212 suscipere

143 3229 218 3287 Cum
247 3227 326 3285 enim
352 3242 573 3306 corrumpantur
602 3229 762 3304 continuo,
790 3230 841 3309 qui
869 3243 990 3289 naturae
1008 3229 1139 3290 bonitate
1158 3249 1192 3288 ac
1213 3229 1376 3310 praestantii

146 3344 249 3383 ornare
278 3344 339 3382 eam
368 3336 396 3382 et
422 3325 495 3384 tueri
523 3323 690 3400 debebant,
711 3327 772 3386 sola
790 3327 978 3404 relinquitur.
1008 3327 1105 3386 ¹Illam
1119 3341 1231 3402 autem,
1251 3342 1376 3405 tanquam

147 3420 276 3502 cognatis
307 3420 425 3495 orbam,
450 3420 502 3480 alii
530 3423 671 3503 aggressi,
702 3427 764 3503 ejus
791 3425 908 3483 nomine
929 3425 1045 3506 indigni
1056 3472 1065 3500 ,
1086 3415 1313 3486 dedecorant'ac
1337 3444 1375 3482 ea·

81 3597 83 3601 ,
145 3519 267 3580 lumniis
293 3532 466 3600 exponunt,
497 3534 528 3580 ut
554 3521 692 3580 dieantur·
707 3521 876 3602 philosophi
894 3517 925 3582 οἱ
937 3519 996 3601 μὲν
1014 3518 1136 3598 οὐδενος
1150 3517 1287 3604 α’γαθοῦ,
1302 3518 1329 3582 οἱ
1346 3516 1375 3580 δὲ

143 3615 247 3678 πολλοὶ
267 3616 384 3678 πολλῶν
404 3610 593 3689 emovebant
610 3613 689 3678 elom·
709 3629 830 3698 pertine
849 3626 938 3683 nulla
955 3648 989 3685 νν
1010 3630 1103 3702 hond,
1119 3628 1262 3704 plerique
1279 3626 1375 3682 emtor
1434 3679 1435 3723 q

144 3723 234 3781 rebus
260 3723 350 3808 molis
370 3723 468 3802 digni.
492 3717 524 3799 2)
548 3719 785 3800 «Καθορῶντες
812 3715 872 3803 ydp
893 3714 977 3784 ἄλλοι
996 3719 1203 3807 ἀνθρωπίσκοι
1224 3718 1308 3805 κενήν
1327 3715 1375 3800 τήν

144 3810 251 3897 χώραν
271 3812 383 3898 ταύτην
398 3815 585 3902 γιγνομένην,
606 3820 705 3882 καλῶν
726 3816 762 3882 δὲ
783 3815 942 3902 ὀνομάτων
950 3823 1005 3898 ,καὶ
1019 3819 1247 3909 προσχημάτων
1257 3815 1374 3903 μεστήν,

149 3977 402 3989 mm...

179 4062 210 4128 1)
228 4065 269 4116 us
286 4065 347 4135 usp.
364 4064 407 4117 vr.
425 4067 477 4120 reo
494 4068 526 4120 u.
544 4097 579 4108 -
596 4066 655 4120 roa.
671 4068 700 4118 u.

177 4156 204 4217 2)
224 4158 264 4210 Sic
288 4159 450 4212 scribendum
470 4177 584 4226 censeo,
610 4178 665 4214 euru
687 4146 809 4234 tiyaliori
825 4167 851 4216 in
871 4166 983 4236 vulgatis
1004 4167 1184 4238 desideretur,
1203 4173 1373 4224 auctoritatem

144 4248 245 4290 secutrn
267 4238 415 4305 Ciceronis,
435 4243 477 4309 qui
501 4243 547 4295 bue
562 4243 666 4296 videtur
685 4248 835 4314 respexisse
851 4250 880 4298 de
898 4249 959 4317 llep.
979 4248 999 4299 1.
1018 4250 1042 4300 5.
1062 4251 1121 4304 Cum
1140 4253 1178 4303 ito
1191 4255 1289 4318 dieunt,
1306 4269 1375 4303 orer

141 4322 200 4373 dere
223 4325 258 4375 ad
281 4325 457 4394 rempublicam
482 4322 627 4396 plerumque
648 4329 756 4384 homines
792 4331 884 4385 nulla
916 4351 953 4384 re
978 4333 1058 4388 bono
1075 4337 1201 4404 dipoos,
1221 4357 1276 4390 eron
1293 4339 1374 4407 quibua

139 4413 287 4477 'conparari
306 4412 447 4473 sordidum,
469 4415 600 4478 emergere
618 4426 718 4480 mrtem,
739 4418 894 4470 misicordias
915 4423 1064 4488 perscribo
1086 4424 1210 4488 incitato,
1228 4427 1374 4476 mel

139 4495 306 4560 periculorum
324 4500 363 4547 sit.
