2898 5120
153 428 316 533 pressimus.
370 447 495 509 Accedat
531 465 646 524 autem,
678 451 799 526 arados
825 453 1027 534 interpretatio
1063 455 1185 533 oportet.
1241 451 1309 509 Nam
1340 469 1378 508 re-

152 570 281 632 pugnare
309 549 378 607 haec
406 549 430 606 si
455 571 514 608 non
544 550 735 630 opinionibus
764 553 889 624 nostris,
910 565 995 616 certe¹
1015 549 1163 629 cogitandi
1192 561 1298 606 nonnae
1326 549 1378 606 dis-

153 647 324 726 serendique
354 648 459 707 rationi
498 647 655 722 videntur,
689 650 739 706 ubi
773 648 810 707 de
834 650 947 725 ⁸justitia
976 650 1096 728 agimus.
1149 648 1305 706 Memorare
1336 667 1379 703 nos

152 748 211 803 lere
232 767 296 802 cum
322 745 413 832 leges,
432 759 493 804 tum
521 765 645 825 poenas,
667 760 728 804 tunt
743 747 857 823 judicia
878 768 911 805 ac
930 731 1090 806 tribunalia
1111 747 1249 822 solemus,
1269 744 1305 804 de
1321 743 1379 823 qui-

152 845 206 900 bus
236 845 268 905 in
298 843 344 902 his
364 843 501 901 omnibus
530 841 654 904 Socratis
680 845 861 903 sermonibus
881 846 941 904 vix
970 845 1080 904 mentio
1101 845 1143 904 tir.
1185 846 1301 924 Agimus
1318 843 1376 900 item

151 941 187 1000 de
213 941 432 1020 quaestionibus
456 941 551 1017 juris,
573 955 605 1000 ut
634 956 795 1016 vocantur,
817 941 1065 1017 intricatioribus‚
1087 939 1326 1020 quemadmodum
1346 939 1376 996 de

152 1039 187 1097 iis
202 1038 297 1115 judici
317 1037 575 1118 pronunciandum
597 1041 652 1098 sit:
675 1060 732 1118 quo
752 1053 862 1120 spectat
888 1041 1015 1098 maxime
1028 1038 1263 1119 jurisprudentia
1283 1050 1375 1096 nostra.

151 1135 187 1195 ld
207 1158 276 1196 vero
297 1136 490 1215 praetermisit
508 1136 545 1194 de
568 1137 714 1197 industria
734 1137 824 1196 Plato.
858 1139 1009 1196 Caeterum
1026 1138 1131 1196 mirum
1144 1134 1377 1213 nonnullis,opi-

153 1256 224 1303 nor,
247 1253 284 1292 ne
310 1232 405 1304 dicam
430 1233 607 1310 absurdum,
629 1235 782 1309 videatur,
803 1236 843 1293 ita
863 1235 900 1295 de
916 1235 1031 1311 justitia
1052 1237 1083 1292 in
1110 1236 1229 1294 civitate
1256 1253 1376 1313 pronun

151 1332 248 1403 ciare,
278 1331 359 1410 qnasi
388 1331 451 1390 illic
477 1333 516 1392 sit
545 1333 689 1405 maxime,
712 1333 762 1392 uhi
792 1353 844 1392 suo
872 1333 993 1410 quisque
1018 1333 1143 1390 maxime
1166 1345 1251 1391 vacet
1275 1330 1374 1402 officio,

49 1475 53 1481 .
151 1449 203 1488 nec
230 1449 365 1510 peragere
392 1429 470 1507 quod
498 1429 621 1488 aliorum
647 1445 689 1490 est
709 1430 832 1490 studeat.
874 1431 935 1490 lmo
956 1437 1043 1504 vero',
1064 1431 1167 1508 ajunt,
1193 1429 1245 1486 uhi
1266 1442 1294 1486 et
1310 1428 1377 1506 opti·

150 1547 212 1586 mae
241 1539 310 1586 sunt
337 1526 413 1605 leges
444 1540 472 1585 et
486 1527 601 1604 judiees
619 1529 736 1608 optimi.
759 1548 812 1586 nec
834 1529 944 1587 civium
965 1528 1084 1588 libertas
1104 1525 1282 1588 cohibendis
1298 1523 1377 1582 male·

150 1622 212 1682 ficis
239 1625 345 1704 optime
374 1624 560 1698 vindicatur,
581 1625 645 1684 illic
673 1626 789 1687 demum
820 1626 852 1684 in
880 1627 998 1686 civitate
1023 1626 1137 1703 justitia
1164 1638 1216 1684 est.
1260 1622 1316 1682 Sed
1333 1642 1377 1680 nos

148 1721 342 1800 explicandae
370 1722 536 1782 Platonicae
556 1721 724 1798 doctrinae,
746 1724 778 1782 in
806 1744 892 1802 quam
918 1724 972 1782 ista
983 1723 1120 1804 ,proiecto
1138 1744 1199 1782 non
1223 1722 1265 1782 ita
1285 1734 1377 1778 tenere

145 1821 315 1895 jaciuntur,
336 1821 431 1900 ipsum
451 1821 600 1880 Platonem
621 1823 810 1901 interpretem
833 1819 1032 1881 adhibeamus.

157 1949 171 1984 ν,
189 1917 276 1976 Haud
305 1938 373 1976 sane
403 1910 520 1997 negavit
544 1919 753 2000 philosophus,
783 1939 836 1994 ea,
862 1939 935 1998 quae
960 1939 1039 1978 nnnc
1062 1917 1151 1996 vulgo
1170 1916 1328 1986 dicuntur,
1345 1912 1376 1970 ad

142 2015 288 2090 justitiam
315 2016 485 2076 incivitate
505 2017 637 2097 proxime
662 2018 808 2096 pertinere
819 2040 827 2091 ;
850 2017 902 2077 sed
930 2037 990 2075 rem
1009 2015 1061 2074 ille
1079 2014 1234 2093 indagavit
1255 2012 1376 2072 interius.

148 2115 317 2188 Quaesivit,
338 2113 580 2192 quemadmodum
607 2115 710 2197 optimi
735 2115 769 2176 in
796 2115 915 2173 civitate
935 2113 1082 2174 exsistere
1111 2133 1178 2170 cum
1208 2111 1377 2191 magistratus

147 2226 174 2270 ct
202 2212 395 2292 legislatores,
421 2226 482 2272 tum
507 2213 624 2290 judices
652 2225 783 2292 possent,
806 2224 838 2269 ut
857 2212 988 2292 ¹optimae
1019 2210 1269 2270 constituerentur
1294 2209 1375 2287 leges,

147 2309 320 2388 eaedemque
346 2307 384 2370 ad
412 2309 575 2370 libertatem
596 2310 774 2388 salutemque
791 2311 902 2371 civium
920 2306 1059 2368 tuendam
1075 2307 1310 2368 vindicarentur.
1347 2303 1375 2362 ld

147 2407 217 2478 inde
248 2407 437 2486 repetendum
464 2410 597 2481 censuit,
620 2409 644 2467 si
675 2430 759 2468 suurn
781 2409 902 2486 quisque
932 2407 965 2468 in
995 2407 1115 2467 civitate
1144 2419 1295 2486 perageret
1319 2401 1375 2462 offi-

145 2503 243 2577 cium,
270 2505 289 2565 i.
319 2525 343 2563 e.
371 2503 469 2578 illud,
500 2505 538 2567 ad
565 2505 643 2585 quod
666 2519 751 2585 aptus
779 2506 883 2564 naturA
902 2519 930 2564 et
947 2505 1007 2563 fere
1028 2516 1113 2562 natus
1131 2517 1223 2577 esset,
1245 2521 1375 2580 exseque-

145 2615 243 2676 retur,
275 2624 334 2674 non
361 2623 448 2678 vero,
478 2616 510 2662 ut
534 2604 612 2678 lere,
644 2605 825 2683 maximeque
852 2603 990 2677 Athenis,
1018 2601 1123 2676 fiebat,
1145 2601 1246 2660 omnia
1270 2620 1374 2672 omnes,

145 2711 173 2756 et
200 2700 367 2779 gravissima
396 2695 468 2780 adeo
495 2702 624 2761 civitatis
653 2722 771 2759 munera
794 2701 896 2780 agresti
918 2700 1037 2780 ingenio
1058 2699 1191 2761 homines
1210 2700 1374 2758 affectarent.

143 2795 243 2874 ltaque
270 2797 376 2856 tradita
406 2798 458 2857 illt
487 2798 664 2859 Phoenicum
691 2798 727 2857 de
755 2799 905 2858 hominum
934 2818 949 2856 e
978 2812 1054 2857 terra
1082 2811 1148 2856 ortu
1174 2796 1298 2873 fabula,
1317 2795 1372 2876 pri·

145 2915 223 2951 mum
250 2915 286 2953 ex
310 2897 389 2954 omni
414 2897 525 2956 civium
553 2917 656 2976 genere
682 2898 713 2954 in
735 2916 887 2954 numerum
908 2881 1079 2968 custodum,
1101 2909 1162 2953 tum
1181 2899 1270 2954 etiam
1291 2916 1305 2954 e
1323 2914 1374 2952 cus·

143 2990 262 3050 todibus
281 2993 312 3052 in
331 3016 483 3053 numerum
503 2996 719 3074 magistratuum
739 2993 805 3052 illos
825 2994 941 3068 retulit,
964 3013 1086 3072 quorum
1106 3006 1226 3051 naturae
1248 2989 1375 3052 nonnihil

110 3106 112 3112 ’
144 3091 206 3148 sive
226 3093 337 3170 argenti
358 3093 419 3152 sive
442 3093 505 3151 auri
531 3092 696 3152 admixtum
720 3106 811 3151 esset:
833 3105 894 3150 tum
923 3090 1075 3165 custodes,
1096 3091 1283 3170 maximeque
1309 3090 1373 3147 futu·

144 3207 188 3245 ros
219 3188 398 3267 reipublicae
425 3191 631 3270 gubernatores
658 3187 802 3269 exquisita
832 3188 957 3268 quadam
977 3190 1163 3249 institutione
1184 3191 1331 3262 erudivit,
1349 3199 1376 3244 ut

143 3283 307 3344 libertatem
338 3308 370 3345 ac
400 3288 522 3346 salutem
543 3289 653 3349 civium
680 3303 756 3348 recte
784 3302 946 3347 tuerentur.
988 3289 1075 3346 Porro
1101 3287 1138 3347 de
1166 3287 1297 3346 ferendis
1316 3286 1374 3365 legi·

143 3379 215 3454 bus,
242 3380 279 3440 de
306 3385 409 3464 poenis
438 3377 669 3460 constituendis,
699 3386 736 3446 de
761 3384 914 3463 judicibus
934 3383 1069 3446 creandis
1095 3398 1146 3443 aut
1164 3383 1306 3444 ornandis
1325 3385 1372 3442 tri·

144 3478 330 3558 bunalihus,
352 3483 389 3544 de
417 3484 463 3544 his
488 3483 640 3560 omnihus,
667 3486 780 3559 fateor,
803 3507 861 3544 non
892 3483 1061 3564 singulatim
1092 3483 1168 3563 egit:
1191 3483 1288 3542 noluit
1313 3481 1374 3539 adeo

142 3578 172 3636 iu
208 3577 278 3638 haec
312 3582 442 3663 singula,
472 3581 614 3661 quomodo
645 3597 739 3643 essent
768 3582 961 3656 instruenda,
988 3581 1156 3660 inquirere:
1178 3579 1260 3660 quod
1288 3570 1374 3658 ὕδραν

143 3670 257 3754 τέμνειν
276 3681 454 3762 appellabat.
484 3680 513 3761 l)
554 3681 755 3740 Veruntamen
781 3680 854 3740 tales
883 3677 939 3740 sibi
967 3678 1125 3739 videbatur
1154 3693 1183 3738 et
1201 3680 1329 3741 custodes
1350 3691 1373 3736 et

144 3781 325 3858 magistratus
354 3799 420 3838 cum
452 3780 590 3860 elegisse,
611 3793 672 3838 tum
701 3778 812 3839 artibus
836 3778 1062 3858 disciplinisque
1080 3779 1267 3852 informasse,
1287 3779 1373 3858 quales

147 3877 191 3934 bis
220 3877 343 3956 singulis
372 3879 575 3957 universisque
612 3879 719 3958 optime
747 3878 954 3958 prospicerent.
996 3878 1050 3936 llis
1070 3877 1219 3957 peractis,
1239 3877 1374 3957 principia

145 3974 200 4032 sibi
232 3976 311 4035 visus
338 3990 380 4033 est
406 3976 578 4050 tradidisse,
610 3989 642 4034 ut
667 3977 745 4052 justa
775 3953 986 4034 essethivitas.
1022 3974 1080 4032 Nec
1098 3993 1168 4033 vero
1184 3973 1262 4034 illud
1281 3976 1312 4033 in
1328 3973 1374 4032 hat

145 4093 175 4130 re
199 4072 364 4149 judicanda
393 4077 653 4154 praetermittamus
665 4073 772 4152 ,quod
797 4072 886 4134 verbo
906 4074 970 4150 jam,
993 4071 1159 4151 attigimus,
1172 4079 1374 4148 justitiaene·

147 4170 255 4230 tionem
280 4191 468 4252 peromnem
500 4173 722 4254 antiquitatem,
746 4193 798 4231 nec
823 4172 920 4230 minus
942 4169 1021 4252 apud
1038 4169 1181 4245 Graecos,
1202 4191 1286 4250 quam
1304 4165 1373 4249 apud

94 4493 98 4500 -
188 4464 212 4528 l)
231 4467 268 4516 lte
286 4469 346 4536 llep.
366 4467 408 4520 Ν.
427 4468 485 4520 426.
505 4468 534 4518 Ε.
