2886 5118
734 304 793 362 tot

143 465 182 526 do
203 465 335 524 tribuere
354 475 399 522 eat
418 465 465 526 vel
484 485 541 522 noas
559 475 603 520 est
621 463 753 524 solemus.
796 465 831 522 ln
852 463 931 522 omni
951 461 1020 526 haec
1043 477 1172 520 sermone
1195 471 1369 537 usurpantur,

142 564 251 644 quippe
266 563 428 622 communia
446 562 590 622 omnibus.
622 562 710 622 ,Haec
730 564 818 642 igitur
828 609 836 636 ,
848 563 880 620 in
891 560 992 642 primis
1011 557 1096 616 ideae
1118 557 1236 638 proprie
1254 555 1294 613 sic
1313 553 1367 612 dic·

141 675 204 736 tae,
225 653 262 721 eci
279 653 350 721 ὄντα
367 676 455 738 sunt,
482 683 555 740 quae
584 681 664 720 mens
685 675 781 720 nostra
801 662 864 741 ipsa
884 680 936 740 per
967 677 1045 732 sese,
1074 657 1137 714 sine
1154 673 1288 712 sensuum
1304 672 1368 732 ope,

141 762 285 843 percipit,
307 762 429 822 adhibet
444 773 540 818 autem
557 758 764 838 cognoscendis
782 757 1009 836 judicandisque
1024 754 1130 827 rebus,
1149 772 1220 831 quas
1238 773 1288 832 per
1310 769 1369 808 sen-

146 879 193 916 sus
213 861 384 940 perceperit.
427 856 462 915 ld
481 854 560 916 illud
579 871 637 930 est,
656 857 736 935 quod
752 859 784 916 in
805 855 1017 935 elegantissima
1043 852 1134 910 animi
1153 871 1219 908 cum
1237 871 1313 910 cereo
1327 844 1369 918 ἕκ-

146 952 260 1041 μαγείῳ
281 957 493 1037 comparatione
516 952 553 1012 de
564 955 744 1034 sapientibus
763 955 860 1028 dixit,
878 975 986 1032 nosque
1005 948 1216 1012 attendendum
1235 949 1370 1029 inprimis

148 1057 296 1117 duximus.
343 1075 356 1106 r
368 1052 547 1132 Vulgaribus
566 1052 751 1128 hominibus,
777 1054 891 1133 inquit,
922 1051 970 1112 vel
991 1051 1113 1110 densum
1129 1039 1165 1106 td
1186 1038 1257 1125 κεάρ
1276 1061 1313 1106 est
1329 1046 1370 1106 vel

54 1193 69 1216 ι.
142 1155 321 1214 lutulentum
340 1152 388 1213 rel
405 1149 493 1210 molle
511 1151 600 1210 nimis
619 1151 668 1212 vel
694 1151 817 1227 durum,
848 1165 879 1210 ut
898 1165 1034 1208 sensuum
1051 1148 1084 1206 in
1106 1169 1139 1207 eo
1157 1149 1242 1226 signa
1258 1143 1366 1204 obscura

140 1254 202 1311 sint
210 1276 219 1328 3
241 1260 391 1332 sopientes
419 1271 505 1323 vero,
532 1271 601 1306 cum
620 1251 708 1308 clarc
733 1251 804 1307 lroee
824 1257 901 1326 ipsis
927 1255 992 1306 aiat
1013 1257 1042 1304 et
1061 1254 1096 1303 a'n
1116 1246 1219 1322 ampla
1239 1249 1369 1321 regione,

139 1353 265 1431 ringula
283 1354 429 1411 celeriter
446 1355 481 1405 c'tr
501 1367 573 1405 auca
601 1367 733 1425 quaeque
760 1347 875 1427 effigies
904 1347 1114 1418 distribuunt,
1144 1362 1218 1418 quea
1237 1329 1308 1399 deta
1328 1363 1371 1397 oc-

147 1451 293 1508 cantur.’'
316 1448 346 1529 l)

187 1549 275 1607 Hunc
297 1547 387 1628 igitur
405 1542 573 1603 in'modum
593 1542 694 1618 Plato,
711 1543 749 1602 ab
769 1542 964 1602 Eleaticorum
983 1542 1130 1621 profectus
1150 1536 1219 1620 περὶ
1234 1538 1288 1600 τοῦ
1301 1527 1373 1607 ὄντος

148 1647 283 1728 placitis,
305 1665 338 1703 eo
368 1639 524 1723 pervenit,
555 1661 615 1699 non
638 1655 689 1715 ut,
709 1642 807 1720 prouti
837 1639 903 1713 illi,
930 1640 983 1700 vix
1004 1638 1093 1698 ullam
1108 1641 1229 1701 haberet
1248 1659 1371 1700 sensuum

143 1743 303 1817 rationem,
325 1762 398 1815 nec,
417 1738 533 1797 hercle!
568 1751 599 1796 ut
627 1738 762 1817 sophistis
783 1737 937 1818 placebat,
966 1737 1062 1795 omnia
1083 1739 1120 1796 iis
1147 1739 1307 1812 tribueret,
1330 1734 1371 1794 sed

142 1859 222 1896 suam
241 1838 373 1897 sensibus
390 1838 451 1898 vim
470 1833 650 1910 concedens,
667 1856 805 1894 summam
824 1834 965 1894 tribueret
984 1835 1075 1893 menti
1094 1835 1133 1894 ad
1153 1835 1215 1896 reri
1235 1834 1370 1894 scientiam

142 1935 350 1993 auctoritatem.
393 1933 507 2008 Quibus
526 1934 682 2012 expositis,
710 1947 829 2012 quaerat
857 1933 907 1990 hic
927 1933 1046 1992 sortasse
1066 1931 1193 2010 aliquis,
1215 1933 1273 1992 utri
1288 1930 1367 2012 philo

142 2031 302 2110 sephorum
331 2033 430 2110 generi
459 2031 559 2104 Plato,
588 2031 714 2110 sceptico
741 2052 779 2089 an
801 2030 982 2109 dogmatico,
1009 2029 1206 2089 accensendus
1226 2031 1271 2089 sit.
1310 2029 1368 2087 Nam

143 2130 317 2188 recentiores
338 2127 527 2187 Academicos
547 2127 692 2202 vidimus,
703 2128 835 2206 quamvis
853 2149 913 2186 non
932 2129 1029 2186 minus
1048 2147 1134 2206 quam
1153 2141 1263 2188 veteres
1277 2128 1307 2185 in
1316 2125 1366 2183 Pla·

144 2228 222 2288 tonis
248 2223 458 2285 successoribus
490 2223 703 2298 numerandos,
732 2243 849 2304 prorsus
870 2224 959 2282 fuisse
978 2223 1017 2283 ad
1035 2225 1228 2304 scepticorum
1244 2225 1365 2283 rationem

144 2343 268 2406 pronos:
289 2323 359 2381 haec
379 2335 475 2380 autent
492 2320 624 2381 Platonis
640 2320 677 2380 de
705 2335 801 2378 mente
819 2334 848 2380 et
866 2321 989 2380 scientia
1007 2320 1140 2381 doctrina
1161 2320 1366 2401 dogmaticorum

152 2422 287 2490 videatur
316 2420 456 2478 rationem
484 2417 601 2476 referre.
631 2419 695 2491 Quo
725 2418 843 2499 plenius
871 2418 1031 2497 aliquando
1051 2419 1182 2478 Platonis
1203 2418 1365 2478 absolvamus

147 2537 213 2574 cum
232 2515 367 2593 sophistis
386 2513 544 2593 priscisque
558 2514 745 2596 philosophis
763 2517 1024 2594 comparationem,
1044 2536 1145 2596 operae
1163 2495 1285 2596 pretium
1299 2513 1363 2576 vide·

146 2628 194 2672 tur
214 2613 246 2669 in
266 2610 342 2670 hanc
363 2631 422 2668 rem
441 2611 598 2689 inquirere.

487 2805 762 2884 Scepticisne
785 2807 1065 2885 pbilosophis

291 2903 439 2976 Plasta,
467 2924 516 2962 aaa
547 2904 807 2982 dogmaticis
836 2908 1125 2965 accensendus
1152 2908 1242 2966 ert?

188 3099 264 3158 Mihi
286 3098 405 3175 quidem
421 3099 538 3179 proprie
557 3098 669 3157 neutris
685 3119 744 3157 esse
763 3097 961 3158 accensendus
981 3098 1109 3161 videtur.
1131 3099 1164 3180 2)
1184 3100 1363 3160 Confuderunt
1440 3177 1441 3180 Ἴ

149 3196 299 3256 Platonem
310 3197 460 3274 ipsumque
479 3195 550 3254 adeo
570 3195 712 3255 Socratem
724 3196 866 3256 Arcesilas
878 3199 996 3276 ejusque
1015 3211 1168 3258 sectatores
1180 3221 1244 3258 cum
1252 3197 1364 3280 philoso-

150 3294 217 3373 phis
228 3336 236 3366 ,
247 3293 297 3370 qui
307 3313 468 3352 asseverare
479 3292 558 3351 nihil
570 3338 578 3366 ,
589 3291 625 3352 de
636 3295 772 3353 omnibus
781 3293 919 3353 dubitare
939 3295 1080 3355 solebant.
1123 3299 1195 3356 Nam
1215 3319 1267 3376 quo
1276 3296 1364 3354 certius

149 3388 355 3472 persuaderent
365 3388 518 3470 discipulis
523 3389 631 3471 placita
642 3413 702 3467 sua,
714 3393 912 3452 auctoritatem
924 3393 960 3451 iis
970 3394 1138 3471 conciliare,
1148 3396 1231 3454 abusi
1240 3408 1362 3454 tantorum

148 3486 388 3569 philosophorum
399 3487 579 3562 nominibus,
590 3488 757 3549 studebant.
788 3491 846 3549 Nec
858 3477 927 3551 iero
939 3491 971 3551 id
982 3506 1087 3551 temere
1107 3514 1190 3574 agere
1201 3492 1362 3554 videbantur.
1439 3519 1440 3522 ¹

149 3585 413 3645 Celebratissimum
423 3585 460 3644 iis
474 3587 650 3666 temporibus
666 3600 725 3674 erat
735 3634 743 3664 ,
754 3601 785 3646 ut
795 3587 992 3668 hodieque'est
1003 3635 1011 3665 ‚
1022 3589 1147 3649 Socratis
1158 3592 1284 3663 effatum,
1299 3587 1363 3644 aetat

149 3706 179 3743 re
196 3691 283 3744 seire.
314 3683 400 3759 Quod
418 3685 458 3744 sic
477 3684 759 3765 interpretabantur,
776 3687 857 3765 quasi
878 3707 982 3767 parens
993 3686 1196 3769 philosophiae
1207 3690 1362 3746 incertaesse

151 3782 247 3840 omnia
265 3782 463 3842 contendisset
491 3802 545 3840 nec
571 3782 683 3842 homini
711 3783 817 3847 iccirco
836 3785 996 3865 quidquam
1017 3783 1159 3845 affirmare
1177 3786 1269 3848 licere.
1298 3782 1362 3842 Plato

151 3889 327 3936 autemeam
345 3880 377 3938 in
398 3880 513 3960 scriptis
524 3881 583 3938 suis
601 3880 672 3939 haec
688 3895 874 3961 usurpantem
893 3883 1037 3960 Socratem
1056 3884 1222 3944 induxisset
1240 3882 1363 3962 agatque
1438 3909 1439 3928 t

152 3976 213 4055 ipse
231 3975 376 4053 inquirere
396 3977 429 4035 in
448 3999 492 4038 res
511 3998 609 4037 omnes
629 3979 732 4058 magis,
761 4000 848 4057 quam
867 3979 903 4039 de
922 3980 959 4040 iis
978 3995 1101 4040 statuere
1120 3982 1282 4056 videretur,
1298 3979 1362 4038 hunt

152 4071 260 4153 pariter
281 4093 334 4132 nec
352 4074 463 4133 minore
472 4121 480 4152 ,
493 4090 524 4135 ut
538 4074 769 4152 arbitrabantur,
783 4079 850 4156 jure
868 4079 1002 4158 scepticis
1020 4081 1258 4152 annumerabant.
1278 4077 1366 4135 Socra·

188 4308 214 4376 t)
236 4311 330 4362 raras.
348 4309 405 4362 rsa.
421 4311 450 4363 n.

187 4393 214 4458 2)
233 4396 424 4458 Quaesiverunt
445 4397 583 4451 haedere
599 4402 703 4468 antiqui.
726 4401 765 4453 Cf.
786 4403 878 4454 Sextus
895 4403 993 4471 Empir.
1011 4386 1028 4454 l.
1046 4402 1088 4454 33.

187 4480 213 4542 3)
233 4483 288 4534 vid.
308 4483 379 4551 Apol.
398 4485 468 4536 scer.
486 4483 528 4534 20.
546 4484 575 4536 b.
589 4485 619 4536 21
637 4486 666 4535 t).
