2950 5134
749 271 785 328 16

145 437 244 508 chium
271 457 305 496 eo
329 434 444 495 facilius
473 429 675 514 efficaciusque
698 431 827 492 Platonis
850 443 878 489 ct
905 432 1010 512 scripta
1038 443 1067 490 ct
1085 431 1299 514 philosophiam
1320 447 1379 493 tra-

144 561 234 612 ctasse
246 559 332 629 atque
348 548 543 630 explicuisse,
564 566 623 627 quo
642 547 731 628 magis
755 559 827 606 esset
842 545 902 626 ipsc
920 565 985 606 cum
1003 544 1108 606 divino
1126 545 1298 629 philosopho
1317 569 1377 608 sen·

146 666 227 726 sibus
245 665 417 746 ingenioque
436 675 582 744 cognatus.

187 779 249 838 Hac
268 793 364 838 autem
384 777 492 836 lactum
515 774 686 836 incredibili
703 774 831 835 Platonis
848 796 943 835 amore
960 789 1019 850 est,
1038 790 1071 836 ut
1090 776 1275 836 Plutarchum
1295 776 1380 838 edere

147 893 391 975 Wyttenbacbius
405 891 550 972 aggressus
569 892 614 951 sit.
655 891 771 951 Etenim
788 913 848 950 non
867 911 899 950 eo
919 890 1064 971 spectabat
1083 893 1139 953 viri
1157 892 1332 968 consilium,
1348 907 1381 953 ut

146 1023 292 1070 auctorem
312 1007 409 1068 ederet
428 1019 456 1065 et
475 1007 571 1066 variae
591 1019 619 1065 et
637 1006 803 1066 reconditae
823 1005 991 1080 doctrinae,
1011 1007 1062 1084 qui
1082 1025 1158 1066 unus
1173 1010 1302 1068 omnium
1322 1011 1380 1068 mi-
1466 1041 1467 1098 ἐ

148 1126 227 1185 nime
246 1123 387 1206 explicari
405 1133 517 1203 posset,
539 1121 596 1181 nisi
614 1122 679 1200 quis
693 1133 781 1180 totam
795 1133 905 1180 teneret
924 1119 1131 1228 adhiberetque
1150 1123 1189 1183 ad
1207 1121 1378 1206 interpreta-

146 1241 255 1301 tionem
273 1239 482 1317 antiquitatem.
509 1237 589 1312 Quae
608 1237 681 1296 ratio
700 1235 788 1294 fuisse
803 1235 966 1295 Casauboni
985 1236 1102 1297 videtur
1115 1239 1148 1298 in
1163 1234 1277 1300 edendo
1291 1240 1378 1300 Athe·

146 1375 228 1416 naeo.
250 1353 317 1435 sed}
331 1351 409 1433 quod
424 1367 474 1427 tu,
495 1353 651 1428 Creuzere,
671 1351 718 1412 vir
735 1343 993 1428 πλατωναιώτατε,
1014 1367 1153 1433 spectasse
1172 1353 1244 1414 mihi
1259 1356 1339 1416 visus
1350 1377 1380 1417 es

147 1473 180 1530 in
197 1469 381 1551 suscipienda
400 1467 509 1529 Plotini
524 1465 669 1543 editione,
684 1467 762 1529 idem
776 1470 933 1550 spectavit,
954 1468 1057 1550 etipse
1074 1469 1192 1551 publice
1207 1484 1248 1530 est
1267 1472 1378 1546 fassus,

146 1584 410 1666 wyttenbachius,
428 1596 460 1643 ut
469 1595 613 1642 auctorem
627 1581 760 1658 baberet,
775 1585 807 1643 in
817 1606 902 1664 quem
917 1582 1167 1664 interpretandum
1182 1605 1294 1645 omnem
1309 1607 1378 1646 con·

147 1703 234 1762 ferret
262 1698 468 1774 adhiberetque
497 1695 658 1756 Socraticae
685 1698 885 1780 philosophiae
904 1713 932 1758 et
956 1699 1120 1760 Platonicae
1147 1700 1319 1782 elegantiam
1349 1717 1379 1763 et
1466 1731 1467 1740 ¹

148 1817 316 1878 ubertatem.
354 1813 532 1872 Dissuaserat
550 1811 605 1871 boc
625 1812 652 1872 ei
675 1813 830 1873 consilium
848 1813 1078 1889 Valckenarius,
1099 1829 1132 1875 ut
1150 1819 1241 1895 majus
1259 1839 1312 1899 pro
1327 1820 1378 1880 vi-
1466 1785 1467 1790 ἵ

146 1947 191 1994 tae
207 1932 349 1992 humanae
370 1927 520 1989 brevitate.
563 1927 627 2002 Quo
653 1929 749 1988 minus
776 1949 857 2010 aegre
871 1929 1026 1989 ferendum
1041 1945 1101 2006 est,
1121 1952 1194 2011 quac
1213 1935 1378 1996 nonnullo-
1466 1983 1467 1988 η

149 2067 212 2108 rum
229 2062 271 2107 cst
290 2042 484 2117 consuetudo,
511 2063 582 2122 opus
605 2064 665 2102 non
689 2042 728 2102 ad
752 2043 840 2103 linem
864 2064 922 2103 esse
945 2045 1125 2130 perductum.
1166 2046 1254 2108 Grato
1278 2052 1378 2114 animo
1414 2123 1419 2136 Ι
1466 2091 1467 2100 .

148 2161 370 2245 accipiendum,
390 2157 469 2237 quod
487 2156 588 2233 dedit,
608 2178 668 2217 non
690 2159 803 2238 ingrato
826 2159 1070 2240 vituperandum,
1091 2161 1158 2242 plus
1176 2183 1234 2224 csse
1251 2167 1377 2245 promis·

117 2333 120 2340 ,
148 2301 208 2339 sum
220 2324 229 2354 ,
257 2297 342 2358 quam
366 2273 481 2340 darum.
513 2273 578 2332 Non
606 2273 733 2353 cogitant
757 2274 963 2355 vituperatores
982 2276 1049 2352 isti,
1068 2276 1152 2356 quale
1171 2279 1208 2337 sit
1227 2279 1305 2358 quod
1324 2301 1377 2342 su-

147 2393 238 2474 scepit
259 2412 346 2472 opus,
367 2388 433 2463 vel,
454 2388 478 2448 si
496 2388 641 2468 cogitant,
663 2409 722 2447 non
733 2388 987 2466 animadvertunt,
1003 2412 1075 2469 quae
1093 2394 1182 2452 fuerit
1201 2393 1376 2473 Wyttenba·

146 2509 206 2570 chii
231 2505 384 2587 diligentia
410 2517 439 2563 et
466 2502 566 2583 religio
594 2501 627 2561 in
656 2503 783 2562 minimis
810 2506 918 2585 pariter
944 2527 977 2566 ac
1005 2509 1138 2569 maximis
1165 2509 1373 2591 explorandis:

1243 2595 1250 2615 .

146 2626 253 2707 quippe
271 2622 321 2701 qui
349 2618 405 2678 sibi
429 2637 500 2697 opus
523 2618 720 2698 proposuerit,
741 2619 820 2698 quod
837 2620 877 2678 sic
907 2619 1074 2700 perliceret,
1096 2638 1128 2683 ut
1147 2625 1243 2704 quoad
1261 2629 1322 2706 ejus
1340 2629 1375 2688 in

145 2742 200 2801 hac
219 2736 345 2799 hominis
364 2731 561 2792 imbecillitate
580 2730 643 2791 fieri
665 2731 783 2808 liceret,
803 2732 1015 2793 desideraretur
1032 2735 1110 2795 nihil
1120 2784 1129 2813 ,

309 2851 357 2908 nil
376 2858 478 2917 actum
496 2857 661 2924 reputans,
681 2850 753 2906 dum
772 2849 846 2927 quid
864 2861 1030 2927 superesset
1048 2855 1206 2934 agendum.

145 2969 231 3049 Quod
250 2981 343 3028 autem
360 2985 420 3023 non
434 2976 546 3023 secutus
564 2976 606 3021 est
619 2961 748 3044 prudens
761 2985 829 3022 sane
847 2964 1035 3025 Valckenarii
1053 2968 1225 3046 consilium,
1246 2986 1306 3033 crat
1323 2973 1374 3032 hic
1465 3009 1466 3012 =

146 3087 200 3148 illo
216 3099 342 3164 tempore
362 3097 530 3152 senescens,
543 3076 787 3158 Wyttenbachius
805 3100 873 3140 vero
891 3081 925 3139 in
940 3081 1175 3161 ipsojuventutis
1193 3083 1261 3144 flore
1281 3101 1309 3146 et
1329 3088 1372 3150 vi·
1465 3113 1466 3134 .

146 3223 212 3286 gare
222 3245 231 3276 ,
253 3213 284 3258 ut
299 3185 453 3275 susciperet
472 3192 575 3267 facile,
595 3192 673 3270 quod
692 3205 767 3252 aetas
785 3192 962 3255 dissuaderet
979 3199 1125 3259 maturior.
1151 3201 1210 3283 Ego
1228 3222 1297 3264 vero
1316 3201 1374 3262 ad·
1465 3197 1466 3206 ¹

146 3319 234 3377 miror
251 3315 283 3373 in
301 3312 356 3372 boc
375 3311 437 3390 ipso
455 3308 567 3388 negotio
586 3307 643 3366 vici
658 3306 787 3367 studium
805 3322 833 3366 et
851 3307 982 3368 ardorem
1001 3310 1298 3395 vehementissimum,
1319 3322 1372 3399 qui

147 3454 226 3506 non,
247 3443 278 3490 ut
296 3426 372 3486 levia
392 3424 527 3503 ingenia,
548 3421 624 3484 levia
643 3422 816 3502 susciperet,
835 3423 886 3483 sed
903 3439 1002 3484 natum
1021 3445 1049 3484 se
1068 3430 1194 3490 sentiens
1211 3430 1249 3491 ad
1267 3453 1372 3514 magna
1465 3421 1466 3440 ¹

146 3547 242 3610 omnia
261 3558 289 3603 et
307 3522 567 3623 praestantissima,
589 3533 811 3596 difficultatibus
835 3557 895 3596 non
919 3538 1142 3620 absterreretur,
1172 3561 1271 3606 contra
1291 3548 1371 3610 bisce
1464 3587 1465 3592 κ

146 3663 235 3742 magis
253 3659 337 3720 etiam
356 3654 528 3718 excitaretur
552 3650 590 3710 ad
613 3651 728 3710 insitam
752 3652 812 3712 rim
830 3672 944 3712 omnem
967 3668 1047 3714 vasto
1066 3661 1144 3739 operi
1163 3661 1370 3729 adhibendam.
1464 3705 1465 3738 ;

144 3775 256 3852 Quodsi
275 3771 394 3850 legimus
416 3769 448 3826 in
472 3765 565 3847 operis
583 3764 777 3845 praefatione,
797 3779 867 3844 quot
883 3781 1059 3848 quantosque
1076 3773 1109 3832 in
1126 3773 1172 3833 his
1181 3820 1190 3850 ,
1210 3797 1283 3856 quae
1301 3803 1371 3863 per.

147 3890 235 3964 fecit,
256 3883 448 3946 exantlaverit
463 3881 592 3954 labores,
607 3881 743 3939 miremur
756 3900 824 3939 sane
843 3885 1032 3944 constantiam
1050 3887 1149 3948 viriet
1165 3893 1368 3974 pertinaciam,

148 4005 206 4066 nisi
225 4003 378 4083 cogitemus
406 3996 510 4070 simul,
531 4014 624 4054 amore
649 3993 734 4053 illum
753 3994 872 4054 ductum
900 3996 1137 4082 sublevatumque
1164 4006 1251 4068 fuisse
1268 4010 1369 4072 litera·
1448 4043 1452 4052 ·

146 4141 212 4182 rum
222 4165 230 4194 ,
250 4120 306 4178 imo
324 4113 452 4176 Platonis
470 4127 581 4182 amore,
601 4109 651 4187 qui
670 4107 714 4166 nil
734 4130 794 4168 non
811 4124 839 4170 et
856 4112 989 4195 profligat
1008 4132 1035 4177 et
1053 4120 1156 4180 vincit,

189 4238 257 4296 Late
274 4231 390 4315 patebat
406 4223 626 4308 Wyttenbaohii
642 4222 776 4282 doctrina
785 4269 794 4299 ,
808 4225 887 4287 haud
901 4229 1071 4292 arctioribus
1090 4247 1225 4298 contenta
1245 4240 1366 4318 finibus,

145 4373 231 4433 quam
259 4351 360 4429 ingens
382 4340 530 4404 Plutarchi
558 4331 759 4416 πολυμάθεια,
787 4363 872 4422 quam
901 4363 937 4402 ex
956 4346 1089 4408 universa
1109 4352 1279 4431 antiquitate
1298 4357 1365 4417 illu·

147 4464 294 4528 strandam
313 4455 461 4520 sumserat.
491 4457 528 4519 Et
542 4459 637 4539 prouti
661 4457 850 4532 Plutarchus,
871 4457 912 4517 sic
937 4459 998 4540 ipse
1021 4481 1081 4521 eam
1098 4465 1269 4530 mirabiliter
1284 4475 1364 4552 quasi
