2838 5120
724 283 785 346 2⁵8

145 467 212 551 μῦς
239 465 396 534 nomem·
421 456 536 526 cocitum
560 458 598 524 δὲ
619 457 702 524 ἕνεκα
723 457 808 526 ndrt'
833 457 897 524 icti
922 454 964 521 ια’
979 458 1031 522 νῦν
1051 455 1204 543 λεγόμενα·
1225 472 1357 525 tentoriae
1413 545 1414 548 Ἴ

143 581 225 631 artie
250 579 399 630 rationem
428 569 523 645 hujus
553 573 651 644 ipsius
670 572 779 626 caused
798 587 881 624 nemo
895 565 1081 643 prudentior
1099 573 1259 645 exquirere
1276 565 1356 635 colit,⁸

142 673 193 730 aed
209 673 285 730 lutet
299 671 455 747 pleneque
464 711 473 740 ,
494 671 615 743 opinor,
636 667 724 724 relus
742 667 878 744 quidem,
896 665 1082 742 qnoasocc’la
1094 671 1231 746 cognosci
1242 671 1356 742 possint,

103 845 109 856 δ
142 778 292 854 imagines
316 767 462 846 quaedum
483 785 544 823 eoae
556 771 720 842 proprios,
742 766 880 824 aaneilue
892 765 1123 842 percipiendos,
1145 785 1221 843 quoa
1236 764 1357 820 indicere

142 891 201 927 aon
230 868 356 947 difficile
384 874 448 940 eat,
479 870 594 941 quoties
621 871 689 942 quis
707 863 838 921 illorum
858 863 994 940 aliquam
1014 869 1188 941 acquirenti
1206 885 1264 922 non
1283 882 1357 940 aegre

142 976 172 1025 at
199 987 268 1025 cum
283 966 439 1037 uiolentia,
460 963 512 1021 aed
529 969 595 1020 eine
614 967 851 1021 ratiocinatione
864 961 968 1038 focile
986 962 1054 1018 vult
1070 971 1242 1020 monstrare
1251 983 1265 1031 ‚⁴
1284 965 1357 1017 relus

141 1085 211 1122 aero
241 1069 384 1122 maincia
410 1062 730 1140 praeclarissimaque
757 1083 815 1119 non
841 1082 901 1120 esee
920 1067 1086 1140 imaginem
1105 1061 1202 1118 ullam
1220 1062 1261 1118 ud
1279 1061 1357 1117 homi-

143 1183 216 1219 num
242 1171 365 1238 ceptum
392 1159 540 1240 effictam,
573 1163 634 1237 qud
663 1164 835 1218 monstrata
863 1167 909 1234 ia,
940 1165 994 1237 qni
1022 1138 1211 1236 ecquis-antia
1237 1164 1356 1217 animum

45 1295 47 1302 ,
142 1262 260 1337 explere
275 1265 379 1336 eupit,
400 1264 505 1334 ecnmi
517 1258 637 1316 cuidam
655 1259 896 1332 accommodam,
918 1263 995 1316 actio
1013 1259 1139 1335 capient.
1185 1255 1356 1336 Quapropter

142 1379 261 1436 operam
288 1359 362 1415 doro
388 1365 523 1434 eportet,
554 1364 591 1413 ut
609 1364 744 1415 rationes
762 1357 798 1415 de
816 1357 950 1436 siugulis
969 1366 998 1414 et
1015 1357 1089 1414 doro
1107 1365 1137 1414 et
1155 1351 1290 1435 occepere
1303 1375 1353 1432 poe-

142 1464 246 1516 simuo.
288 1453 368 1513 Nom
392 1463 582 1533 incorporeo,
611 1475 687 1532 quoe
713 1457 905 1532 pulcerrimo
934 1463 1008 1513 eunt
1032 1464 1061 1512 ei
1078 1463 1232 1529 monimo,
1253 1459 1355 1511 ratioci-

142 1563 264 1613 natione
291 1555 405 1628 aulum,
435 1554 500 1612 olio
528 1573 595 1611 cero
620 1561 659 1611 're
678 1553 766 1612 nullo
787 1556 942 1613 evidenter·
959 1555 1217 1614 demonstrantur.
1258 1553 1358 1612 Hostem

140 1659 249 1736 groiid
268 1653 339 1710 haee
358 1654 441 1711 nohis
461 1657 561 1710 martio
581 1653 666 1710 dicto
687 1662 792 1713 ncnc.»
814 1651 843 1733 l)
883 1653 928 1712 Ex
947 1671 1004 1732 qua
1023 1651 1204 1715 memorabili
1224 1653 1255 1710 in
1275 1651 1359 1732 primis

143 1753 286 1811 mntentia
314 1750 375 1812 vim
404 1762 433 1809 et
460 1749 601 1810 canonem
631 1750 730 1809 simul
758 1750 938 1810 inductionis
970 1750 1131 1811 Socraticae
1159 1750 1278 1832 plenius
1305 1749 1360 1808 licet

145 1869 325 1928 cognoscere.
368 1846 416 1906 Sic
448 1846 503 1906 illa
523 1846 674 1927 procedit,
699 1848 797 1928 prouti
816 1870 869 1908 nos
887 1847 1049 1909 docuerunt
1065 1849 1204 1917 Smratici
1222 1845 1299 1931 ap'ud
1315 1847 1359 1907 Xe·

145 1946 326 2027 nophontem
347 1939 513 2019 sermones,
541 1957 570 2004 et
597 1944 700 2021 modo,
726 1965 815 2024 quum
834 1944 871 2004 de
889 1949 1017 2026 encmplc
1036 1947 1208 2027 agebamus,
1229 1947 1359 2020 vidimus,

146 2059 178 2104 ut
201 2044 286 2120 rebus
313 2041 529 2104 obscurioribus
555 2044 766 2104 manifestiores
795 2058 999 2125 apponantur,
1020 2067 1142 2124 quarum
1164 2046 1360 2128 comparatione

68 2133 76 2146 ¹
146 2142 349 2220 illustrentur3
381 2141 432 2201 sed
462 2140 513 2201 hic
539 2140 689 2218 videmus,
719 2142 793 2202 illuc
822 2163 883 2202 eam
910 2145 1077 2224 praesertim
1097 2144 1212 2220 valere,
1232 2159 1283 2220 ut,
1301 2161 1359 2222 quae

145 2239 277 2300 sensibus
304 2261 365 2302 non
394 2253 514 2323 patent,
543 2239 595 2300 sed
618 2240 682 2299 'uni
712 2241 845 2320 cognosci
875 2254 970 2301 mente
998 2255 1027 2302 et
1046 2245 1221 2323 cogitatione
1239 2253 1359 2326 possunt,

144 2332 184 2400 aci
209 2330 372 2417 ἀσώματα,
401 2359 497 2398 rerum
523 2335 728 2418 spectabilium
759 2340 972 2422 comparatione
1000 2339 1220 2422 intelligantur,
1259 2341 1360 2401 omnino

149 2454 200 2515 ut,
242 2461 279 2498 ex
310 2438 420 2500 mundo
459 2428 560 2520 ὁρατῷ
599 2437 773 2515 conjecturis
809 2438 926 2518 captis,
966 2439 1007 2498 sic
1031 2438 1163 2518 judicare
1202 2440 1239 2500 de
1266 2435 1360 2498 mundo

146 2536 245 2623 νοητῷ
273 2538 446 2600 studeamus.
488 2540 568 2614 Quae
597 2536 670 2594 ratio
699 2535 741 2596 sie
769 2547 890 2595 naturae
919 2550 1111 2597 consentanea
1131 2552 1173 2597 est
1190 2538 1298 2620 ingenii
1314 2536 1360 2594 hu-

146 2641 245 2714 mani,
276 2652 309 2697 ut
333 2637 443 2718 linguis
470 2635 541 2697 adeo
569 2635 699 2696 omnium
727 2633 856 2712 gentium
884 2633 1093 2715 comprobetur.
1122 2626 1227 2712 Nam,
1256 2635 1360 2716 quoda

146 2735 347 2820 compluribus
354 2734 587 2796 animadversum
608 2729 789 2814 philosophis
800 2743 861 2806 est,
877 2753 1065 2812 quaecunque
1075 2734 1108 2793 in
1117 2734 1227 2816 linguis
1236 2731 1360 2796 vocabula

148 2859 195 2897 res
211 2832 513 2896 indicantasensibus
530 2842 668 2905 semotas,
690 2829 737 2892 vel
757 2829 843 2889 ducta
864 2843 932 2889 sunt
942 2875 951 2906 ,
973 2831 1022 2892 vel
1040 2831 1164 2893 colorem
1183 2849 1259 2893 certe
1268 2833 1359 2891 habeut

147 2959 163 2996 a
182 2934 282 3008 rebus,
302 2952 375 3012 quae
393 2930 546 3006 videntur,
558 2929 733 3003 audiuntur,
745 2927 930 3007 tanguntur,
944 2929 1075 3005 sensibus
1084 2932 1203 2992 omnino
1212 2932 1358 3014 percipiuu·

148 3042 205 3095 tur.
246 3032 284 3093 Et
310 3051 379 3091 vero
390 3075 400 3106 ,
427 3030 484 3089 nisi
510 3050 547 3090 ex
574 3027 655 3087 hisce
677 3025 831 3106 cogitando
850 3027 987 3107 imagines
1005 3049 1148 3088 sumamus
1164 3028 1203 3089 ad
1222 3029 1274 3089 illa
1291 3027 1358 3088 nobis

148 3127 410 3214 repraesentanda,
432 3149 469 3188 ne
489 3129 614 3209 cogitare
632 3124 751 3204 quidem
771 3123 857 3184 nohis
874 3125 912 3187 de
934 3125 995 3185 illis
1014 3126 1123 3187 liceret
1160 3128 1245 3201 Quod
1264 3140 1357 3188 nostrae

149 3231 265 3310 linguae
283 3225 415 3307 Belgicae
434 3226 610 3290 vocabulum
636 3225 840 3284 denhbeeld
863 3237 891 3284 et
905 3224 1009 3305 probat
1023 3237 1051 3284 et
1067 3226 1172 3285 eximie
1189 3227 1319 3287 illustrat.

189 3327 279 3388 Haud
298 3327 402 3386 iccirco
420 3326 469 3386 vel
498 3327 634 3386 miremur
662 3322 710 3385 vel
739 3343 821 3402 aegre
844 3323 989 3399 ieramus,
1010 3323 1062 3382 uhi
1089 3317 1191 3406 hospes
1214 3326 1267 3385 ille
1292 3322 1358 3384 nobis

151 3427 268 3488 viliores
286 3438 360 3484 artes
371 3468 380 3498 ‚
403 3437 434 3483 ut
452 3424 634 3504 piscatoriam
657 3435 685 3482 et
714 3421 883 3496 textoriam,
904 3422 1049 3504 proponit.
1090 3422 1233 3502 Imagines
1256 3437 1357 3497 sunt,e

150 3524 256 3604 quihus
273 3522 370 3583 adres
387 3521 567 3602 gravissimas
585 3519 790 3602 inprimisque
814 3518 952 3580 sublimes
977 3518 1167 3599 assequendas
1185 3523 1356 3600 conjecturam

150 3623 297 3684 ducamus.
348 3621 467 3700 Negotia
493 3634 628 3683 memorat
655 3617 793 3698 deinceps
818 3617 850 3676 in
874 3617 1016 3695 Sophiste
1042 3617 1127 3698 longe
1151 3620 1238 3678 etiam
1263 3598 1356 3680 vilicn.

149 3724 237 3796 Nam,
258 3733 342 3802 capto
361 3718 506 3800 sophista,
528 3719 570 3778 sic
589 3737 676 3799 porro
695 3715 797 3795 hospes
817 3714 881 3774 illic
899 3715 1031 3776 Eleates:
1056 3737 1080 3769 -u
1092 3715 1175 3777 vides
1193 3718 1294 3798 igitur,
1321 3717 1357 3774 in-

148 3821 232 3900 quit,
253 3839 353 3880 verum
373 3837 432 3876 esse
452 3815 530 3895 quod
550 3814 677 3891 dicitur,
702 3809 830 3874 ποικίλον
850 3813 981 3874 essehoc
1001 3813 1129 3890 animal,
1150 3829 1238 3896 utque
1261 3835 1356 3898 prover·

151 3917 201 3977 bio
221 3917 331 3994 scitur,
352 3937 413 3976 non
435 3913 524 3976 alteri
551 3933 639 3975 manu
656 3911 968 3998 comprehendendum.
988 3940 1023 3952 -
1042 3913 1120 3995 Ergo
1144 3916 1264 3995 uirique
1288 3933 1356 3996 opor·

184 4177 210 4244 1)
231 4179 328 4230 Politic.
346 4177 406 4230 285.
422 4176 453 4230 1).
471 4175 501 4228 E.
520 4175 578 4230 286.
594 4177 626 4246 ᾼ.
663 4178 706 4230 Sic
718 4153 804 4230 locum
816 4175 1010 4245 interpretando
1025 4176 1162 4244 expedivi,
1182 4186 1211 4230 ut
1222 4171 1354 4242 conjectum

149 4295 203 4330 nou
219 4293 285 4346 opus
300 4278 349 4342 sit,
367 4293 431 4348 quas
440 4277 544 4345 juvenis
562 4279 704 4348 proposui,
718 4279 789 4348 spec.
804 4280 860 4328 crit.
876 4277 904 4328 in
918 4276 983 4328 Pus
999 4293 1027 4344 p.
1042 4273 1098 4330 13⁷.
1121 4257 1184 4346 Mu*
1193 4256 1266 4344 pesti
1277 4276 1352 4340 ouer·

149 4367 254 4452 μάτων
272 4387 381 4438 estsine
400 4388 510 4440 momen
531 4403 547 4440 e
570 4386 670 4456 vulgari
693 4384 808 4438 dictione
825 4369 987 4460 πράγματα
999 4365 1092 4456 ipen,
1108 4379 1152 4431 vel
1164 4351 1352 4472 naofpumi

150 4489 271 4542 Proximo
287 4493 313 4542 id
329 4481 440 4570 ῥᾳδίως
460 4497 615 4564 exprimitur.
