2924 5132
722 277 781 339 576

144 455 217 518 quae
238 439 274 499 de
299 438 422 516 musica,
447 439 483 499 de
501 443 580 522 poesi
591 488 600 518 ,
621 449 788 526 praesertim
810 445 847 508 dc
870 465 963 506 amore
983 459 1012 506 et
1030 446 1144 530 duplici
1164 449 1281 528 quidem
1301 449 1354 511 illo
1361 497 1370 525 ,

143 531 271 624 οὐρανίῳ
299 557 327 603 et
353 533 515 625 nordrjpeqr,
536 545 608 604 miri
631 544 774 626 elegantid
795 545 911 625 scripsit
937 544 1037 620 Plato,
1067 568 1127 606 non
1147 561 1285 629 ceperunt
1303 549 1372 616 haec

78 701 84 716 ,
144 640 276 700 homines
285 687 295 716 ,
314 643 505 702 recentiorum
525 643 726 723 systematibus
744 641 874 716 addicti,
895 657 970 703 certe
997 645 1143 724 systemati
1160 645 1231 706 haec
1250 668 1374 707 sunnon

142 753 300 820 potuerunt
328 740 549 801 accommodare.
591 741 784 816 Quamobrem
806 741 854 803 vel
878 741 996 802 silentio
1020 745 1275 823 praetermiserunt
1304 745 1374 820 illa,

145 837 193 898 vel
203 885 212 914 ,
233 860 298 898 cum
325 839 358 900 id
381 861 441 899 non
458 839 572 914 liceret,
593 840 795 921 intempestive
811 839 908 900 alieno
927 837 990 899 loco
1010 842 1257 923 interposuerunt.
1297 843 1376 919 Quid

146 935 241 1000 dicam
270 939 306 999 de
336 940 441 998 artium
470 941 600 998 omnium
630 938 822 1021 laudatarum
841 960 872 998 ac
900 923 1124 1020 disciplinarum
1148 943 1376 1016 instauratione,

146 1041 229 1118 cujus
257 1051 356 1098 auctor
382 1037 463 1096 Plato
485 1038 560 1097 luit:
583 1037 620 1098 de
646 1058 723 1098 novo
749 1037 873 1096 musicae
899 1059 931 1096 ac
955 1043 1089 1118 poeseos,
1111 1038 1148 1100 de
1172 1061 1251 1100 novo
1276 1062 1381 1121 geome-

145 1137 217 1198 triae
245 1157 279 1195 ac
310 1135 498 1210 dialecticae,
524 1134 561 1196 de
591 1157 668 1196 novo
697 1135 895 1215 eloquentiae,
924 1137 981 1196 imo
1010 1157 1079 1198 vero
1105 1137 1238 1199 denoto
1259 1139 1380 1219 quodam

144 1248 174 1294 et
193 1233 361 1295 sublimiore
382 1236 510 1311 ethicae,
530 1235 685 1316 politicae,
706 1234 782 1296 adde
801 1248 829 1294 et
848 1218 1008 1315 theologiae
1027 1255 1148 1317 genere,
1167 1237 1251 1318 quod
1269 1239 1381 1320 scriptis

144 1331 276 1415 prodidit
304 1353 337 1392 ac
363 1335 525 1396 celebravit
544 1335 626 1394 suis?
668 1333 704 1394 ld
722 1353 826 1409 omne,
848 1333 933 1412 quale
960 1335 1016 1410 sit,
1037 1356 1075 1394 ne
1103 1337 1247 1417 suspicari
1266 1336 1381 1417 quidem

142 1445 280 1514 possunt,
311 1445 454 1512 quotquot
479 1455 540 1493 non
567 1445 641 1493 totos
666 1451 725 1491 sese
750 1445 778 1491 ct
799 1433 916 1512 penitus
939 1433 973 1492 in
992 1446 1110 1492 aetatem
1131 1433 1265 1494 Platonis
1283 1436 1381 1516 ipsius·

143 1549 199 1612 que
220 1533 326 1613 scripta
353 1533 589 1594 insinuaverunt.
631 1529 707 1590 Sunt
735 1544 830 1590 autem
859 1529 930 1590 haee
949 1529 1034 1592 nohis
1052 1530 1268 1613 perdiligenter
1290 1549 1382 1595 atten-

143 1629 256 1706 denda,
278 1630 421 1710 siquidem
448 1645 478 1690 et
506 1630 692 1712 interpretari
711 1628 927 1712 philosophiam
946 1631 1089 1706 Platonis,
1107 1644 1138 1690 et
1155 1630 1303 1691 ambitum
1323 1635 1380 1711 ejus

143 1748 257 1788 omnem
277 1741 373 1788 mente
392 1727 565 1810 complecti,
586 1743 616 1789 ct
641 1747 710 1790 reru
730 1727 869 1810 prolicere
888 1726 1016 1788 indeed
1034 1742 1199 1812 temporum
1220 1744 1381 1790 nostrerum

143 1847 227 1886 usum
247 1827 381 1888 velimus.
423 1829 495 1888 Nam
514 1828 678 1889 desiderare
698 1827 768 1886 haec
793 1841 872 1888 aetas
892 1828 1145 1888 commutationem
1160 1825 1380 1910 philosophiae,

139 1925 216 2006 quin
243 1926 330 1984 etiam
356 1927 573 1987 renotationem
602 1925 750 2007 quandam
776 1924 913 2001 videtur,
946 1939 978 1984 ut
1003 1947 1057 1985 nec
1086 1909 1380 1986 tmeeeeendeutelts

140 2024 199 2100 sit,
218 2043 328 2104 nosque
347 2047 366 2084 o
383 2033 483 2102 potore·
502 2026 669 2084 ratiocinari
688 2045 721 2084 ae
738 2037 861 2084 statuere
877 2043 1043 2104 pergarnus,
1065 2045 1119 2086 nee
1139 2043 1208 2084 vero
1228 2027 1284 2100 sit,
1307 2025 1378 2106 qnod

142 2121 253 2184 dicitur
263 2171 272 2199 ,
286 2133 447 2202 empirica,
465 2125 581 2204 solique
599 2125 784 2184 contineatur
810 2123 1010 2185 observatione
1030 2143 1128 2183 rerum
1154 2125 1297 2200 externa3
1318 2125 1379 2198 sed,

141 2221 266 2282 mediant
288 2235 391 2282 tenens
416 2222 596 2302 candentque
614 2222 721 2302 regiam
741 2221 835 2297 riam,
855 2223 898 2280 sic
918 2219 1069 2303 procedat,
1091 2236 1122 2281 ut
1141 2222 1261 2304 physici
1283 2223 1377 2283 hodie·

140 2341 197 2401 qne
226 2321 338 2396 solent,
365 2323 418 2401 qui
444 2344 467 2379 a
489 2329 655 2399 perteneat
682 2321 857 2399 exquirunt,
884 2319 958 2400 quid
985 2343 1004 2378 a
1028 2327 1135 2398 priora
1154 2322 1217 2384 site
1241 2323 1324 2384 intus
1350 2322 1376 2379 in

139 2437 238 2479 rerum
253 2433 355 2479 natura
371 2419 476 2495 lateat3
499 2418 569 2480 hinc
591 2433 685 2478 auten
700 2417 847 2500 enplicare
868 2433 989 2480 naturae
1008 2419 1207 2501 phaenomena
1224 2435 1370 2481 conantur.

138 2517 228 2594 Quod
253 2512 496 2598 quemadmodum
525 2517 739 2578 instituendum
767 2518 801 2577 in
829 2518 958 2577 animum
982 2517 1144 2580 humanum
1172 2539 1205 2578 ac
1239 2519 1364 2584 mundun

139 2615 359 2698 intelligibilem
378 2631 408 2676 et
427 2617 562 2678 moralem
580 2617 636 2691 sit,
665 2614 795 2695 quidque
819 2615 945 2676 indeed
965 2615 1096 2676 indolem
1119 2615 1251 2676 hominis
1274 2638 1310 2676 ac
1327 2637 1367 2674 na·

137 2717 250 2776 corales
273 2715 425 2775 facultates
451 2729 479 2775 et
506 2715 719 2796 cognoscendas
741 2730 771 2776 et
797 2713 1007 2796 perficiendus,
1027 2729 1090 2774 tnui
1115 2716 1201 2775 etiam
1218 2715 1261 2775 ad
1276 2717 1374 2798 ipsun,

44 2845 46 2850 ·
139 2833 228 2896 quem
258 2811 342 2890 dixi,
373 2814 516 2874 mnndum
543 2815 761 2895 intelligibilem
791 2827 819 2872 et
846 2814 985 2872 moralem
1009 2813 1246 2895 explicandum,
1270 2833 1376 2896 sperare

138 2927 228 2994 atque
241 2912 413 2996 exspectate
428 2913 536 2990 liceat,
555 2935 573 2972 e
597 2913 744 2990 Platonis,
763 2914 798 2973 ni
819 2912 907 2972 fallor
917 2959 926 2988 ,
945 2911 1175 2994 philosophandi
1194 2915 1334 2989 ratione,
1355 2924 1378 2970 nt

137 3013 271 3094 exposita
300 3035 316 3071 a
342 3012 427 3072 nohis
445 3026 508 3088 est,
536 3011 664 3072 efficitur
692 3012 789 3073 facile.
830 3012 904 3072 Nam
928 3009 1010 3090 quod
1037 3011 1185 3090 antiquam
1212 3011 1301 3072 illam
1320 3011 1377 3092 plui·

140 3111 301 3193 lcsophiam
329 3110 582 3186 commendamus,
600 3131 663 3171 nen
691 3111 732 3170 ita
758 3109 978 3191 accipiendam,
1008 3109 1091 3188 quasi
1119 3109 1283 3190 retrogradi
1313 3109 1377 3170 teli·

139 3227 221 3283 aas,
255 3190 421 3289 mistisque,
453 3229 530 3290 qnae
560 3209 671 3270 adsunt
697 3208 804 3285 nohis,
842 3207 990 3269 veteribus
1021 3207 1197 3282 defuerunt,
1225 3207 1375 3268 doctrinae

138 3309 356 3390 sapientiaeque
382 3307 592 3384 adminiculis,
622 3307 678 3367 iter
710 3321 840 3368 numium
865 3305 991 3380 iisdem,
1024 3306 1131 3385 quihus
1164 3319 1299 3380 veteres,
1329 3319 1377 3364 tec-

142 3407 233 3467 minis
260 3405 386 3466 definire
411 3405 574 3484 jubeamus.
616 3401 726 3466 lictant
749 3405 806 3465 huc
836 3418 865 3464 et
893 3403 950 3464 alia
973 3404 1137 3484 permulta,
1154 3417 1187 3463 et
1216 3423 1289 3466 aero
1305 3405 1379 3462 aelt-

137 3514 260 3590 go‘o'tris,
287 3521 363 3585 quae
389 3519 454 3587 post
480 3504 599 3564 illorum
625 3517 754 3586 tempora
772 3503 906 3577 exstitit,
936 3523 1004 3562 cum
1031 3501 1167 3577 ubertas,
1195 3515 1262 3562 tnm
1283 3502 1323 3563 ad
1340 3523 1379 3564 se

142 3607 270 3688 pientiae
290 3607 366 3668 vien
387 3617 462 3664 recte
484 3603 640 3664 tenendam
656 3603 823 3664 efficacitas.
860 3600 922 3661 see
946 3602 986 3662 sie
1007 3601 1100 3662 uelim
1120 3619 1163 3668 en,
1184 3602 1310 3680 antiqua
1330 3601 1379 3666 ille

141 3704 326 3786 philosophia
350 3703 534 3785 proficiamus
543 3746 552 3777 ,
571 3715 605 3761 ut
614 3748 623 3778 ,
639 3703 715 3781 quid
740 3703 778 3762 sit
800 3699 1004 3782 philosophia,
1021 3721 1081 3780 qna
1097 3701 1137 3760 ait
1155 3701 1204 3760 tia
1218 3700 1379 3760 curatione

141 3803 310 3879 uuanda,
338 3823 398 3882 quo
423 3801 552 3864 ‚martine
582 3801 622 3862 sit
654 3799 782 3862 consilio
811 3799 1013 3881 propositoque
1041 3797 1222 3873 ertualenda,
1256 3809 1322 3858 nm
1348 3797 1378 3858 in

141 3903 262 3984 primis,
281 3899 523 3982 quenadmodum
547 3898 590 3959 od
618 3913 693 3959 artes
719 3898 923 3976 doctrinasque
950 3917 1049 3956 omnes
1075 3896 1278 3979 provehendas
1295 3895 1378 3956 adlui-
1449 3907 1450 3920 ¹

140 4001 240 4062 fienda
269 4003 326 4077 sit,
355 3993 508 4061 diseamus.
550 3997 613 4060 Heu
636 3997 717 4058 illud
739 4011 806 4073 est,
833 3995 912 4076 quud
938 3995 975 4055 ab
999 3997 1090 4056 initio
1116 3997 1242 4077 scripsi,
1271 4009 1302 4055 et
1329 3995 1375 4056 hte

141 4099 308 4164 iminium
344 4117 465 4159 censae:
500 4100 626 4178 paudite
653 4119 670 4160 e
696 4099 812 4156 achalm
843 4101 1001 4178 unguettte
1033 4117 1072 4153 oc
1106 4103 1216 4176 genera·
1248 4097 1376 4158 lenm

79 4203 83 4220 '
137 4201 276 4278 miletae
290 4199 479 4280 philosophia
493 4197 604 4268 debet,
625 4196 695 4270 sed,
716 4194 771 4254 hoc
789 4208 822 4254 nt
837 4194 893 4256 diat
904 4241 913 4268 ,
929 4195 1169 4272 philosophae
1188 4208 1302 4276 oportet
1316 4200 1376 4252 rt'te

140 4316 204 4358 me
219 4307 258 4357 tn
277 4300 376 4358 schole
397 4299 551 4372 ordinae,
574 4295 713 4356 Suenda
725 4302 860 4355 mma
876 4302 905 4352 ot
925 4294 1067 4354 Platonis
1085 4300 1292 4352 institutione.

658 4475 860 4506 ...Ο-.-
