2838 5120
750 275 810 337 300

159 440 233 502 ratio
262 438 378 520 plenius
407 439 492 498 etiam
518 439 688 519 percipitur.
730 437 786 498 Sed
815 435 978 498 diximus
971 458 1002 497 in
1031 439 1258 522 superioribus
1251 454 1312 500 rtem
1337 440 1364 500 de

159 540 310 598 scabendi
336 538 447 598 ratione
473 538 599 644 optima,
627 559 700 616 quae
728 537 851 596 maxime
878 535 1026 618 prodesset
1055 539 1222 628 bominibus
1232 540 1363 617 ,itemque

160 637 198 698 de
223 636 379 695 Platonici
408 638 523 716 dialogi
550 617 684 712 dataro,
706 649 738 695 ut
756 634 961 695 accommodati
983 621 1100 746 prorsus
1119 636 1156 696 ad
1175 638 1229 697 boc
1247 659 1364 698 summurn

161 733 310 794 scribendi
341 735 516 816 propositum
545 681 765 814 perficieridurn
790 731 820 813 ι)
859 734 937 792 Haec
960 746 1055 794 autem
1070 735 1103 794 in
1125 736 1226 816 primis
1245 733 1364 794 deelrtrari

161 855 177 894 e
205 833 373 893 dialecticae
391 833 558 892 Platonicae
576 833 731 914 principiis
749 830 866 892 debent.
908 833 980 892 Nam
999 845 1031 892 ut
1048 830 1229 913 dialogorum
1250 833 1319 908 lere,
1335 834 1364 890 ita

162 931 336 1012 scriptorum
363 929 510 1005 Platonis,
532 928 678 1010 analytica
696 931 767 989 ratio
787 944 837 989 est.
880 930 1021 989 Referunt
1039 931 1166 990 nativam
1184 931 1283 1005 illam,
1302 932 1365 1007 cujus
1403 971 1404 1014 ι

162 1031 350 1089 mentionem·
366 1031 427 1107 jam
456 1029 595 1103 lecimus,
625 1027 825 1104 dialecticam,
854 1049 910 1107 qua
940 1027 1024 1087 homo
1053 1027 1085 1088 in
1105 1029 1211 1088 mediis
1228 1029 1307 1089 rebus
1319 1050 1364 1090 rer·
1403 1015 1404 1020 ι

162 1141 261 1202 satus,
291 1149 362 1206 quae
398 1125 478 1188 videt
488 1173 497 1202 ,
518 1148 590 1206 quac
608 1127 709 1201 audit,
729 1147 802 1207 quae
821 1126 954 1186 sensibus
972 1127 1091 1186 omnino
1109 1129 1256 1209 percipit,
1275 1127 1365 1186 sibinet

101 1260 108 1308 5
161 1225 226 1307 ipse
253 1225 399 1285 cernendo
421 1223 629 1305 jungendoque
659 1225 795 1305 explicat.
837 1225 930 1298 Quam
957 1224 1087 1284 referunt
1112 1227 1224 1305 pariter
1252 1227 1363 1285 rationem

165 1345 231 1384 cum
249 1322 376 1384 dramata
396 1324 568 1402 tragicorum
589 1336 616 1381 ct
634 1324 821 1398 comicorum,
841 1335 903 1382 tum
919 1322 1064 1403 epicorum
1081 1325 1224 1400 carmina,
1246 1326 1299 1383 imo
1317 1343 1362 1382 rem

163 1422 305 1484 Herodoti
329 1421 555 1502 scriptorumque
572 1420 654 1480 'libri
679 1441 795 1496 eorum,
816 1421 866 1500 qui
886 1420 1047 1480 naturalem
1064 1421 1233 1502 exponendi
1252 1423 1362 1482 rationem

162 1521 253 1580 secuti
282 1535 350 1579 sunt
379 1519 514 1579 maxime.
555 1519 738 1599 bnalyticam
759 1519 842 1578 'hanc
870 1518 1019 1579 scribendi
1043 1520 1183 1579 rationem
1214 1542 1274 1581 non
1290 1519 1321 1579 de
1334 1520 1364 1576 in·

121 1621 125 1631 ‘
163 1617 275 1678 dustria
302 1606 444 1699 explicuit
471 1616 571 1694 Plato,
607 1614 657 1677 sed
687 1632 729 1676 est
757 1638 789 1676 ca
816 1616 985 1676 dialecticae
1013 1617 1104 1698 ipsius
1132 1633 1332 1691 censentanea,
1347 1629 1363 1674 et

166 1738 252 1791 vero,
282 1717 325 1790 si,
355 1715 433 1794 quod
459 1706 640 1825 pbilosophis
668 1714 752 1775 modo
779 1715 936 1790 suasimus,
956 1715 1128 1795 investigare
1147 1716 1179 1782 ιιι
1200 1719 1262 1796 ejus
1278 1715 1362 1795 scriptis

101 1847 105 1854 ·
165 1814 394 1896 philosophandi
412 1815 494 1894 quasi
513 1816 587 1874 locos
604 1813 744 1888 velimus,
765 1814 939 1894 reperiemus
958 1813 1043 1872 facile
1062 1815 1221 1874 sententias
1237 1811 1363 1894 quasdam,

162 1913 303 1992 equibus
321 1927 349 1972 et
369 1913 530 1974 naturalem
550 1913 631 1973 illam
642 1958 651 1988 ,
672 1933 758 1991 quam
774 1911 923 1987 diximus„
945 1911 1126 1972 dialecticam
1147 1926 1175 1971 et
1195 1913 1271 1972 hanc
1287 1909 1406 1994 ιιιιιι-1

162 2011 250 2071 ticam
278 2012 426 2073 scribendi
455 2011 615 2086 rationem,
645 2010 740 2089 qualis
767 2011 823 2084 sit,
854 2008 1021 2069 efficiamus.
1063 2009 1105 2068 Ut
1127 2024 1221 2070 artem
1247 2007 1406 2070 scribendi

162 2131 375 2190 assequeremur
407 2110 603 2184 Platonicam,
634 2106 851 2188 exquirendum
875 2107 924 2167 htc
956 2107 1040 2167 nobis
1070 2110 1324 2189 proposuimus,
1311 2101 1358 2184 quid
1405 2119 1406 2122 ’

163 2217 297 2290 cogitare
317 2209 373 2284 sit,
394 2208 467 2287 quid
487 2211 598 2284 dicere,
619 2207 692 2288 quid
712 2209 857 2266 rendere.-
878 2227 950 2285 quac
969 2226 1043 2266 nova
1063 2206 1181 2266 fortasse
1201 2204 1358 2287 quibusdam,

163 2321 241 2366 certe
270 2329 287 2364 a
317 2306 430 2386 pulgari
457 2306 667 2367 consuetudine
695 2305 852 2364 abhorrens
879 2302 1063 2383 disquirendi
1086 2305 1160 2363 ratio
1178 2306 1319 2366 videatur:
1334 2311 1362 2356 est

166 2419 264 2464 autern
291 2405 441 2485 antiqua,
458 2399 566 2485 quippe
594 2419 728 2486 usurpata
758 2425 774 2461 a
800 2404 937 2476 Platone,
968 2415 1009 2476 et,
1039 2402 1062 2462 si
1091 2422 1167 2480 qua,
1189 2418 1302 2463 naturae
1317 2421 1362 2458 con·

170 2523 294 2584 gruens5
327 2501 462 2562 abhorret
491 2523 559 2562 vero
586 2516 643 2563 tcta
654 2547 663 2576 ,
694 2515 726 2560 ut
755 2520 853 2560 omnes
876 2499 955 2580 apud
971 2500 1119 2582 Platonem
1138 2501 1176 2561 de
1197 2499 1333 2563 dialectica
1346 2507 1364 2552 et

164 2601 306 2661 rhetorica
336 2599 564 2681 disputationes,
585 2623 601 2664 a
621 2599 854 2660 scholasticorum
881 2599 1030 2658 hominum
1050 2611 1078 2658 et
1097 2597 1204 2660 studiis
1224 2614 1251 2659 et
1269 2615 1363 2658 consue·

163 2699 275 2760 tudine.
318 2697 375 2758 Sed
402 2718 473 2778 age,
503 2699 556 2759 has
585 2700 673 2779 igitur
693 2697 901 2778 quaestiones,
928 2698 1112 2778 interpretem
1133 2699 1225 2758 secuti
1245 2698 1363 2758 Platonem

166 2812 314 2874 nostrum,
336 2797 482 2879 explicare
501 2818 649 2859 conemur.

203 2897 240 2955 In
270 2896 410 2974 Sophiste
439 2896 627 2978 philosophus
662 2892 740 2953 idem
775 2914 834 2952 esse
863 2893 905 2952 ait
937 2893 1060 2973 cogitare
1088 2907 1118 2953 et
1147 2894 1247 2976 loqui,
1274 2877 1363 2971 aliar

162 2989 220 3074 μὲν
256 2988 338 3068 iacit
371 2993 426 3076 τῆς
459 2992 564 3076 ψυχῆς
594 3013 670 3074 προς
702 2984 795 3072 αὐτήν
821 2981 1003 3070 διάλογος”
983 3011 1050 3052 aaa)
1077 2992 1180 3074 φωνῆς
1208 2987 1362 3077 γιγνόμενος,

162 3092 242 3160 τοῦτ’
265 3091 337 3158 aiod
357 3089 429 3179 ἡμῖν
450 3088 672 3177 ἐπωνομάσθη,
703 3087 863 3154 διάνοια·
876 3137 911 3148 -
935 3087 973 3154 td
995 3087 1032 3153 ιιι
1050 3087 1077 3174 γ’
1097 3088 1146 3153 olo’
1166 3094 1276 3180 ἐκείνης
1293 3092 1362 3179 plot

168 3195 219 3261 διοὶ
240 3199 295 3262 τοῦ
316 3192 463 3279 στόματος
484 3193 529 3260 itia
549 3192 625 3278 μετοι
648 3189 802 3278 φθόγγου,
823 3190 957 3276 κέκληται
978 3189 1099 3276 λόγος·
1121 3200 1172 3259 ιιι
1201 3203 1364 3263 discrimine,

164 3305 241 3382 qaod
268 3310 365 3361 animi
393 3325 492 3364 aarum
518 3310 580 3382 ipso
607 3310 693 3364 intus
711 3321 779 3357 cum
798 3299 918 3360 silantia
937 3299 1133 3377 colloquium,
1162 3302 1360 3382 cogitatiti‘

164 3403 259 3479 ltujiaa
286 3411 387 3475 cutem
411 3423 468 3480 par
496 3424 525 3460 cs
547 3422 621 3484 ⁴cum
648 3420 715 3457 torro
739 3397 899 3474 prolabens
925 3397 1098 3473 efficacium,
1128 3421 1259 3458 sermo
1284 3385 1359 3466 ιιιι)

164 3502 207 3561 De
235 3501 391 3582 scriptione
411 3515 506 3584 autern
524 3499 603 3580 paris
623 3495 819 3576 simplicitatis
837 3493 931 3554 locum
952 3507 980 3552 et
997 3494 1066 3556 huic
1085 3495 1359 3558 convenientissimo

164 3623 180 3662 e
208 3599 348 3659 Phaedro
373 3600 537 3676 attulimus,
558 3618 645 3678 quum
667 3595 704 3655 de
720 3593 828 3675 dialogi
847 3592 990 3653 Platonici
1011 3609 1113 3655 natura
1133 3597 1290 3676 agebamus.
1323 3585 1360 3657 ld,

200 3844 225 3909 1)
243 3845 363 3913 ιιιιιιορ
383 3841 520 3907 175,180
539 3861 595 3913 sqq
1181 3865 1184 3870 ·

199 3930 225 3996 2)
243 3933 346 4001 sopttsr.
363 3928 423 3982 263
442 3929 471 3980 Ε.
491 3930 563 3982 Verti
578 3929 611 3982 ad
627 3945 730 3981 sensum
747 3925 954 3994 exprimendum:
976 3929 1003 3978 in
1020 3924 1125 3980 Graecis
1142 3919 1365 4003 etymologiaaigti·

106 4076 108 4082 ,
165 4019 257 4071 ficetur
279 4020 353 4072 vocis
386 3995 512 4064 torota
546 4017 683 4068 duciture
717 3999 900 4082 διάλογος
886 3999 973 4081 ἄνευ,
1024 4029 1075 4082 qao
1091 4015 1229 4082 respicit
1209 4011 1284 4072 rllud
1309 3985 1365 4057 trit

165 4099 238 4166 crito
233 4094 479 4182 ἐπωνομάσθη,
497 4091 648 4162 διάνοια.
668 4092 778 4176 Ῥιῦμιι
797 4108 918 4160 meliora
940 4092 1014 4181 ρέω,
1037 4098 1107 4168 quod
1133 4109 1159 4151 ot
1182 4101 1256 4166 toan
1269 4101 1293 4145 et
1305 4090 1364 4139 aeae

166 4209 255 4264 notat,
274 4200 403 4263 duxisset3
422 4198 491 4250 unde
508 4199 598 4264 flamm
614 4197 732 4248 ιιοιιιιιίι
753 4203 780 4247 et
796 4192 953 4247 Gallofrauci
969 4205 1028 4248 cum
1049 4187 1115 4253 fleto
1142 4187 1177 4236 de
1203 4180 1319 4237 torota,
1332 4180 1364 4218 W

167 4293 247 4338 strum
261 4287 323 4338 item
345 4285 527 4351 oloes'jertde
548 4282 621 4353 ιιῇι.
657 4280 794 4348 Expressit
814 4268 950 4347 poetarum
969 4275 1091 4343 princeps
1112 4273 1137 4322 ιιι
1154 4270 1205 4323 illis
1219 4263 1360 4322 dellcsttrt

303 4367 421 4434 Tot
440 4391 488 4432 ιιοιι
509 4362 567 4432 dno
561 4362 725 4450 γλώσσης
745 4360 862 4445 μέλιτος
883 4357 1007 4443 γλυκίων
1029 4352 1094 4441 ριιν
1113 4348 1202 4436 aridi.

168 4490 197 4541 ll.
215 4498 236 4533 α
260 4507 299 4542 vs.
317 4487 377 4542 249.
