2838 5120
758 285 818 346 220

173 435 277 518 pedes,
298 439 436 500 scivisset.
455 475 485 482 -
507 442 662 504 Ridiculus
680 439 808 525 prollcto
835 451 978 509 exercitus
997 449 1078 524 dux,
1100 452 1124 510 si
1150 450 1226 511 illud
1247 465 1308 510 esset
1330 475 1364 512 re-

172 540 251 596 rum!
271 569 303 578 -
324 537 412 596 Estne
440 539 528 619 igitur
554 541 633 619 quod
663 544 758 602 virum
786 547 940 606 militarem
960 550 1049 628 magis
1068 562 1196 628 oporteat
1214 571 1365 628 cognoscere,

172 656 257 712 quam
285 656 434 695 numerare
459 652 486 696 et
509 645 739 720 supputare?—·
761 648 825 706 Non
853 659 912 722 cst,
943 648 1040 725 iuquit
1056 646 1185 721 Glauco,
1207 650 1230 705 si
1251 649 1366 707 minimam

171 731 324 792 habiturus
344 736 387 793 sit
414 737 487 795 aciei
517 739 704 802 instruendae
729 744 915 820 facultatem,
936 747 1131 825 omninoque,
1152 749 1175 805 si
1197 746 1242 805 vel
1261 749 1329 804 hono
1342 747 1367 805 sit
1405 729 1409 756 n

173 831 299 892 futurmus
341 834 396 892 Cui
425 833 554 896 Socrates
564 855 747 920 ,reputasne
773 856 805 900 tu
815 845 960 922 ,inquit,
981 842 1059 902 idem
1086 842 1123 903 de
1146 845 1199 904 hac
1225 845 1368 925 disciplina>

171 928 250 1007 quod
276 933 402 1044 egol-
371 933 503 1007 -Quid
529 936 680 998 tandem?-
688 975 723 986 -
743 935 916 1002 Κινδυνεύιι
938 964 999 1002 των
1020 936 1096 1023 πρός
1117 965 1172 1022 νην
1194 937 1288 1024 νόησιν
1306 937 1368 1022 o'ydr·

171 1049 232 1088 των
259 1022 345 1108 φύσει
373 1023 445 1090 εἶναι
472 1026 488 1092 ὃ
517 1031 681 1115 ζητοῦμεν,
708 1045 849 1123 χρῆσθαι
875 1038 903 1103 δ’
927 1038 1023 1117 ουδεὶς
1044 1039 1126 1129 αὐτῷ
1146 1039 1262 1126 ὀρθῶς,
1283 1041 1370 1104 llxrod

173 1123 237 1190 drot
258 1126 425 1193 παντάπασι
446 1130 519 1216 πρός
541 1132 650 1198 ουσίαν.
662 1169 677 1200 r
694 1145 723 1224 l)
744 1146 779 1206 Id
798 1167 867 1206 vero
888 1168 940 1206 nec
960 1121 1071 1206 Glarico
1089 1108 1231 1227 ihtelligit
1248 1148 1370 1216 contiuuo,

174 1253 227 1290 nec
257 1233 385 1294 Socrates
413 1236 558 1297 declarare
585 1241 642 1300 nisi
672 1242 823 1303 subtiliore
843 1245 1039 1325 disputatione
1059 1259 1170 1325 potest;
1193 1267 1245 1304 nos
1262 1265 1370 1322 veroque

174 1333 270 1412 aptius
296 1333 468 1414 pleniusque
487 1357 552 1396 cum
572 1339 787 1420 intelligamus,
807 1358 868 1402 tum
888 1356 977 1403 totum
995 1344 1091 1402 animo
1109 1345 1315 1425 percipiamus,
1329 1356 1369 1400 tun

125 1507 127 1510 .
174 1432 276 1505 etiam,
297 1453 369 1510 quae
396 1433 534 1516 deinceps
560 1437 690 1497 Socrates
720 1439 757 1498 de
787 1442 957 1519 geometria,
989 1439 1025 1498 de
1052 1444 1241 1514 astronomia,
1267 1440 1301 1498 de
1325 1439 1371 1496 har·

174 1531 270 1587 monia
300 1544 328 1589 et
357 1531 508 1592 dialectica
538 1535 669 1596 dicturus
687 1551 746 1612 est,
767 1522 878 1617 assequi
900 1540 1057 1620 possimus,
1078 1560 1138 1598 rem
1157 1553 1282 1620 repetere
1300 1535 1371 1619 paullo

174 1626 261 1686 altius
281 1643 308 1687 et
327 1629 475 1690 attendere
494 1633 631 1694 hocloco
651 1637 895 1716 Pythagoreorum
914 1637 1075 1697 doctrinam
1095 1651 1214 1717 oportet.

215 1727 409 1786 Orientalium
445 1733 592 1810 gentium,
614 1735 720 1812 quihus
749 1734 851 1794 Gracci
880 1735 1044 1795 debuerunt
1072 1736 1183 1810 multa,
1213 1734 1335 1813 quamvis
1355 1745 1373 1786 u

176 1823 312 1884 barbaras
348 1844 519 1906 spreverunt
546 1852 592 1889 eas
621 1834 701 1907 fere,
732 1833 912 1892 admirabilis
937 1833 1077 1913 quaedam
1102 1835 1159 1892 fuit
1188 1856 1247 1921 non
1273 1831 1389 1914 philoset

177 1921 307 2002 phandi,
339 1924 389 1982 sed
418 1930 592 1987 inveniendi
620 1929 745 1990 solertia.
796 1931 977 1997 Invenerunt
1004 1947 1098 1992 autem
1127 1931 1179 1990 illa
1206 1932 1374 2014 potissimum,

177 2043 249 2099 quae
279 2022 317 2081 ad
344 2025 420 2083 vitae
448 2047 530 2084 usum
558 2030 754 2108 pertinerent,
782 2043 844 2088 tum
862 2051 958 2089 eorum
977 2033 1063 2090 etiam
1081 2031 1184 2105 initia,
1205 2051 1277 2108 quae
1293 2027 1374 2087 artibus

122 2114 127 2124 ¹
179 2117 286 2191 deinde
312 2135 340 2180 et
368 2121 510 2183 doctrinis
538 2125 650 2184 utiliter
677 2127 812 2186 adhibita
835 2142 911 2187 suut.
937 2130 1033 2204 ,Quae
1051 2129 1148 2212 qualia
1168 2130 1296 2202 fuerint,
1316 2124 1375 2185 facile

178 2220 372 2299 assequimur,
395 2221 445 2278 uhi
472 2221 543 2280 haec
573 2225 650 2304 ipsa,
675 2245 748 2303 quae
776 2225 839 2283 illis
865 2225 1030 2286 debuerunt
1057 2226 1178 2301 Graeci,
1200 2247 1306 2304 nosque
1330 2225 1376 2281 iten

177 2331 273 2396 postea
301 2316 339 2376 ab
365 2319 467 2378 iisdem
485 2303 675 2401 accepimus,
702 2337 875 2403 reputamus.
917 2323 952 2382 Iu
976 2323 1021 2383 his
1040 2339 1072 2383 ut
1089 2325 1188 2384 literae
1208 2339 1293 2400 sunt,
1312 2341 1376 2402 quae·

176 2435 231 2493 que
258 2415 462 2494 agriculturam
489 2433 619 2498 artesque
651 2421 831 2480 mechanicas
865 2419 1013 2502 spectant,
1043 2424 1083 2481 ita
1107 2444 1202 2482 annus
1230 2438 1271 2482 cst
1299 2417 1377 2481 solaris

176 2514 237 2571 sive
267 2515 402 2594 temporis
430 2518 609 2598 supputandi
639 2540 706 2578 vera
732 2522 822 2594 ratio,
845 2523 927 2598 cujus
951 2521 1066 2582 inventi
1094 2542 1276 2602 permagnam
1294 2515 1377 2578 esseio

176 2613 254 2670 omni
283 2613 359 2673 vitae
390 2635 442 2672 usu
473 2629 500 2674 et
530 2619 695 2676 oeconomia
719 2619 784 2688 ¹uim
814 2633 841 2678 et
868 2617 1082 2694 efficacitatem,
1104 2639 1148 2677 res
1175 2621 1238 2700 ipsa
1265 2618 1378 2700 loquitur.
1409 2693 1410 2696 Ἴ

103 2729 111 2744 ⁶
175 2711 232 2768 Nos
252 2731 320 2770 vero
338 2724 432 2770 tantos
449 2713 541 2772 facere
553 2760 561 2788 ,
582 2729 705 2794 quantos
724 2717 907 2790 fecimus,'in
926 2717 1149 2792 mathematicis,
1165 2719 1197 2775 in
1214 2714 1377 2782 astronomia,
1408 2753 1409 2764 ι

174 2807 207 2866 in
235 2809 401 2868 mechanica
430 2825 458 2870 et
474 2814 659 2893 navigatione
675 2835 856 2894 progressus,
875 2835 931 2893 quo
950 2835 1075 2894 unquam
1094 2815 1180 2874 modo
1199 2817 1377 2894 potuissemus,

174 2907 231 2964 nisi
261 2929 313 2987 per
333 2909 440 2968 Arabes
468 2913 672 2992 accepissemus
692 2933 728 2970 cx
747 2914 865 2973 Oriente
886 2934 1069 2973 numerorum
1091 2929 1191 2988 notas,
1211 2915 1378 2994 algebraicau

104 3075 113 3096 Ο
173 3006 331 3082 rationem,
362 3027 445 3068 acum
475 3011 637 3084 nauticam,
668 3013 725 3071 alia
752 3012 867 3072 multa?
920 3011 1037 3071 Graecis
1071 3033 1131 3072 non
1161 3011 1256 3071 defuit
1283 3009 1377 3090 quiden

173 3104 347 3165 inveniendi
375 3109 530 3187 sagacitas,
551 3109 601 3168 sed
626 3112 835 3188 philosophari
862 3112 895 3169 in
924 3110 1025 3192 primis
1053 3109 1089 3169 de
1119 3109 1211 3168 nullis
1239 3129 1299 3167 non
1315 3105 1380 3164 relius

173 3202 293 3282 placuit.
336 3205 554 3266 Arithmeticam
583 3223 611 3268 et
637 3210 836 3288 geometricam
861 3229 939 3283 non,
970 3223 1002 3267 ut
1031 3209 1192 3286 antiquitus
1220 3205 1347 3286 Aegyptii
1362 3214 1380 3258 et

173 3315 270 3380 postea
300 3304 440 3378 Romani,
462 3302 493 3384 2)
522 3307 695 3367 numerandi
730 3305 926 3385 metiendique
965 3306 1091 3365 utilitate
1128 3318 1319 3377 censuerunt,
1345 3297 1380 3358 sed

174 3419 308 3460 numeros
327 3401 365 3461 ad
386 3401 496 3478 Deum,
518 3403 556 3464 ad
575 3406 723 3480 animum,
745 3404 782 3465 ad
801 3418 912 3486 tempus
929 3404 985 3463 sihi
1005 3402 1279 3485 repraesentandum
1296 3417 1380 3459 rerun-

171 3519 228 3576 que
248 3499 334 3558 initia
353 3500 530 3581 explicanda
549 3503 768 3579 adhibuerunt,
791 3504 991 3566 astronomiam
1011 3523 1097 3576 vcro,
1119 3521 1204 3580 quam
1224 3493 1381 3560 observando

171 3597 335 3656 Orientales
363 3596 401 3657 ad
429 3601 506 3660 vitae
537 3623 619 3660 usum
647 3616 712 3683 apte
741 3615 917 3674 tractarent,
937 3599 1147 3681 philosophicis
1170 3599 1312 3679 complexi
1330 3603 1380 3654 sunl

171 3696 477 3777 contemplationibus.
520 3699 679 3774 Ordinem,
703 3715 734 3758 ut
760 3700 814 3759 hoc
835 3713 913 3775 utar,
934 3701 966 3758 in
985 3699 1147 3781 sideribus,
1168 3699 1200 3757 in
1220 3697 1381 3778 planetarum

172 3795 298 3854 motibus
324 3810 352 3855 et
377 3810 569 3872 cometarum,
599 3820 688 3877 quum
716 3820 777 3858 non
804 3812 955 3858 cernerent
984 3797 1092 3872 oculis,
1107 3797 1173 3856 'sed
1201 3795 1381 3855 desiderarent

171 3907 268 3951 tamen
296 3896 529 3974 requirerentque
555 3911 667 3970 mente,
689 3896 768 3956 hunc
797 3897 885 3975 igitur
912 3897 1030 3976 ingenio
1051 3895 1192 3975 fingentes
1210 3896 1380 3953 harmoniam

172 4007 330 4066 vocarunt,
352 3991 439 4052 ducta
457 4016 473 4052 a
493 3996 601 4054 musica
620 3996 850 4076 comparatione,
872 3996 904 4052 in
923 4016 978 4073 qua
994 4013 1089 4054 rerum
1099 4039 1107 4068 ,
1128 3985 1381 4072 quamvisdissimi·

172 4089 245 4149 lium
274 4105 379 4170 atque,
398 4105 429 4150 ut
449 4091 583 4168 videtur,
605 4095 832 4167 contrariarruu,
853 4106 896 4152 est
915 4107 1011 4152 tamen
1029 4092 1205 4167 concordia,
1224 4099 1380 4153 concentus,

206 4405 231 4476 l)
250 4409 287 4459 De
304 4409 364 4476 Καρ.
383 4408 447 4459 v11.¹
457 4407 516 4459 521.
534 4409 564 4460 D.
586 4442 617 4450 -
637 4407 695 4460 523.
716 4409 747 4461 Α.

203 4493 231 4558 2)
252 4495 305 4548 Cic.
329 4495 397 4547 Tosc.
417 4497 445 4559 Q.
465 4495 483 4546 l.
503 4495 527 4545 2.
