2838 5120
700 239 759 304 tot

113 415 179 464 cmo
194 407 304 480 faerit
322 404 441 465 dicandi
461 404 671 478 fucultatem,
692 403 838 466 eccellmu
865 409 927 462 eric
955 411 1078 476 notor,
1111 408 1323 462 scientium

114 501 194 564 modo
223 511 254 560 et
273 508 630 564 exercitationem
658 499 832 563 adhibente
842 520 855 569 ;
878 508 906 558 ei
929 500 1130 577 quietorum
1159 502 1215 558 tibi
1233 503 1325 578 dejur-

113 607 177 677 rit,
207 601 263 660 boo
291 609 383 677 porte
413 591 539 666 monem
570 606 642 659 eric.
661 622 675 656 u
703 594 732 677 1)
782 596 898 671 Quibus
922 597 994 660 tane
1022 597 1204 678 paucissimis
1231 599 1329 675 verbis,

113 697 352 776 quemadmodum
372 697 544 758 informetur
563 718 648 758 verus
665 696 799 774 omnique
821 715 939 756 numero
951 695 1107 760 absolutus
1126 711 1238 772 orator,
1258 699 1329 779 aptis:

114 797 184 866 sitne
203 795 356 875 significet.
391 793 449 857 Sed
469 810 556 856 artem
578 794 716 874 deinceps
736 795 827 874 ipsam
847 793 1006 855 traditurus
1031 793 1185 874 ananei,
1207 796 1262 871 ait,
1279 818 1329 877 pro·

115 892 278 968 ocdoadum
307 893 364 954 vit‘
384 907 443 970 est,
464 915 549 972 quam
570 893 688 972 Gorgias
710 889 741 970 2)
770 906 803 952 et·
819 891 1050 972 Thrasymachus
1070 906 1138 952 sunt
1163 895 1269 970 secuti,
1290 917 1331 955 ve-

114 1013 178 1064 rum
199 991 281 1063 illam
303 991 417 1072 ingredi
444 1014 476 1054 ae
499 1006 597 1053 tenere
626 991 727 1066 dccet,
757 1011 813 1069 qua
835 1004 979 1052 oratorum
999 992 1136 1071 princeps
1158 991 1281 1053 Pericles
1302 991 1336 1052 ad

114 1081 194 1156 hunc
215 1091 248 1150 in
269 1104 329 1148 arte
349 1082 544 1172 principatum
572 1090 743 1170 pervenit.»
789 1089 825 1146 ln
844 1088 951 1166 quibus
969 1088 1176 1170 persequendis
1196 1093 1332 1170 Anaxago·

118 1208 166 1249 rae
186 1202 323 1257 memorat
341 1187 576 1270 philosophiam,
597 1209 653 1266 qua
675 1187 803 1248 imbutus
820 1186 945 1246 Pericles
968 1200 1054 1266 atque
1075 1187 1114 1254 ad
1136 1187 1273 1255 sublimia
1291 1210 1334 1250 on·

118 1286 168 1351 nia
188 1299 283 1352 mente
303 1298 331 1349 et
350 1286 522 1366 cogitatione
541 1299 671 1360 evectus,
692 1285 773 1346 illam
789 1283 922 1366 prodidit
938 1285 1146 1364 eloquentiam,
1168 1309 1254 1366 quam
1267 1308 1335 1368 supra

119 1404 169 1444 nos
188 1403 224 1446 ex
251 1383 354 1450 iisdem
373 1383 419 1444 his
438 1382 509 1444 locis
528 1382 775 1466 adumbravimus.
798 1379 829 1462 3)
860 1381 954 1445 Addit
982 1404 1068 1460 vcro,
1089 1383 1167 1463 quod
1195 1384 1233 1445 ad
1263 1388 1339 1468 ipsam

117 1480 236 1545 dicendi
256 1495 365 1557 artem,
386 1483 424 1542 ad
443 1481 613 1543 rhetoricam
633 1484 752 1543 attinet:
789 1477 967 1556 trieterides,
995 1485 1050 1558 ait,
1069 1477 1206 1546 'ciioooir
1232 1479 1281 1544 int
1300 1475 1343 1563 nir

116 1578 177 1645 τῶν
202 1575 300 1661 λόγων
324 1573 434 1662 τέχνην
459 1563 495 1642 roi
524 1574 697 1665 πρόσφορον
726 1575 818 1667 αὐτῇ·
849 1593 951 1647 trocit
969 1586 1040 1645 inde
1059 1587 1099 1651 cd
1118 1587 1238 1650 dicendi
1257 1595 1343 1646 ortem

117 1683 194 1760 quod
216 1689 277 1760 ipsi
297 1684 456 1742 ridebatur
484 1685 656 1747 conducero.
669 1708 683 1740 o
708 1681 740 1763 4)
763 1685 858 1745 ·Unde
878 1683 1089 1765 philosophiae
1116 1697 1196 1764 potet
1225 1684 1258 1742 iu
1286 1683 1340 1744 elo-

118 1779 345 1858 quentiamnon
373 1795 504 1858 tantum,
526 1781 577 1842 sed
602 1783 688 1846 etiam
717 1783 750 1842 in
775 1782 1026 1848 rhetoricantis:
1049 1781 1227 1864 intelligitur
1257 1796 1339 1844 auen

119 1877 224 1953 simul,
245 1900 318 1958 quae
344 1881 520 1946 dialecticae
538 1881 575 1940 sit
594 1880 779 1956 Platonicae,
800 1883 862 1944 sive
887 1877 1029 1943 cernendi
1046 1879 1250 1960 jungendique
1276 1880 1335 1943 artis

121 1997 186 2047 curn
206 1979 360 2048 rhetorico
388 1979 565 2056 conjonctio.
607 1980 678 2041 Rem
698 1979 776 2041 enirn
799 1978 937 2059 deinceps
956 1997 971 2036 e
991 1976 1119 2042 medicae
1138 1980 1208 2042 attis
1235 1998 1333 2059 compe·

121 2075 231 2146 rationo
245 2075 393 2157 ‘explicat
439 2077 658 2161 trinumque,
679 2077 738 2152 ait,
759 2077 923 2138 discernere
941 2090 1074 2142 naturam
1099 2092 1229 2158 oportet,
1250 2099 1332 2156 corpo-

123 2180 169 2242 rt't
199 2175 231 2246 iu
259 2189 320 2241 arte
348 2175 478 2253 medica,
510 2176 543 2234 in
567 2173 688 2244 dicendi
706 2190 801 2237 autern
822 2189 881 2236 arte
900 2181 1014 2249 ocimi,
1035 2175 1179 2254 siquidem
1199 2198 1261 2238 non
1275 2195 1327 2246 usu,

124 2270 174 2344 sed
199 2286 259 2336 arte
290 2273 383 2348 velis,
413 2273 478 2348 illi,
499 2273 718 2336 medicamentis
737 2287 821 2353 atque
841 2263 988 2339 alimentis
1008 2273 1183 2364 praebendis
1201 2275 1331 2340 sanitatem

126 2381 154 2427 ct
172 2369 262 2435 robur
277 2371 389 2448 afferre,
412 2371 481 2440 huic
499 2386 608 2446 autem,
628 2371 808 2438 sermonibus
823 2393 855 2432 ac
869 2371 1030 2452 praeceptis
1045 2371 1237 2447 adhibendis,
1254 2391 1332 2450 quau·

125 2485 241 2548 cunque
259 2466 341 2527 lubet
358 2483 386 2533 et
404 2470 617 2550 persuasionem
632 2482 660 2527 et
677 2469 813 2535 virtutem
831 2466 954 2533 tradere.
965 2511 1000 2520 -
1019 2470 1064 2530 lta
1081 2469 1201 2548 quidem
1218 2491 1270 2551 par
1285 2481 1334 2541 est,

125 2562 296 2627 oSoorates.
312 2593 347 2602 -
376 2567 475 2627 Animi
505 2580 600 2626 autem
625 2581 756 2626 naturam
776 2582 879 2648 putas,
901 2587 960 2626 non
981 2567 1132 2648 explorati
1155 2568 1281 2634 uniuersi
1295 2587 1334 2628 nt·

124 2662 208 2738 curt,
229 2649 359 2744 cognosci
378 2687 460 2747 posse
477 2664 675 2736 sufficienter?
686 2704 721 2714 -
748 2665 779 2727 si
799 2665 971 2747 Hippocrati
990 2665 1125 2732 habenda
1143 2665 1216 2731 fides
1233 2679 1286 2740 est,
1305 2683 1334 2722 ne

124 2763 251 2841 corporis
266 2763 383 2843 quidem
402 2779 525 2840 natura,
545 2763 677 2832 nisihoc
694 2764 878 2856 disquirendi
895 2762 996 2839 modo,
1012 2764 1145 2844 cognosci
1160 2778 1261 2845 potest.
1272 2761 1335 2844 t).-

124 2859 271 2932 Pracolare
299 2863 427 2942 profecto
444 2862 515 2938 ille,
538 2882 553 2921 o
572 2862 680 2938 amice,
702 2863 794 2940 dicit,
817 2861 899 2927 docet
918 2875 1033 2936 atatem,
1052 2875 1166 2942 praeter-
1190 2863 1335 2945 Hippocra·

124 2971 198 3034 tem,
219 2960 359 3032 rationem
377 2961 577 3037 considerare,
599 2983 668 3022 num
688 2963 850 3023 consentiat
866 2958 923 3020 illi.
942 2991 974 3000 -
995 2961 1137 3024 Decet·F
1157 2961 1243 3034 Quod
1261 2961 1337 3042 igitur

157 3131 184 3198 1)
203 3133 309 3186 Pierio.
329 3135 388 3187 269.
414 3133 442 3188 G.
463 3137 494 3188 D.
529 3136 689 3206 Perelegcos
712 3135 745 3186 de
766 3136 815 3187 hac
840 3138 968 3194 sententia
993 3134 1109 3187 Platonis
1139 3137 1337 3204 Wptteubachii,

121 3219 176 3280 τοῦ
195 3215 469 3295 ηλατωνικωτάτου,
493 3232 631 3302 disputatio
657 3238 697 3282 est
717 3233 742 3282 in
768 3233 815 3302 Ep.
841 3233 876 3282 cd
896 3232 1026 3282 Bocchicm
1049 3232 1149 3300 (Opust.
1175 3231 1205 3287 ll.
1225 3229 1265 3282 51.
1282 3229 1339 3282 titt.

124 3321 166 3373 Gr.
191 3322 241 3386 lll,
264 3317 289 3372 3.
306 3321 383 3386 Xlll.)
576 3313 579 3320 ’
1159 3335 1163 3345 ·

79 3411 82 3416 ’
158 3404 184 3470 2)
201 3409 286 3482 Vulgo
306 3409 417 3476 hosius
434 3410 542 3479 legitur:
562 3411 609 3461 sod
628 3413 765 3479 Garoias
784 3420 866 3464 exstat
885 3413 911 3463 in
931 3411 1012 3467 Ficini
1030 3411 1169 3476 versione,
1189 3413 1260 3481 quod¹
1277 3427 1342 3480 prae

126 3503 183 3546 stat.
201 3495 261 3546 utu.
278 3496 366 3546 licini.
385 3495 426 3547 ad.
446 3496 470 3548 h.
490 3496 507 3547 l.

159 3579 186 3643 3)
204 3581 282 3632 initio
298 3597 324 3648 p.
344 3580 401 3635 tsi.

160 3664 186 3730 lt)
204 3668 312 3730 Pinario.
330 3666 389 3722 tiu
408 3666 439 3719 Α.
772 3669 773 3672 ’
1245 3695 1249 3702 ’

160 3749 185 3818 5)
203 3752 279 3807 Ducit
294 3753 359 3806 iaec
373 3751 487 3812 Galenus
502 3771 534 3806 ea
549 3755 713 3822 Hippocratis
731 3758 761 3818 de
773 3757 866 3816 mnino
881 3771 962 3824 opere
977 3754 1036 3812 Vol,
1049 3754 1079 3804 V.
1090 3770 1117 3820 p..
1134 3753 1158 3804 2.
1177 3763 1203 3822 et
1222 3753 1261 3812 16.
1280 3755 1342 3818 Sed,

127 3845 154 3888 ut
168 3845 240 3890 recte
254 3838 441 3907 animadvertit
451 3839 541 3890 Heind.
559 3841 591 3891 ad
611 3841 635 3890 h.
650 3840 684 3905 l.,
704 3840 737 3891 ad
751 3841 826 3910 hujus
842 3841 945 3910 quidem
960 3839 1093 3914 praecepti
1109 3855 1226 3891 normam
1242 3856 1344 3910 compo·

129 3923 192 3974 situs
215 3931 255 3974 est
268 3922 348 3988 liber,
368 3923 401 3974 tle
418 3925 633 3978 universitatem
648 3935 738 3978 natura
751 3943 803 3979 non
819 3927 897 3978 multa
910 3927 1032 3978 continet.
1068 3925 1216 3977 Ducendum
1232 3927 1343 3994 equidem

125 4007 242 4060 *Platonis
264 4010 417 4060 sententiam
437 4013 519 4080 magio
542 4011 653 4064 arbitror
675 4029 706 4064 ex
729 4027 809 4065 aureo
828 4011 992 4080 Hippocratis
1016 4013 1046 4061 de
1068 4017 1142 4074 otro,
1160 4013 1235 4079 cquis
1254 4023 1276 4063 et
1292 4013 1344 4063 locis

126 4095 208 4157 libio,
227 4095 270 4161 qni
287 4095 345 4160 ipso
367 4079 441 4147 titulo
463 4096 623 4148 Platonicam
640 4099 793 4150 sententiam
812 4097 909 4162 refert,
928 4095 1196 4148 animadversionibus
1217 4105 1300 4150 autem
1315 4098 1343 4149 de

127 4196 213 4231 rerum
229 4187 320 4231 natura
336 4181 442 4232 mirilico
462 4185 531 4234 omni
545 4191 630 4234 aetate
645 4183 753 4236 medicis
769 4183 877 4250 proluit
912 4181 1048 4234 Caeterum
1064 4181 1097 4232 de
1112 4181 1237 4236 methodo
1250 4184 1342 4252 Hippo-

128 4268 222 4330 cratis,
246 4266 395 4320 Sccraticae
416 4275 442 4320 et
462 4264 612 4322 Platonicae
640 4269 783 4333 simillimi,
810 4269 899 4320 brevis
925 4275 979 4332 est,
1006 4267 1053 4322 sed
1079 4267 1158 4322 docta
1180 4277 1341 4336 accuratoque

129 4350 273 4418 disquisitio
299 4351 465 4403 eruditissimi
488 4354 580 4406 medici
601 4355 627 4406 C.
652 4355 733 4422 Pmye
757 4356 810 4406 Van
828 4357 874 4407 der
898 4355 1001 4406 Hoeoert
1026 4353 1110 4408 Praei.
1132 4351 1263 4414 Circeium.
1284 4355 1341 4422 llio-

125 4453 192 4504 poor.
213 4437 299 4504 llagae
316 4435 388 4490 Com.
410 4435 482 4490 1824.
