2872 5122
573 279 626 336 121

72 441 102 500 ln
120 439 167 500 hac
184 437 322 519 pristinae
346 437 422 498 ritae
447 429 662 514 recordatione,
683 439 817 520 pulcrum
840 441 984 516 maxime,
1011 440 1144 518 dicebat,
1165 457 1290 508 mentem

71 535 155 610 subit,
171 536 278 616 quippe
295 533 374 612 quod
392 534 522 614 fulgebat
540 536 603 598 illic
626 537 879 618 splendidissime:
901 540 971 600 hinc
992 561 1086 600 amor:
1114 541 1184 602 hinc
1211 545 1292 604 luror

70 636 179 708 amoris,
198 635 246 694 eui
276 634 384 713 optima
406 631 544 694 debemus
569 656 681 710 eorum,
701 657 774 716 quae
804 655 939 716 praesens
955 640 1087 700 continet
1107 642 1166 700 vita
1185 653 1290 702 nostra.

70 736 173 794 Caetera
192 731 265 812 quid
284 732 462 813 persequar?
482 732 554 790 Nam
572 748 673 813 sponte
692 735 843 810 meminit,
863 737 915 814 qui
938 736 1007 796 haec
1030 739 1117 798 semel
1144 741 1292 821 percepit,

69 847 92 890 et
109 853 156 890 nos
172 831 272 892 eadem
295 831 328 890 111
348 829 543 910 superioribus
571 819 637 892 cuin
665 833 823 899 illustrare,
837 835 1023 914 singulatim,
1044 848 1105 894 tum
1135 837 1173 898 ad
1201 841 1292 920 ipsam

70 931 262 992 illustrandam
279 929 493 1012 philosophiam
520 929 615 1010 pulcri
644 930 783 990 adhibere
811 932 983 994 studuimus
1009 932 1038 1016 1)
1058 935 1139 996 lllud
1158 935 1211 996 hoe
1230 937 1293 1012 loco

70 1028 272 1091 memorandum
293 1029 378 1090 unice
397 1041 457 1102 cst,
479 1035 545 1086 vert
569 1049 628 1090 nou
649 1032 749 1090 miuus
773 1030 940 1106 Platonem,
962 1053 1047 1110 quam
1075 1034 1171 1116 pulcri
1199 1035 1293 1116 philo·

70 1128 185 1208 sophiam
205 1127 324 1188 sublimi
345 1128 399 1188 hoc
418 1118 513 1210 μύθῳ
531 1129 713 1208 expressisse.
761 1129 837 1188 Nam
857 1149 908 1210 per
928 1149 1052 1190 amorem
1080 1132 1294 1214 philosophiam

71 1226 139 1286 dixit
159 1248 218 1286 non
237 1239 349 1286 tantum
367 1227 406 1288 ad
420 1228 554 1309 pulcrum
575 1247 626 1286 nos
646 1227 803 1304 continuo,
825 1249 925 1288 verum
949 1230 1035 1289 1111111
1059 1231 1098 1291 ad
1119 1245 1294 1292 caeterarum

73 1324 186 1384 idearum
204 1325 353 1406 ipsiusque
371 1327 502 1388 veritatis
520 1325 715 1407 spectaculum
735 1325 879 1388 reducere.
902 1324 978 1407 2)-
997 1327 1072 1390 Sunt
1092 1330 1161 1390 haec
1181 1331 1294 1411 pulcer·

72 1423 134 1482 rima
148 1445 237 1497 sane,
259 1438 287 1482 et
306 1422 395 1484 hebes
411 1425 450 1485 sit
467 1445 580 1486 necesse
598 1438 658 1498 est,
679 1425 730 1503 qui
749 1445 849 1484 eorum
868 1425 929 1486 vim
958 1426 997 1486 ad
1020 1447 1183 1508 germanam
1200 1428 1294 1510 philo·

9 1527 10 1548 ¹
72 1521 206 1602 sophandi
233 1521 373 1584 rationem
397 1545 458 1614 non
486 1523 562 1582 ultro
590 1523 789 1603 perspexerim
812 1525 987 1586 vaticinatus
1007 1526 1053 1585 his
1081 1527 1141 1586 fere
1168 1525 1296 1586 Socrates

72 1633 124 1694 cst,
142 1620 191 1698 qui
218 1619 327 1680 lateant
354 1621 387 1680 in
419 1642 573 1702 puerorum
600 1621 705 1680 animis
732 1623 873 1702 igniculi,
904 1622 977 1702 quid
1002 1624 1111 1684 discere
1127 1624 1194 1699 ¹sit,
1223 1622 1296 1702 quid
1390 1633 1393 1646 ’

18 1757 22 1770 ·
72 1715 138 1778 effici
164 1717 296 1778 docendo
324 1717 446 1794 debeat,
466 1719 544 1798 quod
568 1721 629 1782 veri
650 1720 688 1780 sit
712 1721 831 1780 oratoris
857 1723 1079 1803 scriptorisque,
1100 1721 1178 1800 quod
1203 1723 1296 1783 omnis

73 1815 261 1898 philosophiae
288 1838 394 1878 munus
420 1819 639 1899 gravissimum,
661 1817 730 1892 sed,
751 1840 808 1897 quo
827 1820 860 1880 id
881 1820 931 1880 srat
949 1821 1084 1881 omnibus
1110 1819 1294 1895 evidentius,

72 1937 120 1993 quo
137 1915 169 1976 id
182 1915 343 1998 perspicere
362 1918 486 1977 interius
506 1917 642 1978 cultiores
662 1917 859 1997 doctioresque
877 1920 1005 2000 possint,
1026 1940 1064 1980 ex
1090 1920 1208 1980 caeteris
1227 1919 1295 1980 Pla-
1366 1965 1369 1970 -

73 2016 139 2074 tonis
157 2015 270 2095 scriptis
289 2014 503 2095 diligentiorem
523 2030 652 2097 petemus
674 2016 890 2096 plenioremque
915 2018 1017 2078 harum
1037 2039 1132 2078 rerum
1155 2018 1296 2096 disquiri*

73 2115 178 2174 tionem.
210 2114 399 2194 Diligentiam
418 2114 529 2174 scilicet
546 2115 579 2173 in
600 2115 679 2174 omni
699 2130 866 2194 argumento
884 2116 1035 2177 tractando
1052 2117 1181 2198 postulat
1196 2117 1297 2200 philo—

73 2213 180 2294 sophia3
203 2212 334 2274 sedtum
353 2213 385 2274 in
404 2213 524 2295 primis,
547 2212 597 2272 uhi
616 2211 654 2272 ad
672 2213 764 2294 ipsam
784 2235 836 2274 nos
851 2214 957 2274 ducere
977 2217 1126 2304 veritatem
1145 2228 1275 2275 conatur.

259 2409 426 2470 Oratorem
443 2422 474 2468 11
495 2410 708 2488 Sophistcrum
729 2412 763 2470 de
785 2419 921 2488 opinione
942 2422 972 2470 at
992 2419 1120 2472 scientio

610 2511 741 2586 plectra.
790 2506 797 2522 '

8 2779 10 2784 ,
109 2706 163 2766 Sed
182 2705 352 2787 ingressuris
370 2705 446 2766 hanc
466 2704 715 2785 disquisitionem,
737 2712 818 2768 ecce!
840 2708 933 2769 simile
952 2705 1025 2785 quid
1044 2727 1123 2768 nune
1143 2705 1229 2766 nobis
1252 2726 1297 2764 ec»

74 2805 139 2866 cidit
157 2820 240 2886 atque
259 2805 292 2864 in
310 2805 464 2884 superioris
483 2804 688 2886 disputationis
708 2808 846 2884 ingressu.
869 2808 945 2866 Tum
963 2807 1078 2886 Lysiam
1094 2806 1174 2865 Plato
1191 2804 1298 2883 objecit

8 2977 9 2980 Ἰ
76 2904 167 2980 nohis,
186 2905 236 2982 qui
256 2903 293 2962 ab
312 2923 404 2964 amore
424 2905 603 2984 praeciperet
624 2919 704 2964 caute
723 2924 781 2962 esse
795 2904 1018 2979 abstinendum,
1039 2907 1146 2987 quippe
1167 2905 1299 2964 insaniae

77 3002 154 3083 pleno
164 3018 191 3062 et
204 3003 295 3062 noxio
305 3001 483 3063 mortalibus.
505 3001 675 3062 Simillimae
686 3001 794 3065 indolis
803 3003 933 3064 homines
949 3017 1016 3066 sunt
1025 3051 1034 3080 ,
1044 3005 1152 3085 pariter
1160 2995 1299 3083 ἄμουσοι,

8 3173 9 3178 ¹
77 3101 145 3160 omni
163 3100 271 3182 pariter
295 3098 426 3159 destituti
450 3099 636 3162 sublimitatis
659 3123 762 3177 sensu,
784 3101 955 3179 quibuscum
979 3102 1027 3162 hle
1052 3102 1137 3164 nobis
1155 3106 1300 3185 agendum

8 3253 9 3270 2
78 3201 141 3260 crit:
161 3209 295 3258 oratores
314 3211 455 3259 vocantur
473 3199 559 3272 item,
580 3198 722 3260 accedunt
740 3213 835 3260 autem
863 3203 1031 3278 sophistae:
1059 3201 1248 3281 similiterque
1267 3204 1299 3264 hi

78 3297 170 3373 1111111,
185 3297 296 3356 'verum
314 3318 393 3356 nunc
413 3297 597 3378 petentibus,
617 3297 731 3358 aditum
749 3298 867 3358 student
885 3299 1046 3360 occludere.
1088 3301 1159 3362 Nam
1188 3317 1220 3362 ut
1249 3303 1300 3364 fri-

79 3411 154 3474 gent,
174 3396 226 3456 uhi
246 3417 299 3456 nos
317 3394 449 3456 ardemus
468 3397 531 3456 veri
548 3418 660 3471 amore,
679 3397 720 3456 ita
739 3397 869 3460 ludibrio
884 3397 993 3458 habent
1012 3412 1042 3459 et
1058 3419 1195 3476 umorem,
1214 3397 1317 3480 quem¹

8 3541 9 3544 ,
79 3491 229 3572 loquimur,
248 3508 276 3554 et
296 3483 386 3574 ipsam
405 3495 564 3556 veritatem.
599 3495 667 3556 Esse
688 3497 838 3556 veritatem
857 3509 982 3577 negant,
1003 3518 1089 3575 quam
1108 3499 1228 3560 colimus
1248 3521 1301 3560 nos

81 3594 209 3672 uniceque
236 3613 467 3675 propugnamus:
500 3615 603 3670 suum,
624 3596 725 3673 ajunt,
750 3596 873 3674 cuique,
898 3594 977 3675 quod
1006 3604 1168 3674 opinatur,
1199 3619 1301 3659 verum

8 3747 11 3756 ,,
81 3711 147 3768 usse,
165 3691 247 3752 aliud
267 3692 332 3752 aliis
352 3691 437 3772 longe
456 3691 621 3754 diversum:
644 3693 701 3754 coli
720 3693 808 3772 igitur
826 3717 842 3754 a
866 3695 951 3756 nobis
975 3696 1117 3775 speciem,
1138 3695 1217 3756 haud
1237 3697 1300 3775 qui·

82 3787 136 3850 den
150 3777 360 3873 spernendam,
379 3791 580 3872 pulcerrimam
600 3791 671 3852 adeo
689 3791 878 3872 omnibusque
897 3793 1068 3875 perutilem,
1098 3793 1149 3854 sed
1176 3795 1301 3876 speciem

83 3897 174 3950 tamen.
196 3887 228 3970 3)
248 3891 328 3964 Quae
355 3891 425 3971 ipsis
451 3893 594 3951 sententia
621 3892 660 3950 sic
680 3891 794 3972 placet,
815 3894 855 3952 sic
883 3891 998 3974 probari
1018 3892 1167 3953 hominum
1186 3895 1247 3956 vita
1272 3908 1304 3954 et.

84 3987 278 4048 cousuetudine
298 3989 432 4064 videtur,
455 4002 487 4048 ut
505 4011 566 4048 eam
586 4005 705 4071 crepent
730 3990 845 4062 ubivis,
866 3991 923 4048 imo
950 3992 1070 4052 veroin
1094 4013 1138 4051 res
1161 3991 1304 4052 humanas-

9 4079 10 4160 l
86 4087 267 4164 gravissimas,
287 4088 321 4146 in
341 4087 488 4148 civitatem
505 4087 729 4164 moderandam,
750 4089 782 4146 in
798 4089 962 4166 juventutis
980 4088 1053 4151 adeo
1073 4091 1300 4165 institutionem,

117 4326 137 4391 ll
154 4332 226 4382 initio
243 4349 268 4400 p.
288 4332 322 4383 50
337 4349 393 4401 sqq.

117 4412 139 4476 2)
155 4417 257 4470 Phaedr.
275 4415 324 4470 att
342 4417 374 4470 1).

118 4497 247 4564 3111111111.
267 4501 316 4554 152
335 4503 363 4554 D.
382 4501 544 4571 0111111186
563 4502 590 4556 G.
