2886 5118
740 274 802 334 ror
994 260 1077 272 ''
1233 256 1279 315 ὅ*

106 436 122 457 “
147 433 179 494 di
201 432 278 490 licet.
322 432 430 527 Atpul,
452 429 476 490 si
495 447 545 495 aut
566 453 625 493 non
644 434 707 494 sint*
720 430 768 492 Dii
789 449 839 496 aut
859 456 904 496 res
923 437 1064 496 humanas
1082 457 1142 496 non
1159 452 1281 515 curent,
1300 437 1371 496 nobis

149 554 207 590 non
227 529 410 604 curandum,
435 544 465 589 ut
484 531 622 590 lateamus
641 529 727 607 illos,
760 533 807 590 sin
827 547 854 592 et
879 532 977 593 adsint
997 547 1026 594 et
1047 533 1179 593 homines
1204 549 1321 614 regant,
1345 534 1369 593 id

149 648 209 688 non
227 627 367 703 aliunde,
393 649 479 707 quam
500 649 516 686 e
537 636 685 710 poetarum
715 631 893 692 carminibus
920 631 1125 711 cognovimns:
1156 632 1262 695 dicunt
1289 638 1369 692 alitem

144 727 254 799 iidem,
272 741 365 807 ¹posse,
391 728 465 786 Deos
493 728 648 787 sacrifieiis
674 729 869 807 suavibusque
881 729 1034 810 ⁴‚precibus
1054 744 1083 789 et
1103 729 1275 791 muneribus
1283 731 1368 811 flecti.

145 823 260 901 Quibus
285 826 334 890 vel
362 837 514 904 utrumque
538 824 725 898 ¹credendum
752 840 794 886 est
818 828 866 886 vel
881 841 1027 897 neutrum.
1069 828 1100 887 si
1120 823 1315 904 credendum,
1332 829 1368 888 in·

142 927 219 1002 juste
240 911 322 1008 a'gere
341 923 426 996 licet,
449 924 473 982 si
494 922 580 982 modo
598 943 635 980 ex
653 925 715 1004 ipsa
732 925 919 1005 rapina‚Diis
937 925 1080 986 sacrificia
1109 927 1270 986 offeramus.
1307 927 1367 986 um

146 1026 169 1087 si
185 1025 258 1103 justi
279 1040 396 1095 sumus,
418 1019 513 1080 illaesi
533 1020 651 1098 quidem
670 1041 688 1082 a
706 1021 770 1081 Diis
791 1021 917 1098 erimus,
944 1019 995 1082 sed
1019 1023 1125 1098 luera,
1156 1042 1231 1102 quae
1259 1034 1309 1105 pm
1332 1027 1368 1083 iu·

142 1125 286 1201 justitiam
314 1132 536 1200 comparantur,
567 1139 752 1199 respuemus,
784 1120 886 1199 injusti
916 1141 1003 1196 vere,
1041 1121 1163 1182 divitias
1194 1124 1362 1203 parabimus,

147 1220 360 1296 sceleribusque
379 1219 567 1296 perpetratis,
594 1215 661 1275 illos
682 1217 817 1298 precibus
837 1217 1004 1293 flectentes,
1030 1239 1159 1299 apoena
1179 1216 1364 1280 liberabimur.

122 1306 231 1398 ,Dicat
247 1316 365 1390 tandem
393 1316 516 1394 aliquis:
547 1313 627 1395 apud
653 1315 764 1375 inferos
791 1335 899 1396 poenas
927 1315 1075 1376 dabimus
1090 1338 1207 1395 eorum,
1238 1332 1308 1400 quae
1326 1319 1364 1379 hle

143 1413 516 1494 injustecommiserimus,
536 1412 584 1474 vel
604 1433 655 1472 nos
672 1413 720 1472 vel
739 1415 802 1474 nati
822 1424 965 1475 natorum.
986 1418 1042 1489 At,
1064 1438 1080 1475 ο
1099 1416 1196 1492 bone,
1225 1418 1364 1500 responde·

139 1513 264 1589 ¹bimusy
283 1512 465 1592 expiationes
482 1532 534 1591 pro
553 1512 679 1592 peccatis
697 1513 854 1572 commissis
873 1513 997 1575 multum
1016 1514 1136 1589 valent,
1157 1517 1362 1595 exorabilesque

144 1615 194 1676 Dii
209 1627 301 1685 suat,
323 1625 355 1669 ut
375 1609 516 1668 maximae
535 1610 667 1672 civitates
686 1609 832 1684 affirmant
848 1633 881 1672 ac
901 1613 1026 1672 Deorum
1044 1612 1101 1674 filii
1113 1659 1121 1687 ,
1153 1616 1263 1694 politae.
1302 1615 1364 1693 Ergo

135 1731 217 1793 ¹quae
246 1711 318 1769 ratio
344 1730 397 1768 nos
427 1709 567 1783 adducat,
597 1722 628 1768 nt
660 1731 785 1768 summae
807 1711 967 1788 injustitiae
984 1713 1127 1790 justitiam
1152 1726 1364 1794 anteponamus:

144 1807 401 1891 quandoquidem,
432 1808 456 1866 si
483 1808 657 1885 injustitiam
683 1809 737 1867 sub
766 1808 934 1869 adulterina
952 1811 1046 1891 specie
1068 1811 1328 1886 occultaverim,
1346 1826 1367 1868 et

146 1907 226 1988 apud
244 1893 318 1967 Ileos
339 1919 367 1965 et
383 1905 611 1986 apud-homines
629 1908 725 1966 omnia
744 1906 828 1967 nobis
843 1928 858 1966 e
874 1909 1018 1967 sententia
1037 1907 1213 1984 succedent,
1235 1923 1262 1968 et
1279 1912 1368 1972 viven-

140 2007 225 2066 tibus
245 2020 273 2066 et
302 2005 468 2065 defunctis:
498 2003 739 2084 quemadmodum
771 2004 928 2064 multorum
955 2006 1222 2086 excellentiumque
1253 2007 1366 2066 vitorum

143 2117 263 2171 testetur
289 2103 405 2164 oratio?
436 2103 483 2162 Ex
514 2102 649 2162 omnibus
673 2105 734 2181 jam
761 2103 870 2177 dictis,
899 2102 1085 2178 oSocrates,
1115 2107 1185 2189 quis
1206 2103 1365 2178 crediderit,

144 2201 386 2264 eum','hominem
412 2201 557 2280 justit-iam
584 2201 661 2260 velle
687 2201 797 2276 colere,
827 2202 876 2260 cui
909 2203 946 2261 sit
963 2203 1062 2281 aliqua
1080 2203 1125 2262 vis
1146 2204 1209 2263 sive
1231 2205 1370 2291 fortunae,¹

142 2305 204 2363 sive
234 2323 340 2380 opum,
372 2302 433 2361 sive
462 2301 607 2380 corporis,
638 2301 699 2360 sive
730 2300 861 2380 generis,
882 2321 915 2364 ac
940 2322 1000 2360 non
1021 2302 1117 2381 potius
1137 2288 1361 2376 subrisur·urn,si

145 2398 260 2459 laudari
280 2419 343 2456 eam
361 2398 535 2458 audiverit?
557 2396 647 2456 Nulla
665 2411 760 2458 autem
776 2396 833 2457 alia
848 2399 1091 2458 horumom'nium
1111 2419 1211 2458 caussa
1228 2413 1291 2473 est,
1318 2397 1363 2456 nisi
1392 2461 1396 2470 ,

145 2516 200 2571 cu,
219 2494 297 2554 unde
316 2495 387 2554 haec
406 2495 575 2577 totaoratio
593 2495 665 2554 mibi
686 2509 714 2553 et
730 2496 819 2570 huic,
840 2517 857 2556 o
876 2496 1023 2571 Socrates,
1045 2497 1186 2558 adversus
1204 2510 1234 2557 te
1251 2497 1362 2577 profecta

49 2619 53 2626 “
143 2601 209 2655 eslz-
227 2595 363 2675 quoniam
383 2611 420 2651 ex
442 2593 524 2654 vobis
532 2639 541 2667 ,
562 2614 580 2652 o
599 2591 739 2668 mirifice,
760 2595 927 2673 quicunque
953 2593 1054 2654 laudes
1067 2597 1199 2672 justitiae
1226 2593 1363 2675 profitemi-

143 2698 193 2769 ni,
216 2714 231 2752 a
252 2693 355 2774 priscis
377 2691 439 2751 illis
458 2691 595 2752 heroibus
616 2692 809 2772 incipientes,
830 2693 867 2752 de
890 2693 997 2771 quibus
1017 2693 1115 2772 aliqua
1134 2709 1228 2757 exstat
1247 2692 1362 2752 memoria

144 2813 233 2872 usque
253 2791 290 2852 ad
308 2805 419 2850 nostros
437 2790 587 2864 homines,
619 2791 720 2850 nullus
751 2811 878 2870 unquam
900 2791 985 2850 aliter
1004 2791 1137 2852 laudavit
1160 2794 1301 2870 justitiam
1325 2788 1362 2850 vel

144 2891 318 2970 injustitiam
338 2889 534 2969 vituperavit,
555 2909 639 2966 quam
650 2888 688 2949 ad
698 2889 819 2968 gloriam
833 2909 1009 2967 muneraque
1028 2889 1075 2949 vel
1095 2869 1362 2971 poenasrespicb'ns,

143 3010 216 3070 quae
245 2988 283 3046 ab
310 2987 373 3047 illis
403 2986 637 3067 proficiscuntur.
680 2987 778 3068 Ipsum
807 3007 876 3048 vero
906 3001 1059 3065 utrumque
1085 2987 1158 3066 quid
1192 3009 1244 3069 per
1272 3009 1298 3046 sc
1321 3003 1361 3044 sua

143 3102 244 3169 sponte
263 3099 327 3167 agat
346 3087 379 3146 in
398 3085 534 3144 habentis
552 3085 648 3144 animo
668 3084 761 3143 latens
780 3085 854 3144 Deos
881 3088 910 3144 'et
938 3084 1090 3160 homines,
1121 3085 1224 3145 nullus
1253 3101 1361 3162 unquam

144 3187 193 3248 vel
219 3187 250 3244 in
270 3189 403 3264 poemate
432 3182 479 3243 vel
506 3183 539 3241 in
569 3181 627 3240 alio
645 3203 776 3241 sermone
795 3183 960 3256 enarravit,
991 3200 1050 3242 esse
1078 3183 1190 3242 scilicet
1208 3181 1369 3260 injustitiam,

93 3305 96 3310 ’
144 3285 301 3344 maximum
322 3281 483 3355 malorum,
503 3281 626 3360 quaein
647 3301 706 3340 sese
734 3280 839 3340 habeat
865 3282 997 3356 animus,
1023 3269 1168 3358 justitiam
1197 3303 1265 3342 vero
1288 3277 1360 3338 maxi·

144 3403 225 3442 mum
243 3381 361 3440 bonum.
404 3379 436 3438 Si
455 3379 533 3436 enim
552 3381 593 3438 sie
613 3378 649 3437 ab
670 3377 805 3437 omnibus
823 3378 906 3440 vobis
926 3379 1028 3437 fuisset
1047 3401 1062 3438 a
1082 3380 1231 3460 principio
1252 3378 1360 3446 dictum,

144 3482 286 3561 nobisque
307 3479 343 3538 ab
364 3479 426 3559 ipsa
446 3478 571 3558 pueritia
590 3498 775 3558 persuasum,
797 3499 857 3536 non
876 3498 944 3536 sane
974 3499 1026 3536 nos
1053 3479 1181 3537 invicem
1208 3476 1360 3559 prohibere-

143 3603 206 3642 mus
225 3580 262 3640 ab
284 3579 394 3656 injuria
415 3575 582 3651 inferenda3
606 3574 656 3634 sed
679 3576 875 3654 unusquisque
897 3575 941 3634 sui
962 3575 1023 3656 i'pse
1044 3589 1244 3650 custoeesset,
1263 3575 1359 3641 umens,

144 3703 181 3741 ue
212 3681 319 3757 injuste
350 3697 437 3756 agens
467 3675 591 3734 maximo
623 3675 698 3746 malo
720 3672 873 3734 laboraret.
914 3674 1012 3746 Haec,
1034 3693 1050 3730 ο
1071 3671 1224 3747 Socrates,
1244 3686 1270 3732 et
1288 3669 1357 3752 plura

84 3831 86 3836 s
144 3779 262 3838 fortasse
283 3774 517 3854 Thrasymachus
537 3786 587 3831 aut
618 3773 724 3851 aliquis
751 3772 825 3831 alius
846 3771 883 3831 de
904 3771 1018 3850 justitia
1049 3785 1077 3830 et
1106 3772 1268 3850 injustitia,
1298 3766 1357 3827 uni-

144 3897 233 3961 usque
252 3875 313 3932 vim
334 3875 504 3944 invertens,
526 3871 654 3944 diceret,
686 3871 851 3951 importune
872 3869 1047 3945 admodum,
1079 3883 1111 3930 ut
1141 3871 1215 3930 mibi
1242 3869 1356 3934 videtur,

143 3974 195 4036 sed
217 3995 286 4054 ego,
308 3970 385 4030 nibil
407 3971 458 4030 abs
478 3985 507 4030 te
527 3970 616 4030 celari
637 3969 757 4044 volens,
788 3969 965 4050 cupiensque
986 3989 1023 4031 ex
1043 3983 1071 4027 te
1092 3967 1195 4028 audire
1214 3963 1356 4030 contraria,

81 4088 86 4096 ’
143 4094 228 4155 quam
249 4071 375 4130 maximo
395 4070 505 4150 impetu
526 4090 559 4127 ac
582 4065 696 4130 fervore
718 4068 791 4128 dixi.
834 4070 877 4128 Ne
908 4089 975 4148 ergo
997 4068 1088 4128 solum
1110 4067 1238 4126 oratione
1257 4065 1356 4125 denton-

93 4231 96 4236 .
143 4189 219 4247 stra,
240 4161 287 4230 du
309 4161 475 4248 δικαιοσύνη
490 4163 604 4240 ἀδικίας
618 4169 761 4248 npatnov·
781 4171 1355 4246 praestantioreminjustitidjurtr'tiom

143 4296 228 4334 esee:
248 4261 323 4332 u'llti
346 4268 377 4332 τί
397 4270 522 4331 ποιοῦσα
544 4263 669 4351 ἑκατέρα
689 4263 744 4329 τόν
764 4262 872 4347 ἔχοντα
892 4255 968 4349 αὐτή
985 4258 1030 4333 δι’ι
1043 4257 1156 4344 αὐτήν,
1182 4257 1235 4323 ἐάν
1256 4283 1284 4322 τε
1301 4261 1355 4318 lor·

143 4367 228 4458 θάνῃ
248 4367 303 4434 ε’ἅν
324 4396 354 4434 τε
382 4367 428 4454 μή
452 4367 544 4447 θεοὺς
564 4395 594 4434 τε
614 4369 663 4432 καὶ
690 4363 887 4449 ἀνθρώπους,
916 4361 936 4447 η’
959 4363 1015 4444 μὲν
1042 4357 1179 4444 ἀγαθόν,
1208 4358 1228 4446 η’
1258 4359 1289 4424 δὲ
1313 4382 1356 4419 κα-
