2950 5134
656 271 694 333 33
749 305 751 308 ,

84 439 190 520 propria.
231 439 272 496 De
292 437 415 495 Isocrate
428 437 537 513 jurene
564 435 711 516 praeclare
736 435 912 494 vaticinatur
936 437 966 493 in
987 435 1116 494 Phaedro
1144 435 1290 496 Socrates:

84 558 139 594 nam
166 537 253 594 inesse
282 535 308 592 ei
336 535 439 593 natura
457 532 531 593 dicit
549 531 761 616 philosophiam
781 533 939 612 quandam:
962 529 1047 615 φύσει
1068 528 1140 614 γάρ,
1163 527 1187 594 oi
1210 533 1291 615 epila,

82 630 162 696 ἔνεστί
181 655 223 706 τις
250 629 411 714 φιλοσοφία
430 631 473 716 νῇ
498 631 552 692 τοῦ
578 624 688 712 ἄνδράς
714 629 836 716 διανοίᾳ.
854 630 883 711 1)
913 635 950 695 Et
976 639 1110 697 universe
1133 637 1169 697 de
1193 640 1290 696 animo

81 737 158 810 dicit,
177 737 199 796 si
210 765 225 810 ,·
242 734 335 814 qualis
364 736 415 808 sit,
434 752 602 813 cognoscere
621 734 744 794 velimus
754 781 761 808 ,
782 736 990 815 respiciendam
1009 759 1066 796 csse
1081 741 1141 815 ejus
1160 738 1289 819 philoso-

81 837 172 916 phiam.
202 832 234 914 2)
273 833 330 894 Sed
353 848 386 893 ut
414 845 514 914 sponte
538 835 649 892 exsistit
677 834 708 890 in
739 832 855 906 homine
883 835 1084 916 philosophia,
1108 837 1148 894 ita
1171 837 1240 894 haec
1260 851 1288 895 et

80 935 159 1015 ipsum
176 932 271 992 erudit
291 945 317 990 et
333 932 393 992 vim
408 931 494 990 habet
510 932 663 989 maximam
681 930 718 990 ad
738 930 810 990 alios
829 933 1010 992 excolendos.
1039 934 1137 1012 ltaque
1157 935 1288 1012 frequen-

79 1034 170 1092 tissime
185 1029 263 1112 apud
282 1030 428 1088 Platonem
442 1031 566 1090 occurrit
591 1043 622 1089 ut
642 1025 802 1102 παιδεία,
824 1028 855 1110 3)
875 1037 1029 1090 institutio
1052 1031 1210 1110 quaedam,
1231 1053 1288 1111 qua

79 1131 210 1190 erudiatur
228 1151 245 1186 a
262 1128 369 1187 teneris
388 1127 473 1186 homo
491 1142 519 1188 et
543 1131 708 1206 excolatur,
733 1129 842 1189 artibus
863 1127 1021 1203 adhibitis,
1049 1131 1081 1188 in
1100 1131 1200 1210 primis
1226 1149 1287 1188 mu·

79 1229 140 1286 sica:
168 1227 246 1287 unde
273 1218 470 1302 μουσικοάς
490 1226 615 1287 subinde
643 1243 725 1288 vocat
751 1225 945 1310 philosophos
988 1227 1064 1285 Huic
1091 1240 1183 1284 autem
1205 1228 1286 1286 insti·

79 1325 168 1383 tutiom
185 1338 322 1404 tanquam
341 1327 477 1407 princeps
495 1323 599 1386 tribuit
615 1345 738 1400 munus,
760 1341 792 1385 ut
819 1323 934 1384 oculum
954 1327 1063 1405 aperiat
1086 1326 1209 1399 mentis,
1229 1347 1287 1404 quo

79 1444 127 1480 uno
148 1425 250 1484 veritas
278 1425 463 1504 conspicitur.
506 1417 590 1496 Quod
619 1421 707 1483 variis
737 1423 877 1506 expressit
904 1422 1118 1501 declaravitque
1143 1443 1286 1506 eompara-

78 1521 198 1581 tionibus.
241 1522 346 1581 Somno
371 1523 482 1581 confert
500 1533 677 1602 praesentem
705 1521 831 1582 hominis
858 1519 1110 1595 conditionem,e
1137 1542 1194 1599 quo
1222 1540 1286 1579 eum

77 1620 168 1679 excitat
185 1622 391 1698 philosophia,
423 1633 454 1678 ut
483 1619 595 1680 desinat
624 1623 782 1693 somniare,
812 1636 912 1678 rerum
942 1619 1049 1698 intueri
1070 1619 1201 1700 incipiat.
1249 1621 1284 1678 ln

77 1717 187 1776 tenebris
201 1739 256 1777 nos
276 1719 374 1778 vivere
394 1717 485 1791 dicit,
507 1719 539 1775 in
558 1719 663 1795 quihus
690 1737 837 1776 coecorum
865 1717 956 1773 instar
984 1715 1118 1796 progredi
1141 1715 1285 1792 nitamur,
1345 1783 1349 1788 .

78 1814 116 1872 sed
133 1816 294 1876 oberremus
313 1830 468 1897 perpetuo:
491 1815 582 1874 donec
597 1817 788 1893 philosophia,
805 1835 857 1872 nos
883 1813 1019 1872 eduxerit
1040 1813 1077 1872 ad
1097 1813 1193 1873 lumen
1213 1817 1285 1874 veti·

77 1913 137 1972 tatis.
184 1917 344 1977 Conversos
363 1935 415 1972 nos
440 1933 498 1971 esse
518 1913 590 1973 dicit
609 1913 646 1972 ad
665 1933 759 1970 rerum
789 1911 902 1969 umbras
930 1923 957 1967 et
984 1909 1136 1968 simulacra
1166 1913 1281 1989 inania3

77 2012 276 2089 philosophiam
295 2035 363 2072 nero
382 2011 418 2070 ab
438 2011 474 2068 iis
488 2033 540 2068 nos
559 2026 685 2070 avertere
706 2023 734 2068 et
751 2029 780 2067 re
801 2029 870 2068 vera
888 2023 1053 2067 convertere
1072 2007 1109 2066 ad
1130 2031 1172 2068 res
1193 2014 1282 2093 ipsas,

78 2107 105 2166 ad
121 2109 212 2185 ideas,
235 2109 275 2168 ad
292 2109 443 2190 pulcrum,
464 2107 591 2182 bonum,
608 2110 736 2185 justum,
764 2121 902 2166 sanetum.
925 2104 956 2186 4)
983 2107 1208 2183 Philosophiam
1224 2114 1284 2170 ess'e

78 2208 160 2266 statuit
177 2211 268 2268 totius
286 2206 411 2265 hominis
430 2207 646 2264 conversionem
666 2206 702 2264 ab
722 2207 776 2279 iis,
797 2225 869 2284 quae
899 2203 1054 2278 videntur,
1085 2205 1122 2264 ad
1141 2227 1192 2281 ea,
1213 2229 1285 2288 quae

78 2317 138 2362 sunt.
181 2307 222 2365 Ut
252 2325 288 2363 ex
316 2325 381 2363 orco
408 2303 547 2363 dicuntur
575 2304 713 2362 nonnulli
742 2303 779 2362 ad
808 2305 892 2362 Deos.
911 2301 1089 2376 escendisse,
1120 2304 1179 2378 ita,
1213 2326 1284 2385 quae

79 2403 269 2478 veredicitur,
291 2403 477 2480 philosophia
508 2421 568 2460 non
599 2394 745 2482 ὀστράκου
776 2405 831 2461 erit
855 2395 1052 2481 περιστροφή,
1080 2396 1154 2460 itti
1181 2402 1286 2483 ψυχῆς

54 2493 55 2498 ¹
79 2495 224 2582 σεριογωγή
258 2499 292 2561 ἐκ
326 2499 491 2580 νυκτερινῆς
527 2521 604 2575 τινος
638 2497 753 2584 ἡμέρας
787 2500 827 2574 εἰς
859 2495 1005 2584 ἀληθινήν
1034 2497 1089 2584 τήν
1116 2497 1209 2578 ὄντος
1234 2499 1285 2565 od-

78 2619 135 2676 oar,
168 2599 211 2686 ἣν
252 2596 297 2682 δι)
334 2595 477 2672 ἐπάνοδον
514 2603 734 2685 φιλοσοφίαν
771 2597 895 2684 ἀληθῆ
931 2597 1096 2684 φήσομιν
1126 2599 1226 2666 εἶναι.
1253 2605 1285 2688 5)

78 2701 112 2760 Ex
128 2705 200 2766 hisce
221 2704 422 2788 philosophiae
445 2704 611 2765 notionibus
635 2706 785 2787 implicitis
809 2725 845 2762 en
868 2705 1008 2765 involutis
1027 2707 1185 2788 explicabit
1203 2727 1231 2768 se
1252 2707 1301 2786 in,

78 2805 196 2879 proximis
222 2801 469 2884 disputationibus
495 2815 569 2877 tota,
597 2817 628 2863 nt
655 2825 816 2886 speramus,
837 2801 964 2862 Platonis
993 2801 1184 2885 philosophia.
1226 2803 1283 2863 Sed

78 2895 199 2962 hocloco
229 2896 499 2959 animadvertamus
515 2903 697 2980 pr=aese1tim,
724 2906 871 2961 occurrere
895 2901 973 2981 apud
992 2923 1055 2959 cum
1072 2902 1283 2984 philosophiam

78 2996 200 3076 subinde,
223 3013 256 3058 ut
276 2991 476 3092 κάθαρσιν,
499 3013 531 3059 ut
554 3001 643 3058 animi
661 3000 780 3058 humani
800 3005 1003 3056 initiationem
1021 3000 1176 3079 quandam.

108 3095 143 3155 Eo
167 3099 355 3179 pertinebant
380 3099 540 3178 antiquitus
555 3101 705 3178 mysteria,
730 3112 760 3156 ut
780 3097 861 3176 quis,
879 3095 1011 3155 sordibus
1029 3118 1100 3177 purg
1103 3113 1164 3156 atus
1185 3098 1280 3157 omni-

79 3188 134 3267 bus,
153 3199 190 3256 sic
215 3196 254 3256 ad
278 3218 356 3256 sacra
375 3195 522 3256 accederet
544 3196 691 3256 interiora.
733 3197 777 3254 Ita
799 3193 981 3274 philosophia
1003 3210 1152 3276 praeparat
1172 3199 1282 3256 animos

79 3287 106 3347 ad
121 3291 258 3354 intuenda
278 3296 340 3355 veri
365 3295 508 3374 mysteria.
550 3297 622 3354 Nam
641 3296 701 3376 ipsa
720 3309 761 3353 est
779 3286 976 3372 κάθαρσις,
998 3312 1028 3354 ut
1041 3295 1153 3352 animus
1164 3341 1171 3368 ,
1192 3295 1281 3354 sordi·

78 3383 120 3444 bus
135 3406 269 3471 purgatus
285 3414 417 3451 sensuum
431 3407 458 3451 et
473 3392 667 3472 voluptatum,
684 3395 882 3453 intaminatam
898 3408 1004 3475 spectet
1018 3394 1174 3468 veritatem.
1197 3390 1282 3465 Quod

79 3487 209 3550 rancinaci
235 3491 376 3550 videntur
399 3492 597 3570 mysteriorum
620 3507 765 3566 auctores,
791 3487 856 3570 cnm
881 3492 1030 3565 dicerent,
1057 3511 1121 3563 eos,
1147 3491 1197 3567 qui
1222 3511 1281 3547 non

80 3581 170 3646 initiati
192 3591 225 3647 in
252 3589 360 3649 inferos
388 3588 614 3662 descenderent,
641 3590 672 3649 in
699 3589 760 3648 luto
782 3590 966 3670 provolutum
989 3589 1045 3650 iri:
1065 3588 1115 3666 qui
1143 3607 1210 3646 vero
1229 3587 1282 3643 rite

78 3701 317 3720 -Ἣ

97 3722 101 3733 ι

104 3757 124 3822 1)
141 3762 245 3816 raaia
264 3764 323 3817 ere.
341 3764 372 3817 x.

104 3841 125 3906 n
142 3848 176 3898 aa
191 3851 254 3919 rap
272 3851 302 3902 x.
321 3847 378 3901 on.
397 3850 427 3900 n.

103 3935 125 4000 3)
141 3941 283 4010 iunguntur
312 3959 392 4010 saepe
422 3931 539 3995 παιδεία
564 3950 590 3994 et
594 3933 786 4022 φιλοσοφία,
809 3961 834 3995 v.
850 3962 872 3996 c.
881 3944 985 4010 Deltep.
994 3941 1099 3993 111498.
1109 3940 1138 3990 B.
1147 3940 1224 4008 lhpist.
1233 3938 1281 4014 Vll.

79 4023 125 4079 3.ae
148 4033 176 4083 A.
202 4033 241 4085 Cf.
260 4032 379 4102 Xenoph.
402 4039 474 4088 Mera.
493 4037 531 4088 lV.
550 4037 574 4090 2.
593 4036 634 4089 23.
670 4039 727 4090 ln'
721 4055 777 4106 ipae
803 4034 984 4106 philosophiae
999 4034 1203 4102 reprehensione
1218 4033 1282 4083 haec

80 4112 123 4175 ejus
140 4121 207 4170 notio
227 4119 372 4172 dominatur
390 4123 457 4190 apud
475 4123 539 4177 Plat
559 4124 632 4192 dorp.
651 4123 708 4176 484.
726 4124 784 4189 485.

106 4195 126 4260 4)
143 4203 177 4252 De
193 4206 253 4272 hep.
274 4203 312 4254 Vl
330 4205 377 4256 Vll.
396 4209 500 4274 passim

106 4281 127 4346 5)
144 4288 178 4338 De
204 4291 266 4360 ltep.
297 4289 431 4348 111521.
458 4293 485 4350 C.
513 4309 545 4344 ex
578 4292 645 4358 Astii
669 4295 856 4358 emendatione.
884 4294 1029 4362 (Praestat
1036 4289 1149 4340 fortasse
1160 4289 1280 4355 legere.

81 4363 112 4438 tie
130 4363 270 4454 ἀληθινήν
290 4373 343 4434 τοῦ
365 4365 448 4453 deme
468 4374 517 4457 (sc.
535 4368 699 4460 ἡμέραν)
684 4367 873 4461 επανιοάσρς,
892 4375 930 4461 ἢν
944 4371 985 4455 dp*
1007 4364 1206 4449 ἐιιάνοὼνμ-
1219 4381 1282 4433 Nam

84 4458 160 4544 ὄντος
180 4469 269 4536 οὖσαν
290 4487 391 4542 ridetur
420 4489 509 4556 glonna
537 4491 570 4540 ad
596 4469 749 4553 atteroda
784 4489 894 4555 Edl'
1090 4547 1099 4562 ,

1094 4617 1097 4626 ·
1163 4583 1181 4640 3
