2838 5120
714 287 774 347 270

130 449 259 524 niemus,
280 463 416 530 tumque
437 451 550 509 ratione
568 450 692 508 maxime
718 463 778 510 orta
802 450 861 509 sint
881 450 1021 524 inventa,
1047 449 1249 562 intelligemus.
1292 451 1357 510 Una

129 545 303 607 inveniendi
324 550 398 608 ratio
424 563 465 609 est
494 567 618 606 eernere
628 550 870 629 ,distinguere,
899 569 1082 624 numerare,
1108 549 1128 608 i.
1154 569 1178 608 e.
1208 549 1239 608 in
1260 550 1357 608 multis

128 661 157 706 et
177 645 304 706 infinitis
322 647 492 721 attendere,
522 646 701 726 quaesiui.»
738 645 767 727 l)
796 645 832 707 ld
851 647 992 727 exemplis
1011 595 1150 758 deinceps
1175 645 1335 706 Socrates'
1328 669 1357 706 ιιι

126 745 228 827 pcimis
246 745 411 806 illustribus
432 745 569 805 declat-‚at

226 945 285 1006 De
310 951 428 1004 artis
459 952 647 1003 musicae
671 967 717 1002 aa
747 946 979 1004 literarum
1004 947 1262 1002 inventione.

172 1143 389 1204 «Manifestum
414 1140 487 1216 hoa,
518 1141 575 1215 ait,
606 1161 624 1199 ο
653 1139 823 1219 Protarcho,
850 1143 882 1202 in
912 1141 1005 1202 literis
1032 1153 1090 1200 est:
1117 1141 1213 1219 itaque
1237 1137 1270 1195 in
1292 1135 1356 1208 his,

125 1263 196 1322 quas
213 1240 363 1316 didicisti,
393 1241 426 1301 id
444 1239 551 1322 accipe.
579 1239 770 1314 -Quonam
797 1241 908 1302 modo?
926 1269 961 1280 -
979 1239 1045 1300 Vox
1064 1237 1148 1299 nobis
1173 1259 1234 1295 aaa
1253 1249 1295 1294 est
1321 1255 1354 1292 ex

125 1361 173 1402 ore
193 1338 350 1422 pradiens,
375 1340 529 1419 eademque
549 1337 628 1420 apud
648 1359 746 1397 omnes
766 1352 794 1398 et
814 1360 1045 1420 unumquemque
1070 1347 1104 1396 in
1128 1339 1256 1414 infinita
1282 1335 1352 1393 mul·

125 1441 267 1500 titudine.
296 1465 331 1476 -·
371 1438 509 1515 Quidni?
537 1469 572 1480 --
606 1438 715 1496 Neutro
747 1451 842 1497 autem
871 1438 974 1498 horum
1004 1437 1083 1498 docti
1116 1435 1279 1510 efficimur,
1305 1453 1349 1492 nec
1416 1432 1417 1520 l

123 1539 202 1622 quod
227 1541 387 1617 infinitum
415 1539 495 1616 ejus,
524 1557 577 1596 nec
596 1536 674 1615 quod
692 1547 788 1594 unum
806 1540 1011 1617 cognovimus;
1038 1530 1101 1596 ἀλλ’
1127 1525 1190 1609 δτι,
1215 1529 1298 1595 πόσα
1324 1527 1354 1592 ιε’

124 1634 186 1701 ἔστι
220 1636 270 1698 καὶ
302 1630 408 1711 cinola,
439 1629 520 1696 τοῦτ’
555 1627 617 1696 ἔστι
649 1629 687 1696 εδ
722 1633 928 1718 γραμματικδν
959 1633 1083 1700 ἕκαστον
1115 1635 1219 1699 ποιοδν
1249 1630 1355 1718 η’μῶν·

124 1743 492 1823 sedquodeognooimus,
512 1745 634 1818 quoties
655 1761 689 1796 aa
713 1747 778 1798 sint
796 1750 826 1797 et
846 1741 970 1819 qualia,
997 1743 1049 1802 Ῐιοι·
1078 1751 1136 1817 est,
1162 1741 1237 1834 quod
1266 1741 1357 1797 lite·

30 1903 31 1911 *
124 1863 266 1900 rarum
291 1847 483 1918 peritum
513 1859 754 1916 unumquemque
781 1848 919 1898 nostrum
949 1842 1051 1921 efficit.
1072 1871 1106 1881 —
1130 1839 1285 1900 Verissima
1317 1837 1355 1896 lo·

123 1941 229 2020 quens.
258 1967 293 1976 -
318 1939 355 1999 Et
387 1959 456 1998 vero
483 1936 563 2017 quod
590 1945 722 1996 musicae
747 1945 884 2016 peritum
914 1959 998 2017 quem
1029 1937 1145 2014 efficit,
1175 1937 1251 1997 idem
1278 1935 1354 1994 illud

124 2053 174 2100 est.
204 2067 239 2078 -
266 2037 445 2114 Quomodo?
474 2071 509 2082 --
542 2037 609 2096 Vox
646 2049 687 2094 est
712 2037 747 2094 in
776 2035 830 2095 hac
863 2037 932 2095 item
960 2050 1020 2096 arte
1048 2060 1109 2097 una
1138 2037 1287 2117 quaedam.
1324 2063 1355 2070 -

123 2138 262 2213 Quidni?
289 2163 324 2176 ··
346 2137 416 2196 ·Duo
444 2155 604 2217 ponamus,
626 2155 721 2216 grave
748 2147 776 2194 et
804 2145 928 2194 acutum
955 2119 1126 2196 et'teuium
1153 2138 1292 2194 medium.
1322 2163 1354 2172 -

123 2239 275 2298 Ponamus.
305 2263 340 2274 -
378 2235 577 2294 Veruntamen
605 2231 735 2292 nondum
759 2234 869 2314 peritus
895 2235 1015 2293 musices
1044 2235 1119 2307 eris,
1149 2236 1172 2294 si
1199 2232 1269 2292 haec
1296 2233 1354 2292 sola
1417 2219 1418 2234 λ

124 2335 308 2415 cognoveris5
328 2337 382 2416 ista
402 2353 470 2394 vero
489 2332 643 2412 ignorans,
663 2331 756 2403 nihil,
780 2346 812 2391 ut
830 2333 870 2393 ita
890 2331 985 2392 dicam
996 2379 1004 2407 ,
1025 2333 1062 2393 de
1081 2332 1128 2392 his
1147 2334 1302 2414 intelliges.
1321 2373 1354 2382 -

123 2435 206 2493 Nihil
226 2457 303 2495 sane.
324 2466 356 2476 -
391 2425 475 2504 Ἀλλ’,
500 2423 527 2492 ιδ
548 2427 630 2512 φίλι,
652 2424 771 2490 ἐπειδᾶν
789 2423 884 2517 λάβῃς
904 2425 942 2492 ssi
963 2425 1151 2514 διαστήματα
1174 2426 1271 2493 ὁπόσα
1291 2429 1356 2492 ἐστὶ

123 2527 178 2594 scir
196 2527 333 2614 α’ριθμδν
353 2532 411 2617 τῆς
436 2531 554 2616 φωνῆς,
578 2526 726 2614 σ’ξδτητός
746 2556 778 2594 τε
798 2527 865 2616 πέρι
893 2532 943 2596 uui·
969 2528 1150 2618 βαρύτητος,
1180 2533 1228 2596 καὶ
1253 2527 1353 2612 ὁποῖα,

123 2635 172 2697 καὶ
205 2631 274 2711 τοδς
305 2629 393 2720 δρονς
418 2637 479 2697 τῶν
504 2629 730 2718 διαστημάτων,
757 2635 806 2697 καὶ
832 2632 871 2698 eoi
900 2635 932 2699 ἕκ
957 2633 1072 2699 τούτων
1102 2630 1159 2699 ὅσα
1184 2631 1354 2719 ξυστήματα

124 2735 252 2820 γέγονεν·
275 2735 309 2822 (i
328 2735 492 2862 κατιδόντες
513 2737 541 2800 οἱ
562 2729 701 2824 πρόσθεν
721 2733 890 2820 παρέδοσαν
916 2733 990 2823 η’μῖν
1015 2742 1077 2814 τοῖς
1103 2733 1254 2819 ἑπομένοις
1280 2737 1353 2801 ἐκεί-

122 2865 197 2920 νοις,
228 2845 324 2903 καλεῖν
345 2840 421 2906 αὐτα
413 2837 637 2928 α’ρμονίας)”
620 2867 650 2905 εν
671 2867 702 2904 τε
723 2845 789 2918 ταῖς
808 2837 951 2925 κινήσεσιν
972 2836 1011 2904 αδ
1031 2841 1090 2905 τοῦ
1111 2837 1249 2922 σώματος
1270 2867 1353 2925 ετερα

123 2967 245 3006 sosoma
267 2939 369 3007 ἐνόντα
390 2942 478 3029 παθη
501 2969 668 3028 μιγνομενα·
691 2941 724 3027 (α
746 2939 786 3029 δη
808 2940 847 3006 δι
873 2941 1058 3028 ἀριθμῶν
1085 2941 1349 3070 μετρηθέντα,

121 3047 186 3108 δεῖν
207 3040 245 3110 αδ
266 3047 341 3130 φασὶ
367 3044 559 3173 ρνθμοδς
565 3047 613 3110 καὶ
637 3044 762 3132 με’τρα
784 3041 991 3128 ἐπονομάζειν,
1014 3046 1063 3109 καὶ
1084 3042 1148 3128 ἅμα
1171 3048 1288 3124 ἐννοεῖν,
1314 3075 1351 3124 ως

122 3143 202 3213 οὕτω
235 3151 301 3212 δεῖ’
310 3151 377 3234 περὶ
410 3147 519 3226 παντδς
546 3146 610 3228 iric
638 3150 687 3214 uui
713 3153 829 3214 πολλῶν
854 3145 1041 3234 ouoastvff)
1023 3175 1094 3214 οταν
1119 3175 1206 3236 γαρ
1205 3146 1297 3230 ταῦτα’
1322 3175 1349 3214 τε

121 3249 218 3340 λα’βῃς
239 3247 331 3330 οὕτω,
352 3249 421 3317 τότε
444 3250 545 3375 ἐγένου
568 3250 674 3336 σοφδς,
698 3247 768 3316 ὅταν
790 3252 826 3317 δὲ
851 3247 922 3316 ἄλλο
943 3254 1005 3316 τῶν
1025 3247 1119 3316 ὄντων
1140 3249 1238 3318 ὁτιοῦν
1258 3245 1350 3340 ταύτῃ

121 3351 319 3437 σκοπούμενος
347 3355 431 3444 ἕλῃς,
461 3351 557 3432 οὕτως
584 3353 711 3440 ἔμφρων
736 3356 803 3441 περὶ
832 3359 919 3420 τοῦτο
946 3351 1077 3439 γέγονας·
1106 3360 1156 3418 sed
1180 3371 1348 3438 postquam.

126 3469 240 3538 amice,
270 3463 437 3522 interualla
464 3469 634 3540 acceperis,
660 3472 731 3542 quot
755 3484 879 3522 nurnero
905 3469 990 3520 eirea
1018 3472 1143 3520 acutum
1167 3472 1197 3518 et
1212 3481 1305 3544 gram
1323 3467 1349 3516 et

123 3563 229 3640 qualia
257 3570 338 3636 sint,
366 3583 400 3619 ae
431 3568 575 3621 terminos
601 3569 674 3620 item
700 3564 964 3636 intervallorum,
995 3583 1127 3639 quaeque
1153 3581 1189 3618 ee
1210 3560 1257 3617 leis
1276 3560 1347 3636 legas

125 3670 155 3718 et
181 3661 260 3720 modi
289 3668 462 3720 exsistant:
492 3656 580 3738 (quae
613 3667 743 3737 majorca
773 3667 872 3720 nostri
901 3644 1067 3738 conspicati
1091 3661 1192 3733 nolis,
1221 3667 1346 3736 ipsarum

124 3762 340 3834 sectatoribus,
364 3768 399 3816 ut
418 3758 594 3816 harmonias
611 3760 668 3816 illa
689 3760 928 3837 appellaremus,
947 3759 1156 3838 tradiderunt)
1175 3768 1241 3816 tum
1261 3763 1346 3815 stiam

81 3923 83 3928 ,
124 3881 199 3937 quae
229 3861 357 3918 motibus
387 3864 519 3934 eorporis
546 3859 662 3918 similia
689 3865 810 3918 insint:
845 3855 929 3937 (haee
962 3864 1128 3916 numeris
1165 3859 1343 3916 distinata

124 3958 317 4038 rhythmos
344 3967 374 4015 ei
400 3966 521 4014 nsetra
548 3958 678 4016 vocanda
701 3979 762 4016 esse
780 3943 944 4032 dixerunt,
963 3958 1225 4034 reputandumquo
1242 3951 1341 4020 siissul,

124 4065 168 4117 sie
195 4059 386 4117 considerare
411 4063 524 4129 omnia,
549 4062 584 4112 in
603 4059 711 4134 quibus
729 4075 824 4114 unum
843 4065 873 4113 ot
889 4058 987 4114 multa
1007 4063 1131 4129 insunt,
1150 4048 1301 4132 oportere.)
1314 4045 1341 4126 2)

159 4302 174 4352 1
204 4301 261 4353 Vid.
281 4302 365 4354 Statii.
386 4302 461 4353 adh.
480 4303 497 4354 1.

67 4421 71 4430 ·
157 4301 185 4462 2i
203 4397 293 4450 Inesse
305 4397 406 4450 scilicet
420 4397 537 4450 omnibus
555 4413 688 4450 numme
706 4405 732 4450 et
748 4400 841 4449 mensi:
859 4399 946 4464 inquo
967 4380 1107 4469 ῥνδμαδς
1124 4406 1151 4449 et
1167 4385 1261 4469 μέτρα
1276 4389 1336 4462 qnasi

126 4487 164 4554 δι’
188 4487 331 4574 ἀριθμῶν
355 4487 546 4573 μετρηθδντα
568 4501 694 4555 dixerunt.
714 4499 754 4553 ct.
770 4503 854 4554 Stulti.
873 4503 906 4554 ad
924 4503 948 4553 h.
969 4503 985 4556 Ι.
