2908 5114
650 257 718 319 385,

73 418 101 470 tn
118 411 266 472 ίαιιινιαιι
284 415 399 474 taralis
416 415 531 496 degere.
566 417 595 497 l)
613 415 707 500 Ergo,
733 435 764 480 ut
783 421 968 486 reconderint
986 447 1023 486 ex
1037 441 1122 488 antro
1140 441 1168 496 et
1182 431 1297 513 singula

73 511 212 586 viderint,
230 531 290 571 non
310 511 475 574 cedendum
495 517 600 575 nostris
620 517 803 600 philosophis
819 535 878 595 cst,
896 523 976 601 quod
996 546 1076 586 nunc
1102 527 1138 587 iis
1166 529 1231 590 cedi
1251 552 1298 592 so-

73 610 124 685 let,
141 631 176 670 τι
198 602 289 670 niteo
275 605 481 688 καταμένειν
503 609 553 674 καί
574 637 618 695 μη
612 608 750 678 ἐθέλειν
776 610 864 680 πάλιν
884 609 1067 700 καταβαίνειν
1085 647 1147 706 παρ
1147 619 1301 748 ’ἕκείνιινιις

71 704 133 784 soit
152 703 325 790 δεσμώτας,
344 709 427 796 μηδὲ
447 709 582 795 μετέχειν
602 716 664 778 τῶν
679 741 741 801 παρ
742 714 937 795 ’ἒιιιίιιιις’
897 743 995 784 norror
1011 747 1042 785 rs
1057 724 1107 786 καί
1122 730 1227 806 trunio,
1241 726 1300 792 sire

72 805 307 893 φαιιλότιραι,”
278 835 336 874 ατε
357 809 597 900 σπουδαιότερα·
621 831 657 878 ut
683 823 751 880 illie
770 835 916 884 moneant
935 849 988 884 neo
1008 829 1183 889 descendero
1201 835 1297 893 danao

72 917 181 975 odollae
206 924 339 993 captivos
363 921 461 978 velint
476 943 529 979 noo
545 922 681 980 taboram
699 928 830 980 istorum
849 925 1073 1026 honorumque,
1095 935 1157 987 siae
1175 933 1299 990 viliores

72 1023 128 1076 rint
147 1023 208 1075 sive
226 1017 448 1114 honoratiores,
461 1027 633 1097 participer
644 1039 721 1078 osse.
724 1021 742 1048 '²
731 1017 786 1099 2)
853 1081 859 1102 ι

106 1105 265 1173 Socraticus
285 1107 387 1194 nempe
406 1116 597 1197 philosophus
623 1114 705 1174 Plato
724 1113 799 1191 fuit,
829 1119 909 1196 quod
931 1120 1123 1180 identidem
1115 1145 1147 1183 ιιι
1168 1124 1214 1184 his
1235 1127 1299 1187 elis-

72 1212 267 1291 quisitionibus
289 1224 318 1269 et
337 1210 543 1294 saepenumero
573 1211 851 1290 animadvertimus,
882 1230 910 1275 et
935 1219 1070 1296 quamvis
1091 1221 1152 1301 ipse
1172 1219 1299 1286 subinde

72 1310 148 1370 altius
167 1305 304 1385 tendere,
325 1329 412 1419 quam
433 1305 577 1373 Socratica
600 1313 674 1372 ratio
694 1312 796 1387 ferret,
827 1313 995 1408 videretur,
1017 1330 1132 1392 tamen,
1151 1321 1178 1378 si
1198 1322 1300 1430 philo.-

72 1408 190 1488 sophiam
210 1409 287 1483 viri,
318 1407 342 1466 si
350 1408 396 1474 ,id
417 1405 496 1488 quod
525 1422 691 1471 constanter
711 1422 739 1469 et
765 1425 906 1492 perpetuo
937 1427 1051 1473 secutus
1078 1429 1137 1490 est,
1164 1418 1188 1476 si
1210 1420 1300 1499 ipsam

71 1504 139 1564 hanc
156 1505 260 1567 mundi
280 1527 389 1586 ναηταιι
381 1503 494 1590 apud
511 1528 576 1568 eum
596 1506 821 1587 descriptionem
847 1509 1027 1591 ¹spectamus,
1048 1534 1108 1572 ιιιιιι
1129 1533 1301 1597 magnopere

73 1602 147 1663 nobis
165 1601 328 1666 discessisse
342 1617 365 1666 ‘a
385 1607 513 1687 magistri
534 1605 731 1666 sententia'ac
752 1607 898 1686 proposito
920 1607 1080 1682 videbitur.
1102 1611 1201 1670 Refert
1211 1613 1300 1694 plane

73 1698 132 1760 haec
148 1703 305 1786 descriptio
334 1704 549 1786 philosophiam
581 1701 766 1762 Socraticam.
807 1705 880 1764 Nam
910 1704 991 1765 abest
1011 1721 1125 1770 tantum
1148 1723 1196 1784 ut,
1227 1733 1301 1790 quae

73 1799 192 1879 prodidit
211 1802 244 1862 in
265 1801 318 1862 illa
340 1815 440 1862 auctor
460 1801 497 1861 de
518 1794 751 1885 ιιίιιιιιίονοητῷ,Ι
769 1801 1032 1882 metaphysico'runi
1049 1806 1169 1865 somniis
1188 1807 1302 1869 adscri-

72 1895 157 1957 benda
175 1899 235 1958 sint
245 1945 254 1974 ,
274 1913 306 1958 ut
324 1899 362 1960 ad
380 1899 527 1960 tuendam·
538 1903 688 1964 veritatem
708 1892 901 1982 optimamque
925 1899 1139 1988 institutionem
1157 1913 1303 1966 commen·

73 1991 187 2055 dandam
204 1997 292 2056 unice
311 1995 482 2078 pertineant¹
488 2022 497 2074 3
516 1995 843 2076 Socrates‘autemquid
862 1996 922 2075 egit
932 2016 984 2076 per
1004 1997 1092 2065 totam
1112 2000 1201 2060 vitam
1211 2006 1302 2084 magis

73 2094 314 2174 ιιιιιιιιιῐίιιειιιιιι,Ι
333 2115 419 2174 quam
442 2109 473 2154 ut
495 2092 645 2177 utramque
665 2093 862 2178 proveheret?
904 2093 961 2152 Vel
982 2091 1071 2168 fallor
1090 2094 1225 2175 equidem
1236 2103 1302 2174 ,vel

74 2189 101 2248 in
114 2191 171 2272 ipsa
189 2192 245 2252 hac
275 2189 473 2273 descriptione
501 2191 583 2254 Plato
611 2191 738 2254 socratis
757 2191 801 2251 sui
821 2191 971 2263 meminit,
992 2191 1042 2251 ubi
1065 2193 1102 2254 de
1122 2195 1303 2279 philosophis

75 2303 176 2363 narrat,
194 2291 248 2369 qui
270 2290 303 2350 in
317 2304 433 2349 antrum
453 2293 561 2351 reversi
579 2289 611 2351 ac
630 2292 743 2367 solvere
767 2289 899 2372 captipos
918 2300 947 2346 et
964 2289 1086 2349 educere
1106 2291 1178 2352 inde
1196 2299 1304 2371 conati,

75 2386 108 2443 sic
124 2386 282 2468 displicent
299 2389 444 2468 captivis,
465 2402 497 2447 ut
515 2389 547 2448 hi
570 2385 657 2464 illos,
674 2383 819 2460 ιίιιαιςὲν
839 2387 905 2458 ταῖς
926 2384 1014 2466 χερσί
1028 2382 1171 2449 ’δύναιντο
1193 2391 1302 2470 λαβεῖν,
1386 2385 1393 2392 ’

76 2491 98 2539 ιι·
113 2487 246 2545 monibus
261 2495 385 2564 portant
398 2482 645 2564 comprehendere
654 2534 662 2561 ,
679 2481 856 2548 occiderent,
868 2485 900 2565 3)
918 2483 1169 2568 Simplicissirnum
1185 2483 1305 2572 omnino

75 2581 206 2660 negotium
226 2577 356 2643 mundus
376 2577 481 2663 νοητὸς
501 2598 561 2661 est,
582 2577 610 2645 si
627 2609 643 2644 a
663 2583 861 2665 metaphysico
880 2583 934 2643 illo
962 2586 1124 2644 Aristotelis
1143 2584 1304 2665 distingui-

76 2688 115 2734 tur
133 2678 297 2760 diligenter.
339 2683 404 2763 lpse
424 2683 573 2759 Socrates,
603 2683 683 2762 quod
702 2682 783 2740 Plato
811 2680 866 2738 hoc
888 2678 951 2738 loeo
971 2676 1147 2758 significasse
1166 2683 1305 2762 ridetur,

76 2774 103 2832 in
119 2795 179 2836 eom
196 2771 321 2838 educere
340 2781 419 2880 cives
437 2773 503 2840 siros
521 2773 689 2854 studuerat,
715 2773 974 2856 qui'quaesivisse't
993 2797 1122 2858 semper,
1141 2771 1215 2858 quid
1234 2782 1307 2862 pul-

76 2891 160 2949 crum,
179 2875 282 2954 quid
270 2889 401 2953 Justum,
422 2878 495 2958 quid
515 2877 626 2938 bonum
647 2886 730 2935 esset
772 2872 931 2932 Emundo
952 2867 1145 2972 adspectabili
1159 2875 1300 2938 haecdis·

76 2989 130 3029 cere
148 2993 205 3033 non
226 2987 380 3054 poterant,
402 2975 511 3056 quippe
531 2975 582 3054 qui
604 2975 699 3070 ipsum
720 2972 875 3057 pulcrum,
896 2971 1000 3051 ipsum
1008 2973 1119 3049 justum
1137 2973 1305 3068 bonumque

66 3070 276 3130 narsensibus
302 3073 525 3182 percipiendum
555 3063 686 3153 praehett
710 3067 886 3149 quaerendo
911 3069 1000 3168 igitur
1020 3063 1167 3129 educere
1163 3091 1210 3130 eos
1230 3074 1304 3134 illuc

77 3165 230 3244 conabatur,
243 3167 295 3228 uhi
310 3191 370 3230 non
375 3171 525 3264 corporis,
536 3170 587 3229 sed
606 3170 711 3230 mentis
728 3166 812 3227 oculo
823 3165 972 3227 veritatem
979 3157 1211 3244 assequerentur.
1232 3172 1305 3230 lma.-

78 3264 181 3340 ginibus
198 3263 271 3326 haec
289 3267 370 3328 Plato
391 3257 585 3370 {lugendoque
607 3268 718 3328 mundo
730 3262 852 3349 νοητῷ,
874 3256 957 3350 τόπῳ
977 3257 1306 3358 onrpooooolqr,ve1i-

78 3362 135 3420 tatis
152 3378 252 3443 pr‚ato
270 3364 354 3424 hoc
345 3367 408 3468 ipso
429 3365 515 3448 spe'eu
531 3355 696 3426 declarare
717 3366 848 3443 studuit,
878 3365 947 3426 sed
948 3387 994 3425 res
1012 3368 1073 3466 ipsa
1091 3367 1306 3466 simplicissima

77 3473 239 3540 naturaeque
259 3463 533 3525 convenientissima
549 3478 600 3524 cst
628 3464 790 3545 Usurpare
808 3478 910 3522 autem
929 3464 1018 3524 ille'
1009 3461 1150 3544 1magines
1166 3468 1235 3525 istas
1252 3466 1307 3524 de-

78 3553 150 3631 buit,
167 3561 235 3638 quia
264 3581 324 3621 non
344 3574 459 3622 tantum
486 3563 548 3642 ipse
568 3561 641 3620 illuc
652 3606 661 3636 ,
688 3577 721 3621 ut
740 3563 886 3637 Socrates,
912 3562 1044 3622 evehere
1059 3562 1219 3642 discipulos
1240 3583 1305 3622 suos

79 3655 244 3734 conabatur,
260 3658 311 3718 sed
328 3660 423 3735 idem,
445 3682 501 3739 qua
519 3660 605 3720 homo
623 3657 735 3719 ratione
760 3675 788 3720 et
806 3657 867 3742 ipse
879 3656 924 3717 ¹ad
945 3661 1094 3734 veritatem
1113 3679 1165 3739 per
1180 3659 1306 3740 philoso-

79 3749 166 3828 phiam
185 3758 352 3835 perveniret
372 3773 400 3817 et
420 3758 492 3820 alios
511 3758 666 3832 educeret,
681 3754 907 3818 describendum
926 3753 1103 3837 susceperat'

156 3997 192 4048 ot
207 3999 268 4134 ιφ.
287 3998 343 4050 vu.
359 3998 418 4050 ιιι.
437 3997 468 4053 ιι.
486 3997 516 4051 ο.
607 4001 610 4005 ·
