2872 5122
121 388 242 463 iccirco,
271 387 294 446 si
319 384 436 466 quando
463 372 676 460 νυμφόληπτος
703 382 787 456 fiam,
816 377 965 459 Nymphis
989 390 1157 461 corripior,
1178 404 1253 463 quae
1276 383 1351 444 hunc

120 475 216 546 locum
247 484 398 559 habitant,
430 503 482 542 nec
516 481 637 562 politicis
670 479 762 540 solum
795 477 891 539 verbis
925 479 1044 560 loquar,
1080 480 1131 540 sed
1159 481 1355 563 dithyrambis
1428 557 1429 566 ἵ

120 585 200 644 adeo.
235 583 279 658 ,Et
296 581 436 661 hymnum
456 580 496 638 sic
516 580 617 638 recitat
636 577 822 638 Pindaricum
842 577 948 658 plane,
970 593 998 638 et
1027 593 1123 639 tamen
1150 580 1355 662 philosophum

121 681 158 741 de
178 702 289 755 amore,
310 679 347 739 de
366 678 488 760 pulcro,
506 677 542 737 dc
561 677 651 752 ideis,
669 676 705 734 de
724 676 784 736 vita
804 674 886 736 beata
906 698 970 736 cum
989 678 1113 738 Deorum
1132 679 1355 754 immortalium,

123 794 184 838 tum
202 779 350 838 hominum
360 821 368 849 ,
389 775 426 835 de
444 776 540 833 furore
558 775 591 832 in
610 775 712 854 primis
728 775 830 858 amoris
840 819 849 848 ,
869 775 920 853 qui
940 776 1035 856 pulcri
1054 776 1192 857 adspectu
1215 778 1356 838 excitatur

120 877 281 958 extemplo,
302 872 446 952 efficitque
468 873 627 948 excitatus,
650 885 695 946 ut,
722 871 776 930 alis
795 873 951 949 restitutis,
972 895 1042 954 quas
1060 873 1170 934 dudum
1191 875 1356 951 amisimus,

120 975 166 1034 his
184 995 243 1035 nos·
254 971 362 1033 sublati
381 970 414 1028 in
434 969 585 1050 pristinam
607 969 702 1029 sedem
722 983 867 1044 nostram,
886 970 923 1030 ad
951 972 1013 1031 veri
1032 973 1227 1053 spectaculum
1256 973 1357 1033 redea-

120 1093 182 1131 mus
201 1070 367 1151 aliquando.
409 1069 474 1127 Huc
493 1068 588 1142 enim,
610 1068 691 1143 huc,
713 1069 850 1146 inquam,
869 1083 994 1148 spectat,
1018 1091 1103 1149 quem
1122 1071 1203 1130 Plato
1230 1071 1355 1130 celebra·
1428 1077 1429 1084 ’

120 1171 183 1246 vit,
203 1191 290 1229 amor.
332 1170 408 1247 Age,
430 1166 509 1244 sequi
528 1187 613 1246 porro
633 1187 770 1225 conemur
793 1165 1017 1248 philosophum,
1046 1171 1217 1248 quamquam
1246 1170 1356 1249 assequi

119 1267 168 1327 hle
188 1281 263 1326 certe
281 1287 342 1326 non
360 1264 471 1324 licebit.
513 1263 570 1323 Sed
588 1284 703 1343 agemus
722 1262 773 1339 id,
803 1263 881 1342 quod
897 1266 958 1342 jam
986 1265 1137 1345 aliquoties
1156 1269 1356 1343 instituimus,

121 1378 152 1425 ut
171 1384 371 1446 praeparemus
390 1362 427 1422 ad
446 1359 499 1421 illa
518 1360 710 1440 intelligenda
729 1360 887 1442 legentium
906 1364 1026 1423 animos.

159 1463 313 1523 Elaborato
332 1461 379 1521 isti
397 1473 424 1518 et
442 1460 595 1520 artificioso
614 1460 716 1540 Lysiae
734 1461 857 1518 sermoni
876 1481 1021 1542 opponere
1035 1464 1094 1540 jam
1115 1465 1209 1545 coepit
1227 1463 1357 1524 Socrates

119 1560 289 1634 sublimem,
310 1581 394 1639 quam
413 1572 514 1633 vocat,
534 1557 732 1639 palinodiam,
753 1557 960 1636 contenditque
971 1589 983 1633 ,ι
1002 1581 1061 1620 non
1082 1583 1200 1638 ,omnem
1227 1563 1357 1623 furorem

118 1660 230 1720 homini
241 1679 356 1732 nocere,
372 1678 430 1716 esse
445 1677 508 1717 eum
524 1655 647 1715 subinde
663 1656 775 1714 homini
791 1655 958 1730 salutarem,
972 1678 1004 1715 ac
1020 1659 1082 1717 sine
1097 1661 1294 1720 enthusiasmo
1306 1681 1356 1720 nec
1428 1735 1429 1740 ἵ

119 1763 214 1839 poetas
224 1757 325 1831 luisse,
336 1776 388 1815 nec
400 1769 478 1815 vates
487 1755 578 1814 claros
584 1800 592 1828 ,
602 1775 655 1812 nec
665 1753 803 1814 Graeciae
814 1753 989 1814 consuluisse
1000 1757 1132 1836 Pythiam
1143 1771 1192 1816 aut
1202 1758 1356 1840 Sibyllam.
1428 1819 1429 1824 χ

119 1858 195 1915 Tum
208 1875 276 1915 vero
290 1853 433 1934 descripto
448 1853 565 1912 sublimi
581 1854 709 1912 oratione
724 1855 849 1912 Deorum
859 1854 1075 1932 animorumque
1085 1855 1123 1914 ad
1134 1856 1206 1915 coeli
1218 1859 1356 1916 verticem

119 1955 237 2027 itinere,
256 1952 306 2011 ubi
327 1971 457 2033 campum
472 1952 611 2012 viderunt
626 1953 770 2025 veritatis,
789 1952 880 2032 ipsam
894 1951 1090 2032 adspexerunt
1105 1955 1270 2032 veritatem,
1287 1977 1357 2037 pura

118 2053 152 2111 in
165 2051 230 2110 luce
243 2051 420 2130 fulgentem:
436 2049 587 2130 descriptis
602 2049 648 2108 his
663 2049 810 2125 omnibus,
825 2069 897 2129 quae
908 2051 968 2128 jam
982 2063 1049 2108 ante
1064 2051 1316 2130 adumbravimus,
1330 2051 1357 2134 l)

118 2148 342 2209 enthusiasmum
361 2147 486 2207 celebrat
503 2146 638 2222 tandem,
655 2169 711 2226 quo
730 2149 888 2207 amantium
907 2149 1051 2227 agitantur
1070 2164 1193 2230 pectora.
1206 2149 1238 2231 2)

160 2247 335 2306 Coclestibus
354 2245 415 2304 illis
432 2245 520 2304 sacris
536 2244 644 2302 initiati
663 2244 821 2322 aliquando
839 2247 960 2321 fuimus,
981 2246 1033 2305 sed
1052 2248 1142 2305 animi
1163 2251 1254 2318 nostri
1282 2250 1353 2331 lapsi

119 2357 186 2403 sunt
214 2342 320 2402 deinde
350 2342 381 2400 in
409 2342 492 2400 hasce
517 2355 623 2415 terras,
655 2342 705 2400 ubi
726 2364 842 2424 corpore
866 2343 988 2420 induto,
1010 2345 1142 2404 sensibus
1157 2346 1226 2426 jam'
1248 2343 1355 2407 utimur

118 2441 272 2504 adrerum
301 2439 549 2520 cognoscendum,
580 2439 697 2498 incertis
726 2439 896 2500 fluctuamus
926 2442 1133 2522 opinionibus,
1155 2443 1354 2526 voluptatibus

118 2540 185 2599 item
205 2538 391 2599 distrahimur
410 2552 437 2596 et
456 2538 582 2618 cogimur
600 2537 686 2618 plane
706 2537 838 2598 deorsum
863 2554 998 2620 spectare.
1041 2539 1287 2636 Superestcnobis
1307 2566 1353 2603 re-

118 2638 245 2699 cordatio
269 2637 433 2695 coelestium
453 2656 613 2710 sacrorum,
634 2635 685 2694 sed
704 2637 773 2694 haec
794 2639 899 2696 sensim
918 2637 1113 2718 paulatimque
1133 2643 1277 2721 perversis
1297 2657 1353 2702 stu·

118 2736 176 2796 diis
195 2737 227 2794 in
254 2705 359 2793 inimis
385 2735 539 2794 evanescit.
581 2735 652 2793 Nam
680 2757 739 2793 non
768 2749 808 2794 est
832 2735 881 2794 hlc
910 2737 1020 2816 uspiam
1049 2738 1110 2795 veri
1121 2784 1129 2812 ,
1150 2737 1240 2814 boni,
1259 2742 1351 2818 justi,

117 2833 208 2894 sancti
226 2830 333 2912 effigies
353 2831 430 2906 ulla,
449 2853 520 2911 quae
541 2831 592 2890 illa
617 2833 649 2890 in
678 2833 840 2892 memoriam
858 2848 981 2893 revocet.
1023 2835 1087 2893 Non
1115 2837 1193 2895 enim
1221 2839 1355 2898 sensibus

118 2931 187 2991 haec
207 2912 423 3011 percipiuntur,
443 2930 596 3010 cogitando
615 2931 707 2990 solum
734 2945 761 2989 et
790 2931 991 2992 ratiocinando
1020 2934 1172 3012 aegerrime
1199 2935 1251 2995 illa
1274 2958 1354 2998 asse-

123 3030 246 3109 quimur.
288 3027 392 3102 Quidsi
420 3028 512 3087 oculis
534 3049 650 3087 cernere
683 3029 832 3089 veritatem
857 3043 884 3088 et
912 3031 1082 3111 sapientiam
1109 3053 1271 3114 possemus,
1302 3035 1355 3095 ad-

117 3127 263 3186 mirabiles
295 3128 339 3185 sui
372 3113 478 3186 amores
513 3127 680 3186 excitarent.
741 3127 939 3187 Veruntamen
967 3131 1131 3206 pulcrum,
1170 3132 1248 3210 quod
1290 3135 1353 3194 illic

118 3226 233 3286 lucebat
261 3245 368 3284 summo
397 3223 567 3306 splendore,
588 3224 638 3283 hle
657 3225 743 3284 habet
763 3225 881 3286 claraet
901 3227 1055 3307 splendida
1074 3230 1234 3290 simulacra.
1281 3235 1353 3292 Nam

116 3323 217 3406 pulcra
237 3322 366 3382 sensibus
383 3337 483 3404 patent
503 3337 531 3382 et
550 3345 582 3382 eo
600 3325 802 3404 percipiuntur
819 3345 903 3384 sensu
913 3371 922 3400 ,
943 3327 993 3404 qui
1011 3328 1139 3386 omnium
1158 3343 1199 3388 est
1219 3332 1352 3392 acutissi-

117 3443 189 3482 mus.
230 3421 418 3495 Quamobrem
446 3422 477 3480 in
507 3435 654 3502 praesente
680 3421 733 3481 hac
761 3423 928 3483 conditione
957 3425 1052 3484 nostrh
1083 3427 1250 3507 pulcritudo
1274 3428 1351 3489 hanc

118 3522 178 3581 vim
196 3519 301 3594 habet,
322 3534 354 3578 ut
371 3519 586 3578 evidentissima
606 3521 643 3578 sit
662 3534 690 3578 et
707 3535 831 3580 mentem
852 3521 983 3581 advertat
1001 3525 1158 3600 continuo,
1180 3539 1208 3584 et
1226 3547 1351 3587 amorem

117 3621 222 3678 excitet
239 3618 506 3697 flagrantissimum,
526 3619 634 3698 quippe
654 3619 715 3698 ipsa
735 3639 828 3677 rerum
848 3620 977 3678 omnium
996 3623 1118 3681 maxime
1143 3623 1293 3699 amabilis,
1323 3639 1350 3684 ct

117 3739 185 3778 vero
204 3718 341 3776 instauret
361 3714 555 3774 efficacissime
574 3736 685 3774 omnem
698 3717 837 3798 pristinae
851 3716 998 3777 felicitatis
1015 3718 1169 3798 divinique
1191 3724 1349 3803 spectaculi

116 3815 350 3875 recordationem.
378 3814 452 3893 Ergo
469 3814 520 3892 qui
539 3833 637 3872 recens
657 3815 807 3889 initiatus,
827 3835 939 3890 eorum,
959 3831 1110 3896 quactum
1131 3819 1347 3899 spectabantur,

115 3935 199 3993 quam
218 3913 342 3992 plurima
360 3913 505 3992 percepit,
527 3913 569 3985 is,
589 3911 706 3990 quando
724 3913 860 3973 divinum
880 3913 1003 3995 adspicit
1022 3916 1154 3991 vultum,
1175 3917 1223 3978 v'el
1242 3939 1345 4000 corpo-

115 4011 155 4070 ris
173 4013 317 4092 speciem,
338 4012 430 4091 ipsum
450 4009 583 4091 pulcrum
599 4008 687 4089 plane
714 4011 903 4087 referentem,
923 4014 1049 4093 primum
1076 4015 1193 4096 quidem
1216 4017 1344 4076 cohorre-

115 4111 186 4183 scit,
204 4109 336 4187 subitque
356 4109 448 4188 ipsum
466 4122 569 4167 tremor
583 4107 701 4186 aliquis,
724 4124 755 4168 ut
770 4109 831 4167 illic
852 4125 948 4171 antea:
970 4111 1078 4172 deinde
1097 4135 1165 4174 vero
1181 4113 1345 4195 adspiciens

128 4267 283 4275 -..—.....-.--
311 4267 314 4272 .
340 4267 369 4272 -.-

552 4311 571 4340 ,η

151 4355 175 4418 l]
195 4354 276 4420 Supra
291 4369 316 4420 p.
335 4351 376 4401 5⁰.

148 4437 174 4503 2)
193 4440 248 4490 Vid.
267 4439 395 4490 Plutarch.
415 4437 496 4491 Amat.
515 4455 540 4508 p.
559 4439 615 4493 756.
