2908 5114
662 293 720 351 337

72 454 155 534 plina
172 453 351 527 doctrinam,
376 475 496 529 verum,
527 468 557 512 ut
579 467 733 534 praestaret
752 455 798 514 illi
819 456 997 515 sublimitate
1025 457 1125 531 Plato,
1154 480 1213 517 non
1239 465 1305 539 poi·

72 553 138 612 ticis
160 552 349 613 tribuendum
367 553 631 632 comparationibus
649 565 710 630 est,
731 552 838 632 quibus
855 553 1016 614 identidem
1028 566 1069 613 est
1091 576 1175 616 usus:
1198 555 1308 616 factum

45 636 50 647 ⁵
72 649 104 708 id
123 650 215 708 multo
234 651 326 728 magis
342 670 407 707 cnm
427 664 485 710 tota
505 648 729 730 philosophiae,
749 671 836 728 quam
857 650 1007 731 prodidit,
1029 651 1119 710 forma
1139 667 1167 712 et
1196 643 1310 713 ratione

71 762 132 821 est,
152 761 214 806 tum
233 747 349 828 placitis
368 749 491 807 maxime
511 747 547 806 de
563 749 670 826 pulcri
689 757 812 826 carique
829 739 949 821 encore,
981 771 1053 827 quae
1071 749 1202 830 proxime
1222 765 1309 826 sunt,

72 859 103 904 ut
123 843 224 904 docuit
242 867 294 904 nos
311 845 454 920 Dictime,
482 866 547 903 cum
566 844 698 904 idearum
719 845 852 906 doctrina
870 850 1037 924 conjuncta.
1080 849 1178 925 Neque
1206 847 1310 906 horum

70 963 184 1024 quoque
204 943 283 1024 apud
301 943 444 1003 Kantinm
463 943 644 1022 quidquam,
667 942 746 1023 apud
764 944 914 1004 Platonem
934 963 1003 1004 vero
1022 943 1099 1004 idem
1129 944 1183 1003 hoc
1212 967 1310 1004 emo·

70 1049 135 1099 rie
153 1042 352 1122 principium,
376 1055 406 1099 ut
425 1041 592 1102 dominatur
611 1041 644 1099 in
664 1042 726 1118 ejus
745 1040 781 1100 de
797 1062 851 1117 pu
863 1041 952 1100 lero
972 1045 1093 1120 bonoq
1109 1063 1153 1100 ue
1177 1041 1309 1123 placitis,

71 1139 110 1196 ita
128 1138 319 1198 sublimitatis
339 1139 421 1199 illius
441 1150 469 1198 et
489 1139 667 1220 poeticarum
685 1139 843 1225 imaginum
862 1139 928 1198 fons
948 1152 991 1198 est
1008 1141 1191 1220 praecipuus.

110 1333 632 1407 Dabdniidac,idearum
671 1339 851 1394 omnium
877 1341 1095 1413 principe.
1137 1335 1270 1394 Eetna

359 1429 474 1489 Daue
503 1433 589 1489 alla
620 1434 729 1510 apud
759 1431 1007 1490 Platonem?

108 1629 174 1701 Quo
193 1629 283 1708 magis
302 1625 340 1685 ab
359 1626 425 1686 aliis
446 1626 628 1710 philosophis
646 1628 795 1687 Platonem
816 1626 1040 1708 distinguimus,
1071 1648 1104 1687 eo
1128 1628 1311 1708 procedimus

59 1704 156 1784 'simul
176 1725 267 1804 magis
286 1727 318 1783 in
339 1726 401 1801 ejus
419 1725 552 1787 doctrina
572 1725 759 1806 explicanda.
801 1725 838 1786 Et
859 1724 1037 1805 sicquidem
1057 1739 1159 1807 sponte
1182 1729 1243 1803 jam
1272 1725 1308 1786 ad

70 1814 125 1903 τήν
146 1821 202 1883 τοῦ
222 1816 344 1900 ἀγαθοῦ
364 1815 460 1895 ἰδέαν,
492 1823 530 1885 ad
551 1824 646 1903 ipsum
667 1825 810 1881 bouum
841 1822 1042 1898 escendimus,
1073 1823 1156 1901 cujus
1184 1825 1309 1883 maxime

70 1926 167 1986 caussa
199 1925 292 1982 omnis
312 1923 383 1981 haec
404 1922 489 1983 nobis
509 1934 638 2000 suscepta
658 1933 700 1978 est
725 1919 761 1979 de
791 1919 865 1978 ideis
893 1918 1069 1996 disquisitio.
1112 1919 1170 1978 Sed
1196 1919 1245 1980 hic
1273 1923 1306 1980 in

70 2024 188 2103 primis,
210 2021 242 2079 in
271 2034 438 2100 argumento
465 2035 523 2078 tam
552 2016 662 2078 illustri
681 2038 713 2075 ac
735 2017 871 2091 sublimi,
903 2018 998 2097 ipsum
1029 2017 1178 2076 Platonem
1205 2018 1309 2078 ducem

70 2139 230 2198 sequamur.
272 2120 424 2197 Postquam
440 2118 570 2176 Socrates
588 2113 667 2194 apud
686 2134 752 2172 eum
781 2115 813 2173 in
842 2113 947 2173 iisdem
974 2115 1009 2172 de
1032 2113 1199 2192 Republica
1225 2113 1310 2174 libris

71 2218 105 2278 de
124 2219 221 2299 specie
240 2231 268 2275 et
289 2218 427 2290 veritate,
449 2215 486 2275 de
506 2215 646 2295 opinione
668 2225 696 2270 et
717 2212 840 2296 scientia
861 2211 985 2269 multum
1010 2210 1201 2289 disseruerat,
1221 2203 1310 2272 τόκον

70 2337 97 2374 se
115 2317 252 2376 daturum
272 2316 339 2372 honi
358 2313 441 2374 dicit,
488 2313 612 2392 «Ipsum
632 2312 757 2384 bonurn,
781 2309 894 2388 inquit,
917 2308 990 2387 quid
1009 2310 1066 2384 sit,
1088 2332 1168 2396 nnnc
1189 2311 1308 2388 quidem

71 2415 225 2473 mittamus.
259 2413 363 2490 'Majus
382 2413 461 2470 enim
481 2431 539 2470 esse
559 2407 695 2481 videtur,
717 2427 802 2486 quam
830 2405 910 2485 quod
938 2409 1083 2486 praesenti
1112 2407 1310 2489 disputatione

71 2533 211 2591 assequar.
253 2510 328 2569 Boni
348 2530 417 2570 vero
437 2508 551 2589 proles,
572 2507 649 2586 patri
668 2504 835 2578 simillima,
857 2524 997 2581 quaenam
1018 2524 1077 2563 esse
1098 2505 1252 2582 videatur,
1284 2511 1308 2568 si

72 2609 151 2670 vohis
172 2608 285 2689 placet,
307 2607 423 2682 dicam,
443 2605 491 2666 ἐἰη
510 2608 627 2679 minus,
648 2605 812 2662 mittam·—
836 2603 882 2659 Tu
901 2621 969 2662 vero
995 2602 1062 2676 dic,
1093 2625 1216 2680 quaeso:
1247 2605 1307 2664 alio

70 2707 195 2789 tempore
220 2707 311 2787 patris
339 2707 433 2766 solves
459 2703 739 2783 descriptionem·-
760 2698 876 2757 Vellem
896 2699 1049 2776 equidem,
1081 2699 1113 2758 nt
1132 2721 1194 2759 eam
1213 2703 1304 2782 ipsam

72 2827 179 2886 possem
207 2804 320 2863 tradere
350 2823 457 2882 vosque
487 2802 637 2880 accipere,
668 2818 747 2872 non,
779 2809 810 2854 ut
841 2817 951 2871 nunc,·
971 2797 1082 2877 prolem
1100 2813 1232 2878 tantum,
1256 2801 1308 2863 sed

72 2905 176 2963 foetum
192 2904 252 2980 jam
272 2901 364 2982 ipsius
382 2899 454 2959 honi
475 2898 642 2980 prolemque
661 2896 802 2976 accipite:
825 2908 924 2954 cavete
947 2909 1060 2970 autem,
1091 2917 1127 2954 ne
1145 2919 1196 2957 vos
1224 2902 1307 2960 inri-

73 3015 115 3060 tus
133 3001 297 3080 decipiam,
327 2997 430 3063 falsam
460 2996 543 3057 vobis
572 2993 628 3051 filii
658 2992 884 3072 descriptionem
913 2991 1111 3052 exhibens.-—
1133 2995 1307 3060 Cavebimus

74 3119 121 3179 pro
141 3097 274 3172 viribus,
298 3116 399 3155 verum
420 3093 468 3153 dic
490 3091 628 3152 modo-
649 3089 783 3162 Faciam,
806 3089 856 3148 ubi
875 3091 1001 3169 primum
1021 3090 1104 3150 vobis
1122 3093 1155 3151 in
1176 3100 1306 3156 memori·

74 3218 115 3254 am
135 3216 326 3269 revocavere,
348 3213 455 3271 vosque
474 3189 667 3272 probaveritis
686 3207 798 3246 mecum
809 3231 818 3260 ‚
849 3207 922 3265 quae
943 3202 971 3248 et
992 3191 1023 3248 in
1053 3191 1249 3278 superioribus
1278 3209 1306 3255 et

74 3293 144 3352 alias
163 3313 368 3373 saepenumero
387 3290 466 3349 dicta
485 3303 606 3355 sunt.·-
626 3288 775 3361 Quaenam
794 3286 916 3346 illar..
944 3288 1049 3347 Pulcra
1075 3289 1185 3365 multa,
1216 3294 1307 3354 multa

74 3392 136 3450 item
165 3391 244 3450 bona
273 3405 301 3450 et
330 3388 444 3468 singula
474 3390 515 3447 ita
543 3401 571 3446 et
601 3381 726 3445 dicimus
754 3399 783 3443 et
800 3405 930 3443 sermone
949 3385 1162 3447 delinimus-
1178 3392 1308 3452 Dicimus

74 3510 192 3550 sane-
212 3488 300 3567 atqui
320 3501 348 3547 et
367 3487 462 3566 ipsum
483 3485 619 3565 pulcrum
640 3497 668 3542 et
687 3481 797 3541 bonurn
816 3482 911 3562 ipsum
932 3496 960 3542 et
988 3484 1105 3560 orunia,
1137 3507 1210 3565 quac
1235 3502 1307 3548 tunc

76 3599 104 3644 ut
123 3587 212 3646 multa
233 3587 382 3659 diximus,
404 3605 502 3642 rursus
527 3581 565 3640 ad
590 3600 678 3638 unam
705 3578 799 3638 ideam
827 3580 1001 3654 referentes,
1023 3580 1055 3640 id
1066 3626 1075 3657 ,
1106 3581 1186 3660 quod
1205 3605 1309 3643 uniam·

75 3685 203 3765 quodque
224 3699 282 3759 est,
304 3682 499 3764 appellamus:
523 3693 552 3739 et
571 3678 624 3736 illa
645 3677 763 3756 quidem
793 3677 874 3736 cerni
899 3677 1010 3738 dicimn
1073 3695 1132 3738 non
1159 3678 1307 3762 intelligi,

77 3784 150 3843 ideas
170 3804 239 3844 vero
259 3781 405 3862 intelligi,
438 3802 498 3840 non
522 3777 860 3849 cerni-,Omnino—
880 3775 944 3849 Quo
972 3775 1061 3852 igitur
1085 3795 1203 3852 eorum,
1233 3801 1307 3858 quae

75 3879 240 3957 hahemus,'
257 3878 466 3961 adspectabilia
495 3876 663 3938 cernimus?
685 3909 719 3918 —
740 3874 867 3932 Visu-
887 3873 991 3931 Nonne
1023 3892 1039 3929 c
1079 3871 1202 3950 auditu,
1232 3899 1306 3956 quae

77 3978 230 4042 audiuntur
249 3992 278 4038 et
298 3978 417 4036 caeteris
437 3975 569 4036 sensibus
588 3972 721 4052 singula,
743 3990 816 4049 quae
836 3970 905 4050 ipsis
921 3969 1194 4050 percipiuntur'l-
1214 3975 1306 4050 Quid.

77 4076 129 4136 ni?
140 4111 173 4120 —
193 4075 343 4156 Numquid
362 4071 614 4146 animadvertisti,
635 4091 721 4149 quam
739 4070 844 4128 eximie
865 4069 1071 4148 praecaeteris
1093 4071 1225 4132 sensibus
1242 4095 1305 4133 sen·

79 4194 154 4234 suum
182 4191 280 4236 auctor
310 4175 371 4236 vim
398 4171 540 4245 videndi,
572 4189 684 4251 quaque
714 4187 759 4226 res
788 4165 946 4238 videntur,
976 4166 1157 4245 perfecerit?
1177 4201 1211 4212 —
1238 4171 1303 4230 Nou

79 4274 203 4350 equidem
232 4291 412 4352 magnopere.
425 4303 457 4312 -
480 4269 535 4330 Sic·
556 4290 625 4330 vero
654 4265 821 4326 considera:
854 4275 933 4322 estne
963 4263 1078 4324 auditui
1107 4287 1139 4348 ac
1161 4267 1225 4326 voci
1245 4267 1306 4327 alio

80 4389 174 4446 genere
191 4393 261 4452 opus
280 4370 318 4429 ad
338 4370 392 4428 hoe
403 4415 412 4445 ,
435 4382 466 4428 ut
486 4368 537 4427 ille
558 4365 677 4438 audiat,
707 4359 950 4422 baecaudiatur:
979 4383 1037 4440 quo
1056 4363 1142 4422 tertio
1167 4363 1285 4425 absente
1295 4411 1304 4440 ,

81 4465 126 4524 ille
147 4493 201 4530 non
226 4469 342 4541 audiet,
373 4466 443 4525 baec
472 4488 531 4525 non
560 4463 764 4523 audieturl-
786 4461 849 4519 Non
879 4473 920 4527 est
952 4479 1076 4540 opus.·-
1097 4461 1190 4520 Credo
1200 4507 1208 4535 ‚
1240 4463 1305 4522 aliis

1071 4557 1110 4615 22
