2838 5120
616 245 676 308 243

697 336 711 371 Ο

59 403 259 486 ἰῃοοὶιοοάἰοοο
284 405 425 466 rationem
454 405 626 484 sequebatur
651 405 798 470 monendo
817 403 1087 486 praecipiendoque
1114 402 1261 472 Socrates:

59 505 218 583 quinetiam
245 503 348 564 ducem
376 526 406 564 se
432 503 589 584 praebebat
613 503 641 566 et
668 507 801 568 comitem
826 503 960 568 discendi
977 501 1131 578 studiosis,
1153 515 1185 562 ut
1203 523 1261 562 una
1307 511 1312 528 '

57 623 137 660 secum
157 600 415 662 animadverterent
434 601 481 660 illi
501 605 616 680 omnia,
645 607 706 687 ipse
725 603 968 675 submonstraret,
994 599 1041 663 illi
1055 601 1261 660 attenderent:

56 700 107 780 ipse
120 713 277 778 quaereret,
298 699 371 778 quid
390 697 466 759 effici
487 723 502 760 e
522 703 645 782 singulis
665 715 777 784 posset,
803 699 849 760 illi
868 698 901 760 id
919 695 1075 760 efficeredt.
1102 698 1138 759 Id
1157 687 1261 758 Graeci

55 801 210 878 προαγαγεῖν
228 819 328 859 vocare
346 797 496 874 solebant,
518 813 547 860 et
566 822 634 862 vero
645 845 654 876 ,
667 821 726 860 esse
740 800 816 859 hanc
833 797 1002 858 dialecticae
1019 798 1157 858 rationem
1174 819 1262 868 unam

55 899 162 960 maxime
186 911 303 960 naturae
331 909 572 973 consentaneam,
602 898 719 978 linguae
748 897 863 960 docent.
897 897 939 956 ¹In
964 883 1022 956 his
1037 896 1108 976 ipsis
1136 895 1263 968 scriben-

55 995 92 1056 dis
116 1015 312 1080 saepenumero
326 996 396 1072 -jam
413 1002 479 1054 oica
495 1009 524 1055 et
542 1003 668 1056 itineris
687 997 889 1077 usurpavimus
907 997 1072 1056 notionem:
1095 993 1265 1076 διηγεῖσθαι

56 1109 151 1160 veteres¹
173 1094 209 1155 de
225 1094 356 1154 ducendo
375 1094 509 1173 proprie,
530 1094 581 1155 sed
599 1096 668 1154 item
686 1093 724 1154 de
741 1095 914 1179 manando,
935 1098 1101 1174 reponendo
1110 1143 1118 1171 ,
1140 1081 1264 1158 docendo

55 1208 225 1275 usurparunt:
246 1185 369 1272 perot
375 1211 411 1264 ος
431 1193 605 1253 vocabulum
627 1206 669 1252 est
685 1193 717 1252 in
738 1192 842 1253 lexicis
861 1193 1030 1274 legitimum.
1073 1195 1152 1270 Quid
1170 1195 1265 1258 dicam

54 1289 83 1350 de
96 1306 186 1352 nostro
208 1291 472 1372 onderwp‘rrn?
491 1289 520 1372 l)
549 1290 717 1374 Respondet
730 1313 790 1350 non
805 1305 924 1352 tantum,
935 1290 1095 1362 Socraticae
1111 1294 1265 1369 methodo,

54 1388 112 1464 sed,
136 1411 205 1469 quae
230 1391 357 1454 docendi
378 1391 485 1474 optima
503 1390 576 1473 ratio
597 1392 655 1466 sit,
672 1410 745 1470 quae
765 1389 826 1452 sola
844 1390 881 1450 sit
902 1390 1068 1470 ratio„qua
1083 1391 1126 1466 is,
1147 1394 1197 1472 qui
1216 1392 1267 1454 do·

55 1501 140 1563 cetur,
167 1489 262 1568 quoad
286 1492 347 1568 ejus
372 1488 435 1548 fieri
459 1489 566 1570 possit,
596 1488 657 1569 ipse
677 1507 729 1568 per
748 1507 778 1546 se
799 1485 1018 1568 progrediatur,
1049 1488 1125 1548 hanc
1150 1491 1267 1572 propria

54 1583 147 1666 linguis
163 1587 343 1648 Germanicis
363 1608 438 1662 vox,
459 1586 718 1665 aliaequesimiles
734 1606 836 1660 voces,
858 1585 1004 1666 exprimit.
1028 1589 1096 1662 vQuo
1111 1589 1198 1648 miror
1209 1611 1266 1648 ma·

54 1683 102 1762 gis,
122 1704 202 1752 verae
228 1686 421 1746 institutionis
439 1671 587 1767 principia
605 1705 641 1744 ex
661 1685 798 1745 interiore
814 1683 874 1742 fere
891 1685 1077 1766 psychologia
1088 1686 1175 1748 ducta
1193 1709 1252 1754 esse
1258 1733 1267 1763 ,

54 1800 112 1859 quae
130 1799 170 1844 est
187 1785 317 1860 incerta,
338 1805 398 1844 non
419 1804 504 1858 vero,
526 1795 602 1842 certe
619 1805 700 1857 raro,
721 1803 759 1842 cx
776 1783 848 1863 ipsis
862 1802 921 1842 csse
939 1783 1083 1862 explicata
1101 1779 1267 1866 linguarum

53 1878 196 1943 elementis.
239 1883 312 1942 Nam
331 1883 356 1942 si
375 1903 451 1962 qua,
471 1881 541 1941 haec
562 1895 630 1942 suut
649 1895 726 1942 certa
737 1917 754 1958 ,=
767 1881 876 1961 quippe
897 1901 933 1939 cx
954 1882 1015 1961 ipsa
1036 1882 1162 1943 hominis
1172 1899 1268 1944 mente

54 1992 139 2056 sponte
155 1995 232 2055 orta,
250 1981 434 2058 omniumque
454 1999 595 2040 consensu
614 2001 723 2059 usuque
738 1979 939 2060 comprobata·
952 1981 1010 2040 Nec
1030 2002 1098 2043 vero
1113 1982 1269 2063 respondet

53 2086 149 2136 tantum
167 2079 291 2138 verbum
310 2078 387 2138 illud
405 2091 533 2138 nostrum
553 2077 713 2138 Socraticae
732 2077 920 2153 dialecticae,
940 2077 991 2138 sed
1010 2080 1138 2161 explicat
1153 2101 1214 2156 eam
1231 2082 1268 2140 si·

54 2174 119 2248 nul,
148 2191 224 2238 certe
254 2176 391 2238 illustrat.
433 2175 481 2235 Sic
498 2176 576 2236 enim
604 2177 653 2236 vis
680 2175 736 2235 sud
761 2197 827 2234 curn
854 2176 920 2258 aliis
943 2177 1117 2258 procedebat
1137 2179 1206 2254 ille,
1227 2179 1268 2238 sic

54 2251 174 2354 οοζηῖεῖν
191 2297 259 2336 cum
279 2275 342 2334 illis
361 2275 488 2351 solebat,
510 2289 542 2334 ut
562 2289 687 2336 mentem
706 2295 803 2338 eorum
822 2277 855 2335 in
874 2297 906 2338 ea
921 2276 1111 2353 intenderet,
1132 2299 1204 2358 quae
1220 2299 1269 2338 ne·
1317 2303 1320 2310 ·

54 2375 184 2456 gligebant
212 2375 274 2434 fere
303 2387 335 2433 ut
353 2373 430 2434 levia
460 2389 489 2434 et
516 2373 633 2434 iutilia:
664 2373 734 2434 haee
759 2374 795 2434 iis
815 2375 992 2436 monstrabat
1011 2369 1192 2452 identidem,
1212 2377 1270 2436 imo

55 2475 384 2547 rer0.rubmonstrobot,
406 2473 426 2532 i.
448 2493 472 2533 e.
494 2473 598 2533 leviter
618 2471 783 2548 monendo,
813 2486 912 2553 gestu,
943 2467 1035 2555 digito
1053 2476 1086 2534 in
1106 2477 1270 2536 memoriam

54 2573 209 2634 revocabat:
240 2573 296 2654 ipsi
315 2584 410 2646 autem
430 2570 500 2632 haec
518 2571 717 2646 attendentes,
738 2592 804 2630 cum
822 2573 884 2652 ipso
904 2593 940 2633 ex
961 2572 1039 2632 bisce
1049 2619 1059 2649 ,
1080 2575 1211 2652 quamvis
1231 2574 1270 2632 le·

55 2669 132 2734 ribus
149 2687 177 2734 et
191 2669 333 2734 futilibus
343 2715 352 2745 ,
373 2669 410 2730 ad
430 2671 554 2730 maxima
573 2669 864 2750 omniaexplicanda
881 2672 1075 2750 conjecturam
1093 2672 1249 2732 ducebant.

380 2865 627 2933 Dialectico
667 2839 958 2926 Aristotelis.¹

87 3055 236 3149 Ἐπογοογῇ
258 3062 326 3122 huic
355 3063 514 3124 Socraticae
542 3062 693 3123 dissimilis
717 3075 759 3122 est
777 3075 806 3122 et
824 3065 955 3144 opposita
974 3063 1184 3143 quodammodo
1202 3068 1271 3126 dri-¹

52 3165 149 3226 stotelis
170 3151 391 3248 conopeorum„
418 3166 500 3224 ram
520 3177 552 3222 ut
570 3183 723 3243 quaerere,
744 3161 919 3241 interrogare
937 3161 1066 3223 Socrates
1084 3163 1211 3239 solebat,
1231 3165 1271 3224 ita

51 3251 241 3329 Aristotelicae
254 3279 315 3326 erat
329 3262 504 3344 disciplinae
523 3261 689 3342 proprium,
712 3273 743 3320 ut
756 3273 931 3341 poneretur,
949 3262 1130 3344 probaretur,
1153 3262 1271 3323 demon·

52 3375 186 3427 araretur.
240 3367 335 3440 Quam
364 3383 423 3422 esse
450 3359 609 3440 syllogismi
637 3360 813 3420 Aristotelici
841 3373 991 3434 naturam,
1005 3362 1008 3370 ’
1021 3382 1118 3422 omnes
1144 3374 1273 3435 norunt,

51 3463 92 3538 qui
120 3484 251 3546 unquam
279 3475 339 3522 arte
363 3461 566 3540 disputarunt.
608 3459 736 3537 Cumque
766 3459 877 3520 Socrati
902 3457 1064 3535 sufficeret,
1085 3461 1109 3520 si
1128 3462 1192 3540 quis
1211 3461 1273 3540 ipso

51 3558 114 3620 duce
143 3562 182 3622 ad
212 3561 446 3646 probabilitatem
473 3558 652 3638 pervenisset
669 3557 795 3637 aliquam
807 3604 815 3632 ,
836 3571 936 3632 contra
953 3557 1147 3618 contendebat
1166 3558 1273 3617 Aristo.-

50 3657 125 3736 teles,
144 3659 294 3743 agendum
312 3681 371 3720 esse
389 3657 560 3728 dialectico,
582 3669 614 3715 ut
624 3701 633 3730 ,
653 3657 773 3736 positis,
793 3677 865 3737 quae
883 3669 960 3716 certa
980 3670 1090 3730 essent,
1111 3653 1272 3715 ademtam

50 3776 137 3819 rerum
158 3759 312 3837 scientiam
331 3756 508 3838 procederet.
529 3753 617 3816 Unde
635 3755 829 3836 intelligitur,
851 3754 1091 3835 quemadmodum
1111 3767 1274 3814 constructa

49 3875 62 3912 a
85 3857 269 3940 philosophis
291 3859 376 3932 sint,
396 3875 469 3935 quae
489 3853 576 3933 vulgo
595 3853 752 3927 dicuntur,
773 3864 957 3932 systemata:
978 3853 1169 3934 intelligimus
1187 3855 1275 3929 item,

49 3959 191 4031 systemati
219 3953 337 4017 condito
364 3953 452 4013 facile
471 3952 592 4012 alterum
623 3973 794 4033 prorsusque
812 3953 986 4011 contrarium
1006 3953 1114 4032 opponi
1138 3953 1275 4033 potuisse.

49 4049 106 4132 lpse
135 4055 280 4136 praecipit
307 4051 491 4126 Aristotcles,
520 4063 552 4109 ut
580 4070 750 4129 quaeramus
777 4051 933 4124 contiuuo,
962 4069 1034 4128 quae
1060 4051 1084 4109 si
1102 4072 1162 4110 non
1182 4065 1276 4126 certa,

50 4154 172 4212 maxime
203 4153 360 4213 rideantur
379 4149 550 4225 manifesta,
571 4149 641 4208 hine
661 4162 754 4208 autem
773 4163 801 4208 et
820 4149 1094 4228 argumentationem
1113 4164 1141 4209 et
1159 4151 1276 4210 conclu·

49 4248 154 4310 sionem
182 4265 321 4333 petamus.
363 4250 505 4326 Quocirca
533 4269 598 4308 cum
626 4261 733 4328 agatur·
752 4247 784 4308 in
812 4248 859 4306 his
886 4250 1120 4308 oemmntila'tudo
1147 4271 1277 4323 summa,

86 4457 109 4522 1)
129 4457 285 4514 Germanice
301 4462 528 4524 ostermarus,
548 4458 645 4512 Gallice
663 4461 839 4527 conciperer.

1024 4543 1078 4602 16*
