2908 5114
659 284 718 342 345

113 448 206 510 Nolim
224 448 261 508 ad
280 447 334 507 hoc
354 435 484 507 Platonis
499 445 646 523 judicium
665 457 824 520 sectarum,
845 466 918 525 quae
937 456 1002 526 post
1022 465 1087 504 eum
1115 444 1308 518 exstiterunt,

76 549 217 628 ipsiusque
238 547 385 607 Ciceronis
402 545 439 606 de
457 565 567 605 summo
590 543 667 603 hono
693 543 802 623 placita
831 545 1047 624 quaerendique
1074 544 1111 605 de
1137 545 1192 624 hoc
1222 563 1309 624 argu-

76 659 168 706 mento
187 647 329 705 rationem
350 645 482 724 exigere:
504 661 677 722 quamquam
695 641 851 701 mefateor
879 643 912 701 in
940 641 1200 723 disceptationibus
1229 641 1308 715 illis,

75 763 142 821 quas
170 743 293 823 protulit
323 744 443 816 Cicero,
479 740 609 801 Platonis
635 733 785 819 ἀκρίβειαν
815 742 934 821 verique
961 740 1089 800 studium
1111 754 1147 799 et
1176 739 1308 800 ardorem

74 839 245 900 desiderare.
287 841 487 900 Veruntamen
506 839 638 918 quamvis
656 839 787 900 idearum
805 839 969 899 doctrinam
989 837 1169 917 negligerent
1187 835 1255 911 illi,
1274 835 1307 895 id

74 953 166 998 tamen
187 951 374 1019 spectarunt,
395 936 474 1015 quod
494 938 666 998 conveniret
682 959 748 996 cum
775 938 848 1013 illa,
878 937 1039 1018 perlectum
1070 955 1227 1012 verumque
1255 933 1306 992 bo·

75 1057 160 1110 num,
181 1035 232 1111 id,
253 1035 351 1116 quod,
373 1051 405 1094 ut
425 1035 525 1095 Cicero
546 1035 606 1109 ait,
632 1046 800 1095 octrumum
821 1046 851 1094 et
880 1038 1024 1095 ultimum
1050 1043 1125 1093 erret
1154 1035 1305 1091 bonorum.

79 1125 147 1192 Tale
175 1133 208 1192 id
237 1153 296 1192 esse
322 1132 446 1206 debere,
498 1131 658 1191 secundnm
687 1136 817 1194 omnium
851 1133 1090 1216 philosophorum
1118 1133 1305 1203 sententiam,

74 1231 148 1290 idem
168 1230 260 1307 dicit,
281 1240 317 1288 ut
335 1232 375 1290 ud
392 1231 426 1288 id
444 1237 545 1289 omniu
565 1233 684 1304 referri
701 1239 964 1310 oporteat,ipaum
980 1242 1083 1290 autem
1092 1251 1253 1308 nusquam.
1278 1225 1309 1307 l)

73 1330 109 1388 Et
127 1349 196 1390 vero
212 1327 290 1387 Zeno
309 1329 350 1386 sie
369 1326 523 1409 descripsit
542 1331 649 1388 bonum
668 1331 748 1390 illud
766 1353 916 1390 summum
925 1376 934 1406 ,
965 1331 1006 1390 sic
1027 1317 1102 1388 certo
1123 1330 1222 1388 Cicero
1243 1348 1309 1385 enm

73 1428 193 1488 induxit
209 1425 439 1502 describentem,
462 1440 493 1485 ut
513 1428 650 1506 cogitasse
670 1429 800 1489 Platonis
819 1430 919 1505 ideam!
933 1443 1018 1508 atque
1044 1427 1218 1508 expressisse
1246 1425 1308 1484 Pla·

73 1529 199 1584 tonicum
218 1519 364 1605 εἱλικρινὲς
384 1523 433 1584 καί
459 1521 613 1603 μονοειδὲς
643 1527 788 1588 videatur.
831 1526 878 1586 Sic
908 1528 988 1586 enim
1016 1527 1133 1584 Cicero:
1166 1523 1248 1582 Zeno
1275 1524 1309 1580 id

72 1627 433 1714 appellalationertum,
454 1628 624 1706 quodenset
641 1628 767 1702 atneptis
798 1626 944 1704 quoddam
972 1635 1002 1683 et
1030 1625 1126 1682 solum
1154 1632 1184 1680 et
1212 1643 1308 1678 unum

72 1723 185 1782 bonum.
206 1721 239 1802 2)
269 1723 438 1805 Philosophi
456 1725 569 1785 scilicet
588 1725 682 1784 omnis
701 1724 840 1804 deinceps
860 1723 979 1798 aetatis,
1001 1723 1071 1782 licet
1089 1719 1225 1780 sublimia
1235 1719 1307 1777 haee

72 1820 199 1880 Platonis
216 1821 343 1901 placita,
364 1824 425 1883 sive
443 1823 639 1904 improbantes
660 1843 711 1897 ea,
734 1822 795 1882 sire
815 1821 1012 1901 negligentes,
1045 1821 1107 1880 sire
1132 1839 1193 1877 non
1220 1815 1309 1876 intel·
1382 1823 1387 1832 “

71 1917 192 1996 ligentes
221 1919 306 1993 setis,
336 1941 397 1980 non
426 1920 618 1980 adsciscerent
638 1919 893 2001 philosophando,
923 1918 1117 1976 nihilominus
1145 1915 1308 1995 exprimere

72 2015 218 2074 Platonem
238 2016 436 2096 qualicunque
454 2019 566 2077 ratione
587 2019 683 2078 conati
703 2030 781 2077 sunt.
822 2016 942 2090 Bonum
961 2015 1102 2075 dixerunt
1122 2013 1181 2071 fere
1192 2057 1200 2086 ,
1220 2011 1308 2092 plane

74 2126 103 2172 ut
128 2113 234 2188 Plato,
265 2134 360 2174 rerum
389 2116 519 2174 omnium
551 2117 724 2204 optimarum
754 2115 863 2173 fontem
894 2113 1031 2172 unicum:
1064 2110 1134 2184 alii,
1156 2106 1234 2187 qnod
1254 2105 1311 2168 roei

73 2205 193 2290 ἀγαθοῦ
212 2204 281 2294 ἰδέᾳ
301 2210 442 2272 tribuerat
460 2213 561 2288 Plato,
587 2211 619 2270 id
638 2213 696 2293 ipsi
711 2215 771 2271 Deo
788 2211 975 2286 tribuerunt,
1004 2229 1093 2288 quum
1112 2209 1204 2286 Deum
1236 2207 1309 2266 cele·

73 2312 187 2372 brarent
216 2311 414 2371 universitatis
441 2319 585 2369 auctorem
614 2323 642 2368 et
670 2309 809 2384 altorem,
841 2309 889 2368 cui
918 2308 1033 2382 omnia,
1073 2319 1104 2365 nt
1133 2319 1244 2380 essent,
1277 2319 1308 2366 ut

74 2423 259 2485 crescerent,
280 2421 313 2467 ut
342 2408 492 2487 vigerent,
522 2407 663 2466 deberent
692 2407 796 2467 unice:
828 2427 896 2466 vere
920 2404 1038 2485 quidem
1068 2405 1104 2463 hi·
1125 2405 1260 2482 justeque
1281 2418 1309 2462 et

74 2507 168 2566 debite
188 2509 284 2566 Deum
303 2504 501 2580 celebrantes,
522 2505 573 2564 sed
593 2504 722 2580 Platonis
741 2503 875 2563 debono
895 2503 1067 2562 sententiam
1085 2502 1309 2583 interpretantes

74 2626 214 2684 perverse.
255 2606 320 2663 Non
350 2604 441 2681 magis
473 2601 504 2660 hi
531 2601 660 2661 Platonis
688 2601 725 2660 de
754 2603 834 2676 Deo,
864 2622 949 2680 quam
969 2599 1016 2659 illi
1037 2599 1165 2676 ejusdcm
1184 2596 1221 2656 de
1240 2618 1308 2659 vero

74 2704 177 2784 placita
201 2702 323 2762 assecuti
344 2714 430 2760 sunt:
452 2700 561 2781 quippe
582 2703 614 2760 in
632 2701 703 2760 boni
721 2699 786 2758 idea
806 2707 967 2757 veritatem
984 2697 1038 2755 ille
1049 2741 1057 2772 ,
1079 2697 1112 2754 in
1132 2699 1192 2755 Deo
1210 2702 1309 2774 ipsius

76 2811 215 2860 comtutir
234 2792 499 2881 παράδειγμα,
520 2801 602 2874 sive,
623 2798 702 2878 quod
723 2817 775 2856 nos
796 2795 995 2877 appellamus,
1025 2795 1122 2852 ideo
1135 2795 1147 2850 l
1154 2817 1169 2852 e
1189 2794 1309 2873 agnovit

75 2899 260 2981 adoravitque
286 2902 420 2960 maxime.
468 2901 598 2974 Quorum
626 2895 722 2970 illud,
760 2893 845 2974 quale
873 2895 928 2968 sit,
956 2895 1017 2970 jam
1043 2893 1243 2972 percepimus,
1275 2892 1307 2950 ni

76 2997 176 3075 lallor,
198 3001 283 3058 satis:
304 2999 378 3074 hoc,
400 3011 499 3078 utpote
523 3009 723 3075 argumentum
750 3005 982 3072 argumentorum
1007 2991 1136 3049 omnium
1167 3009 1308 3048 summum

76 3109 101 3153 rt
119 3097 319 3176 gravissimum
330 3142 338 3171 ,
359 3109 420 3154 tum
440 3095 556 3154 demum
579 3092 674 3166 nobis,¹
695 3105 845 3172 postquam
865 3088 902 3148 ab
924 3088 1047 3147 aliorum
1067 3087 1220 3147 sententiis
1238 3085 1308 3146 Pla-

77 3195 183 3253 tonicas
204 3194 465 3274 segregaverimus,
487 3190 554 3252 data
575 3190 661 3271 operi
681 3187 889 3269 explicandum
911 3187 976 3246 erit.

113 3293 184 3350 Nam
202 3312 323 3366 vereor,
345 3305 378 3350 ut
395 3310 468 3370 quae
487 3290 628 3348 hactenus
647 3287 683 3346 de
703 3286 813 3359 mundo
831 3282 930 3370 νοητῷ
960 3302 996 3342 ex
1022 3285 1114 3364 ipsius
1132 3282 1307 3365 'philosophi

77 3388 188 3469 scriptis
207 3389 375 3464 attulimus,
407 3409 440 3448 eu
459 3388 579 3448 valeant
598 3387 685 3463 satis,
707 3400 758 3462 nt,
789 3388 867 3466 quod
887 3387 1011 3446 maxime
1037 3395 1213 3463 spectamus,
1244 3383 1310 3444 evi·

78 3482 145 3544 dens
165 3485 252 3546 nobis
268 3485 355 3568 plane
373 3500 401 3545 et
422 3487 500 3545 clara
519 3488 581 3564 ejus
599 3484 734 3544 doctrina
753 3485 799 3545 sit.
821 3486 887 3544 Nou
908 3484 989 3563 quasi
1010 3483 1072 3564 ipsa
1086 3480 1156 3540 haec
1175 3481 1308 3541 doctrina

78 3581 196 3642 obscura
216 3585 297 3642 sit—
316 3585 388 3643 mihi
406 3584 485 3644 nihil
501 3604 560 3643 esse
578 3582 741 3663 simplicius
758 3581 961 3643 evidentiusve
980 3581 1115 3650 videtur:
1147 3600 1213 3638 nam
1241 3599 1308 3636 con·

78 3679 149 3738 tinet
166 3681 339 3762 simpliciter
359 3684 465 3743 veriet
485 3680 553 3740 falsi
564 3727 573 3757 ,
595 3682 665 3740 certi
685 3693 713 3739 et
734 3679 915 3760 probabilis,
936 3680 1073 3739 scientiae
1103 3691 1131 3736 et
1160 3674 1310 3755 opinionis

79 3775 278 3863 discrimen-n
297 3779 350 3838 sed
370 3793 537 3860 propterea,
558 3778 636 3857 quod
655 3777 826 3838 conturbata
844 3779 973 3839 Platonis
994 3775 1176 3857 philosophia
1195 3773 1308 3831 immix-

79 3874 114 3932 tis
130 3873 324 3936 dissimilibus
341 3876 465 3936 aliorum
483 3878 599 3958 placitis
619 3891 670 3937 est.
713 3877 833 3937 Exstitit
853 3890 918 3957 post
938 3875 1086 3934 Platonem
1105 3871 1310 3952 philosophus,

79 3972 255 4032 Aristotelem
286 3973 371 4048 dico,
403 3977 453 4054 qui
482 3983 664 4054 rapientium
690 3973 824 4049 doceret,
845 3973 1007 4033 doctrinam
1027 3992 1122 4047 supro
1143 3981 1309 4043 naturam,

78 4060 149 4150 tinio
171 4064 210 4130 rei
230 4065 356 4151 φυσικοὶ,
386 4072 589 4133 escendentem
609 4070 683 4151 3)-
711 4075 947 4150 metaphysieam
981 4082 1122 4130 vocarunt
1151 4064 1255 4147 posteri
1274 4092 1310 4103 -

112 4297 136 4357 ι)
156 4299 209 4350 cto.
229 4301 258 4350 a
271 4299 326 4352 aa.
343 4303 361 4350 ι.
381 4299 405 4350 o.

111 4382 136 4444 a)
154 4383 191 4435 ra
210 4385 288 4436 aaa.
308 4384 327 4436 ι.
347 4386 387 4436 ιο.

112 4467 137 4530 at
156 4469 261 4522 tristor.
279 4472 386 4539 ιιιιιριι.
405 4470 446 4520 ιιι.
466 4467 490 4519 e.
512 4485 536 4534 p.
557 4466 597 4517 sa.
