2898 5120
701 261 760 324 ill

110 448 210 486 sa.·.-
228 425 276 485 Sic
297 441 425 507 apparet.
445 465 478 476 -
502 417 565 486 Τόν
583 417 711 486 semet
723 415 784 503 ἄρα
805 422 936 510 μουσικῇ
955 401 1154 509 γυμναστικήν
1174 421 1352 509 κεραννύντα

107 522 158 585 καὶ
180 516 368 605 μετριώτατα
388 524 430 611 τῇ
442 524 534 612 ψυχῇ
553 519 778 608 προσφέροντα,
798 523 903 586 τοῦτον
927 519 1074 610 ὀρθότατ’
1096 523 1132 590 ἃν
1152 535 1262 611 φαῖμεν
1279 518 1351 593 εἶναι’

107 621 217 714 τελέως
230 621 454 708 μουσικώτατον
469 626 517 688 καὶ
535 621 809 709 εὐαρμοστότατον,
832 622 907 689 nolti
927 630 1041 707 μᾶλλον
1057 626 1078 713 ἢ
1095 625 1150 693 τον
1165 628 1219 707 τας
1234 626 1350 716 pepulit
1398 629 1404 644 ’

107 723 250 810 ἀλλήλους
264 723 444 802 ’ξυνιστάνταΙ
463 783 497 792 -
514 725 646 814 Εἰκότως
667 725 709 812 y',
738 721 765 792 ui
784 723 948 812 Σώκρατες·
973 757 1041 793 eamn
1064 742 1186 815 igitur,
1207 745 1260 814 qui
1274 739 1350 815 prel-

105 842 239 891 cerrime
266 855 334 891 crem
364 842 480 892 mustea
506 842 732 914 &tumescerem
759 843 908 912 temperet
937 844 1026 912 atque
1052 842 1165 911 optitee
1186 844 1349 912 utramque

104 940 209 991 animo
226 932 363 1006 adhibet,
385 941 552 990 rectissime
572 935 652 990 liuere
668 933 842 1009 perfeetum
862 941 1011 992 musicum
1027 934 1140 1010 sibique
1160 939 1260 1008 ipsum
1278 954 1350 1016 υονι-Ι

104 1037 258 1089 sinentem
277 1032 431 1106 dieamus,
451 1033 546 1089 enolto
565 1053 637 1091 sone
658 1038 777 1110 tnagis,
799 1052 889 1109 quem
914 1039 941 1090 si
967 1039 1037 1109 quir
1055 1031 1181 1089 chordas
1200 1037 1259 1088 seit
1277 1040 1347 1088 tem·

101 1149 225 1203 perere.
249 1155 278 1164 -
299 1128 343 1185 Et
362 1137 470 1187 merito
491 1131 628 1208 quidem,
650 1151 665 1187 ο
686 1128 834 1187 Socrates.
846 1152 860 1184 u
887 1126 942 1208 l)'.

145 1226 213 1298 Quo
240 1227 329 1305 magis
359 1227 398 1286 ita
428 1227 630 1287 adumbranda
660 1226 790 1286 Platonis
819 1226 937 1286 civitate
962 1225 1183 1308 progredimur,
1212 1247 1246 1285 eo
1270 1238 1349 1306 patet

104 1322 192 1381 nobis
220 1322 401 1399 dilucidius,
432 1339 509 1401 arcte
540 1328 601 1404 ejus
628 1325 777 1406 politicam
796 1345 862 1384 cum
882 1345 993 1384 morum
1012 1324 1349 1401 doctrina-conjunctam

104 1439 175 1480 esse.
218 1421 297 1494 Quae
317 1414 476 1482 coinmunis
493 1423 552 1482 luit
567 1423 718 1484 universae
737 1423 921 1501 antiquitatis
939 1421 1092 1484 sententia.
1133 1421 1171 1480 Et
1185 1441 1277 1495 uero,

142 1525 146 1530 ’
462 1524 536 1600 quid
557 1523 636 1602 leges
658 1531 722 1580 sine
743 1525 877 1580 moribus

488 1642 582 1678 υονιοο
598 1619 803 1697 preficiunt?
824 1617 856 1699 2)

104 1711 164 1772 Sed
194 1715 339 1774 cernimus
368 1717 406 1776 ita
438 1719 543 1789 simul,
573 1731 662 1776 totam
691 1716 858 1798 philosophi
888 1715 924 1775 de
952 1713 1075 1798 pulcro,
1106 1713 1143 1772 de
1162 1711 1239 1772 hono
1257 1733 1290 1772 ac
1309 1711 1346 1772 de

105 1811 220 1868 artibus
247 1813 460 1895 philosophiam
487 1830 600 1875 tantum
629 1815 746 1898 abesse,
770 1829 801 1874 ut
821 1813 979 1875 theoretica
999 1812 1036 1871 sit
1059 1813 1202 1890 uniceque
1222 1809 1347 1890 philoso-

105 1908 174 1990 phis
203 1909 415 1989 relinquenda,
438 1928 470 1973 ut
499 1914 538 1973 ad
565 1935 609 1974 res
632 1913 761 1974 civitatis
786 1912 994 1994 gravissimas,
1008 1910 1046 1970 ad
1065 1911 1157 1990 ipsam
1175 1907 1348 1967 firmandam

106 2006 205 2087 legum
218 2011 415 2069 auctoritatem
436 2011 540 2071 valeat.
580 2011 667 2087 Quod
686 2011 765 2070 dicto
783 2025 860 2070 recte
878 2010 1018 2091 expressit
1039 2007 1226 2067 Xenocrates.
1256 2007 1347 2081 Nam,

106 2119 138 2164 ut
157 2106 239 2186 apud
260 2108 427 2167 Ciceronem
447 2123 508 2183 est,
530 2131 595 2168 cum
616 2123 800 2189 quaereretur
820 2129 856 2166 ex
877 2129 927 2183 eo,
958 2106 1030 2186 quid
1051 2116 1269 2184 assequerentur
1288 2104 1350 2181 ejus

105 2203 266 2284 discipuli,
286 2205 468 2286 respondisse
486 2209 598 2284 fertur,
621 2219 656 2266 eet
672 2210 706 2267 tt
715 2213 771 2266 seed
781 2216 883 2283 sponte
894 2209 1058 2282 facerent,
1071 2204 1148 2282 quod
1166 2211 1348 2281 cogerentur

105 2303 211 2368 ferere
231 2304 353 2385 legibus.
376 2304 408 2386 3)
449 2293 507 2365 Sed
525 2306 597 2365 illuc
615 2319 723 2388 spectat
740 2305 870 2364 Platonis
890 2305 1071 2384 potissimum
1089 2298 1156 2383 περὶ
1177 2298 1233 2361 τοῦ
1254 2291 1350 2374 ὄντος,

105 2397 142 2457 de
170 2420 254 2476 vero,
277 2401 313 2461 de
343 2402 510 2485 disciplinis
539 2426 572 2465 ac
593 2403 630 2464 de
650 2403 760 2464 mundo
786 2401 885 2487 νοητῷ
910 2402 1104 2486 philosophia.
1147 2402 1350 2484 Explicuimus

105 2517 169 2556 eam
181 2543 190 2571 ,
222 2513 371 2580 postquam
398 2501 436 2560 'de
466 2503 594 2578 artibus,
623 2503 656 2562 in
683 2503 841 2584 primisque
871 2503 907 2564 de
937 2501 1045 2562 musica
1075 2502 1241 2562 dixeramus
1260 2502 1349 2578 satis,

107 2594 293 2675 vidimusque
312 2600 412 2658 referri
433 2620 495 2658 eam
514 2600 630 2681 proprie
650 2600 688 2660 ad
717 2615 792 2660 recte
814 2599 1007 2661 excolendum
1026 2599 1278 2678 erudiendumque
1296 2598 1347 2658 ho·

105 2693 226 2754 minem.
258 2695 315 2754 ch
335 2711 429 2756 autem
448 2697 560 2782 patebit
580 2698 664 2758 nobis
674 2744 683 2774 ,
706 2698 879 2758 destinatam
897 2698 1019 2758 eandem
1036 2697 1072 2756 eh
1090 2711 1205 2756 auctore
1219 2698 1349 2758 maxime

105 2811 165 2850 esse
194 2791 230 2850 ad
260 2794 422 2854 acuendum
451 2795 726 2874 informandumque
754 2817 853 2857 eorum
884 2797 1055 2876 ingenium,
1076 2796 1127 2875 qui
1148 2796 1348 2878 reipublicae,

105 2911 194 2969 quam
221 2891 329 2967 linxit,
358 2893 554 2972 gubernaculo
584 2908 680 2954 essent
708 2895 880 2968 adhibendi.
922 2892 1008 2968 Quod
1038 2893 1089 2952 ubi
1111 2914 1148 2953 ex
1169 2896 1232 2975 ipsa
1247 2893 1348 2975 philo-

105 2987 191 3066 sophi
221 2988 354 3048 doctrina
386 2991 622 3071 exposuerimus,
653 2992 732 3052 haud
752 2993 922 3051 mirabimur
940 3011 1028 3066 sane,
1050 2991 1090 3049 sic
1111 2991 1148 3050 de
1168 2991 1350 3072 reipublicae

105 3085 269 3145 rectoribus
287 3089 493 3167 pronunciasse
520 3089 689 3166 Platonem,
711 3105 743 3150 ut
767 3091 856 3149 linem
879 3091 1010 3149 futurum
1027 3089 1167 3148 malorum
1185 3090 1218 3148 iu
1237 3089 1348 3148 civita-

105 3183 187 3242 tibus
218 3201 352 3264 negaret,
369 3201 557 3266 ·anteaquam
585 3187 633 3248 vel
664 3188 831 3269 philosophi
862 3209 908 3247 eas
936 3201 1084 3268 regerent,
1106 3187 1154 3248 vel
1185 3187 1235 3267 qui
1252 3207 1346 3246 nunc

107 3302 153 3340 eas
174 3298 298 3362 regunt,
320 3284 486 3367 philosophi
514 3272 608 3346 essent
631 3288 711 3347 facti.
754 3285 811 3346 Sed
838 3286 940 3362 nohis,
962 3277 994 3345 ut
1016 3285 1120 3345 ordine
1139 3284 1349 3367 procedamus,

107 3381 234 3460 primum
263 3381 299 3440 de
326 3383 487 3443 rectoribus
512 3385 927 3464 civitatis,·quen1admodum
956 3383 1085 3464 eligendi
1114 3382 1350 3462 instituendique

106 3480 187 3553 sint,
207 3479 352 3558 agendum
374 3482 501 3563 videtur..

431 3661 489 3720 De
518 3657 771 3740 rectoribus
799 3670 1024 3722 civitatis.

147 3836 286 3918 Eligendi
316 3859 330 3896 e
365 3840 532 3900 custodibus
550 3856 635 3916 sunt,
657 3843 770 3923 ipsique
793 3855 878 3900 erunt
898 3842 929 3900 in
950 3839 1052 3921 primis
1070 3840 1204 3898 custodes
1222 3837 1273 3920 4):
1297 3839 1358 3912 deffi

109 3933 216 3994 lectum
238 3951 333 3996 autem
364 3938 457 3998 facere
486 3954 617 4000 accurate
647 3955 768 4021 oportet.
810 3940 881 3999 Nam
901 3938 980 3998 haud
997 3938 1054 3997 tuit
1071 3938 1152 4000 Plato
1172 3959 1208 3998 ex
1229 3939 1346 4016 illprum

143 4150 169 4217 τ)
187 4119 225 4206 oi
239 4157 301 4225 rep.
322 4156 364 4207 ru.
384 4156 442 4208 mo.
463 4158 491 4210 c.
510 4185 545 4196 -
561 4158 620 4210 us.
640 4159 672 4210 r.

141 4237 169 4301 2)
189 4240 275 4294 Horat.
295 4243 341 4292 Od.
359 4243 403 4294 lll.
422 4243 473 4308 24,
491 4243 534 4296 36.

145 4323 172 4388 3)
192 4325 241 4380 cie.
261 4327 299 4378 De
317 4329 377 4397 [ἆορ.
396 4329 415 4380 l.
434 4329 460 4380 2.

143 4422 169 4486 l)
188 4419 278 4494 Reque
292 4412 354 4480 κατ’
375 4411 486 4498 ἔξοχήν
506 4434 630 4480 τοιουτου
652 4409 789 4497 φύλακες,
800 4424 895 4478 caeteri
912 4401 1068 4500 ἒπίκουροτ.
1081 4425 1188 4494 υνδερ.
1198 4424 1239 4478 lll.
1246 4424 1307 4479 tlt,
1315 4424 1345 4477 B.
