2924 5132
152 262 190 318 16

1310 362 1361 416 mg.

234 429 271 482 De
288 433 407 482 messia
424 427 555 496 Platonis,
576 434 728 502 Protaparae
742 437 832 504 placita
849 439 970 505 opposita,
989 439 1067 490 llessss
1086 458 1136 492 esse
1154 441 1282 496 manitus

578 522 683 572 maium
700 539 782 572 rerum
797 540 944 574 measa.
1314 529 1361 582 435

182 636 296 698 Leges.
315 638 382 686 Deus
399 652 524 686 summum
543 639 658 689 veritatis
676 642 805 707 exemplar.
824 645 962 693 Divinitas
979 645 1110 708 idearum,
1135 663 1198 711 qaas
1213 649 1274 700 llam
1289 651 1313 698 in

146 722 268 786 fingendo
283 723 446 788 regendoque
460 726 555 774 mundo
572 726 681 775 intuitus
695 733 734 777 sst
748 734 773 778 et
787 731 914 794 expressit.
942 732 991 780 llas
1012 733 1086 796 sequi
1102 733 1229 783 hominem
1245 752 1314 800 opor-

145 812 202 872 tet,
222 810 242 857 si
258 809 320 858 velit
332 809 363 857 ad
377 809 476 859 divime
491 816 595 860 naturae
610 814 788 876 perlectionem
800 817 929 867 accedere.
947 817 1125 882 Philosophiae
1138 820 1276 869 Platonicae
1290 825 1315 869 st

145 892 275 955 religionis
288 895 442 945 Christianae
459 911 605 950 consensus.

245 1013 402 1084 Philosophia
420 1019 488 1086 npssd
503 1017 644 1083 Platonem,
669 1021 720 1071 siae
737 1023 770 1072 ad
784 1022 911 1089 puleium,
936 1025 987 1074 sias
1003 1025 1119 1075 universe
1136 1026 1170 1075 ad
1185 1043 1268 1078 serum
1309 1065 1316 1078 .

383 1103 507 1169 refertur,
526 1105 630 1156 hominis
645 1123 734 1174 reapse
752 1116 786 1158 est
801 1109 835 1158 ad
850 1109 976 1159 sadotem
994 1113 1130 1161 aaaamia.
1316 1109 1365 1162 434

179 1219 278 1267 Summa
301 1220 475 1286 philosophiae
503 1223 647 1274 Platonicae
672 1226 699 1274 in
718 1226 842 1290 aequabili
857 1235 1064 1290 argumentorum
1083 1211 1241 1279 successione
1257 1233 1316 1278 sisa·

139 1305 260 1369 plicita-s·
286 1306 366 1369 Quare
385 1308 497 1372 iactum,
523 1315 552 1358 ut
568 1311 645 1374 vulgo
661 1312 778 1373 neglecta
795 1314 840 1376 sit,
867 1315 892 1362 in
905 1315 1069 1379 dijudicanda
1079 1315 1196 1364 universa
1207 1313 1316 1364 Platonis

144 1391 320 1458 philosophia,
346 1393 456 1442 haainis
478 1396 513 1443 ad
535 1399 668 1459 assitatsns
688 1400 848 1448 omasnsadi
864 1402 1039 1466 propositum?
1064 1403 1118 1466 Quo
1135 1401 1316 1466 proximepro-

143 1477 249 1541 pricqua
264 1484 366 1543 spectat
382 1480 426 1529 ills
440 1481 593 1530 conversio?
610 1484 776 1532 lliota'ssas
788 1485 898 1534 aliatum.

660 1753 858 1774 π

453 2096 860 2148 rnanosnmun
883 2063 1062 2157 suana,

736 2210 784 2238 tm

614 2307 652 2341 nn
679 2306 754 2340 vina
783 2304 895 2341 sassa,
1311 2292 1353 2344 444

175 2409 371 2474 Philosophandi
389 2410 469 2472 ratio,
491 2425 556 2473 quae
573 2412 703 2474 superiore
719 2411 805 2458 asculo
822 2407 943 2472 invaluit,
968 2411 1021 2458 suis
1037 2415 1064 2458 st
1080 2412 1221 2460 virtutihus
1236 2419 1262 2461 at
1276 2415 1312 2460 ai·

95 2498 97 2502 '
141 2497 189 2543 tiis
204 2496 319 2559 insignis,
343 2496 403 2560 Ejus
419 2497 456 2543 vis
472 2497 547 2545 varia.
567 2497 694 2544 Praesens
712 2496 884 2562 philosophiae
897 2497 1016 2545 conditio.
1034 2497 1241 2562 Philosophorum
1248 2500 1311 2566 jac-

140 2582 278 2630 tahuadusa
299 2588 325 2630 et
348 2582 495 2642 obscurum,
521 2584 582 2632 item
611 2584 717 2647 inopium
740 2598 829 2646 genus.
846 2583 1022 2632 Instaursndae
1038 2583 1209 2648 philosophiae
1231 2584 1311 2632 studia

138 2672 166 2716 st
182 2669 289 2717 consilia
304 2666 405 2730 quatiat
431 2669 487 2717 Ori
493 2670 581 2716 ticos
597 2668 788 2717 commendatio.
810 2669 936 2716 llesuntna
951 2684 1052 2733 prorsus
1065 2671 1184 2734 gernani
1199 2670 1313 2734 philoso-

138 2753 208 2819 phil
231 2754 322 2818 Quales
344 2755 451 2818 putandi
471 2754 553 2803 sunt?
577 2754 720 2803 Platonicae
747 2753 918 2819 philosophiae
936 2754 1074 2819 amplitudo
1088 2761 1116 2802 ct
1133 2755 1183 2803 nis.
1202 2755 1312 2805 Platonis

136 2840 302 2902 ingenium
316 2840 442 2905 quomodo
454 2855 484 2888 ss
502 2839 687 2904 explicuit?
705 2838 866 2903 Philosophia
886 2840 996 2890 Platonis
1007 2841 1157 2910 juventutis
1174 2839 1309 2890 institutio.

135 2927 210 2975 lusti
225 2925 383 2991 philosophia
398 2942 449 2989 quo
466 2926 554 2974 referri
571 2924 668 2974 debet?
685 2924 827 2988 quorelata
843 2926 985 2988 pravissime
1004 2925 1099 2975 noceti'
1125 2921 1129 2936 ’
1222 2923 1227 2934 ”

628 3045 666 3095 De
683 3031 762 3096 animi
777 3055 879 3096 satura.
1310 3045 1356 3096 447
1452 3113 1453 3119 1

168 3166 249 3229 liujus
263 3166 445 3230 disquisitionis
461 3166 492 3216 ad
507 3166 617 3230 proxima
633 3169 781 3228 argumenta
795 3172 865 3214 recte
885 3165 1064 3214 consideranda
1080 3171 1246 3215 momentum.

398 3285 437 3336 De
452 3286 479 3334 οι·
495 3286 586 3335 amosis
603 3285 638 3335 ad
653 3285 768 3334 uirtutem
782 3284 970 3352 felicitatemque
987 3285 1097 3335 haaiais.
1326 3303 1338 3333 s

165 3405 279 3469 Amoris,
297 3404 417 3454 latissime
435 3419 480 3468 per
496 3407 571 3452 vitam
586 3403 721 3452 humanam
731 3377 872 3469 prhpagati
884 3421 913 3453 ac
923 3402 1028 3474 elysaei,
1038 3405 1185 3453 vissnmma.
1205 3407 1310 3456 solusne
1338 3428 1344 3437 ·

131 3492 225 3542 sufficit
243 3491 274 3540 ad
292 3506 390 3556 praem
406 3488 562 3554 cupiditates
578 3489 750 3538 coercendas?

506 3612 544 3662 Dc
561 3613 666 3662 saintois
682 3613 709 3662 ia
727 3613 810 3661 naimo
827 3613 980 3662 nuctositate.
1309 3609 1359 3662 449

164 3736 270 3798 Leges
291 3735 310 3784 1.
337 3733 562 3800 lamgunsolorum
586 3723 739 3794 comparatio
757 3745 809 3793 quo
830 3730 918 3778 valeti
936 3731 1029 3794 ilatio,
1050 3731 1210 3780 discernendi
1230 3731 1310 3780 iacul-

129 3829 183 3886 tas,
202 3822 338 3886 affectibus
355 3824 463 3884 praeest.

407 3938 493 3990 Animi
509 3954 564 3988 cum
581 3953 696 4004 equorum
711 3939 773 4004 jupo
789 3945 813 3986 et
829 3937 920 4004 auripa
937 3939 1095 4005 comparatio.
1309 3935 1357 3988 450
1449 3991 1450 3994 ,

161 4062 341 4112 Phaedrus.
367 4060 458 4123 lipmni
482 4060 508 4107 in
522 4073 631 4107 amorem
649 4057 769 4106 Socratici
787 4057 951 4106 continuatio.
977 4058 1040 4120 Equi
1048 4057 1205 4118 ferocientis
1223 4059 1251 4102 et
1265 4055 1310 4102 oh-

128 4149 259 4212 sequentis
271 4147 407 4195 discrimen
426 4163 478 4195 oon
495 4144 684 4206 negligendum.
708 4144 818 4191 Virtutis
827 4143 1023 4206 felicitatisque
1037 4143 1206 4194 necessitudo.

237 4268 274 4319 Dc
286 4269 387 4332 justitia
404 4275 427 4317 st
440 4265 568 4331 felicitate.
586 4263 713 4330 Sufflaihsa
731 4263 823 4314 homini
838 4263 873 4314 ad
889 4263 958 4314 beate
974 4264 1104 4314 sinendum
1116 4259 1243 4328 justitia?
1305 4258 1353 4312 453

161 4388 273 4438 Platonis
289 4388 316 4437 in
332 4384 480 4438 Philebo
495 4384 527 4434 de
538 4384 586 4434 hae
600 4383 746 4447 quaestione
764 4381 902 4446 disputatio
920 4397 970 4445 quo
989 4383 1099 4446 proxime
1111 4380 1211 4431 valisit?
1235 4381 1306 4428 Prae-

128 4480 168 4522 ter
184 4475 292 4537 affectus
309 4480 336 4522 et
353 4473 476 4521 ratiaassss
492 4469 698 4532 distinguendum
713 4468 740 4516 in
755 4468 838 4516 anima
857 4469 966 4518 humano
979 4465 1011 4518 so¹
1029 4467 1172 4535 θυμοειδὲς.
