2838 5120
635 283 690 342 281
769 287 771 293 “

60 462 113 508 tum
134 461 256 507 coarctat
272 447 305 505 in
326 443 411 504 rebus
429 441 633 524 cognoscendis
654 443 821 526 philosophi
841 457 977 504 mentem.
1019 441 1091 502 llam
1118 441 1208 504 efficit
1235 463 1272 504 ex

61 546 178 606 inventis
198 565 284 625 quam
308 542 443 625 plurimis
461 555 489 600 et
508 542 588 621 quasi
608 541 750 603 construit
770 541 919 602 doctrinae
937 527 1092 627 formulam
1109 541 1273 620 quandam,

60 653 177 722 apotamo
195 666 211 702 a
229 641 429 724 componendo
449 653 477 700 et
497 640 691 704 construendo
716 639 908 721 appellatam,
929 640 1008 719 quod
1034 641 1165 718 quamvis
1192 641 1274 700 ordi-

58 761 108 816 ne,
122 743 253 821 quamvis
269 741 394 822 partium
411 739 617 817 conjunctione
636 737 703 818 apti
720 751 748 797 et
767 738 891 818 eleganti
911 736 1014 795 habitu
1033 757 1061 796 se
1079 737 1273 814 commendet,

57 852 144 898 tamen
171 841 231 898 suis
250 853 292 898 est
311 837 454 897 limitibus
481 836 742 917 circumscriptum.
789 835 849 896 Hos
877 847 972 894 autem
1000 834 1105 894 limites
1132 855 1186 893 nec
1217 835 1274 894 fert

56 937 251 1019 philosophia,
272 952 300 996 et
326 938 409 1018 gestit
436 935 540 995 naturh
567 955 702 1016 superare
729 933 968 1014 philosophorum
999 934 1158 1010 ingenium.
1206 934 1273 1007 Quo

56 1020 171 1110 accidit,
192 1047 243 1110 ut,
264 1033 409 1114 quidquid
428 1047 491 1116 post
511 1032 655 1094 Socratem
674 1045 701 1091 et
721 1031 870 1090 Platonem
890 1029 1057 1112 philosophi
1086 1032 1118 1090 in
1146 1029 1272 1090 conden-

56 1131 95 1191 dis
112 1133 314 1212 systematibns
332 1133 424 1192 moliti
442 1145 510 1192 suut
520 1176 529 1205 ,
550 1145 579 1190 et
603 1131 754 1210 quamvis,
775 1149 847 1208 quae
868 1127 1084 1206 condiderunt,
1105 1129 1273 1208 aequalibus

56 1230 223 1308 placuerint,
247 1230 400 1311 repudiata
426 1229 496 1290 haec
516 1242 611 1290 tamen
631 1250 647 1288 a
665 1230 786 1310 posteris
805 1227 934 1286 suerint:
957 1226 1036 1286 unde
1047 1273 1055 1302 ,
1077 1227 1156 1309 apud
1175 1249 1273 1288 recen·
1362 1218 1367 1224 ⁵

55 1327 151 1404 tiores,
169 1329 310 1388 historia
343 1341 545 1410 systematum,
580 1349 653 1406 quae
685 1327 742 1387 sibi
774 1323 937 1386 identidem
966 1339 1182 1401 successerunt,
1212 1327 1275 1406 ipsa

56 1423 164 1486 historia
192 1425 394 1508 philosophiae
421 1444 553 1506 magnam
582 1440 692 1508 partem
718 1424 895 1485 continetur.
937 1423 1014 1482 Huic
1033 1437 1127 1482 antem
1148 1423 1275 1484 naturali

55 1521 284 1606 philosophorum
314 1523 410 1584 studio
438 1537 466 1583 et
494 1523 590 1584 ardori
620 1523 759 1584 convenit
788 1521 876 1602 plane
904 1542 936 1580 ac
965 1521 1105 1580 satisfacit
1123 1521 1275 1582 Platonica

56 1621 204 1683 methodus.
256 1623 392 1704 Analysis
422 1624 500 1682 enim
527 1622 626 1683 nullos
654 1622 760 1697 habet,
789 1621 845 1680 nisi
874 1620 965 1702 ipsius
995 1621 1107 1700 ingenii
1133 1620 1253 1680 humani
1265 1665 1274 1696 ,

56 1720 188 1780 terminos.
231 1722 305 1781 Nam
333 1723 376 1780 uti
404 1721 552 1781 cernendo
573 1719 781 1802 jungendoque
800 1718 1004 1800 progreditur,
1025 1719 1066 1777 ita
1085 1738 1204 1778 cernere
1224 1718 1273 1778 de·

57 1815 116 1876 sinit
133 1839 302 1898 nunquam,
323 1817 373 1880 sed
382 1839 455 1899 quae
473 1820 629 1898 conjunxit
643 1817 824 1893 identidem,
836 1837 942 1880 noram
953 1837 985 1876 ea
998 1818 1123 1897 gignunt
1133 1815 1275 1878 cernendi

57 1914 273 1998 explorandique
297 1907 463 1994 materiam,
483 1917 562 1978 uude
582 1937 674 1979 novae
701 1919 804 1978 iterum
834 1913 1001 1996 συναγωγαὶ
1008 1961 1017 1992 ,
1047 1917 1274 1990 conductiones,

57 2031 114 2088 quas
131 2015 229 2076 Cicero
247 2030 331 2080 vocat
341 2063 350 2094 ,
370 2032 499 2096 quaeque
522 2016 607 2078 nobis
626 2016 767 2078 dicuutur
784 2021 1034 2092 combinationes,
1056 2015 1208 2075 oriuntur:
1240 2027 1273 2072 ut

58 2107 159 2172 infinita
177 2114 275 2174 iubis
293 2117 331 2184 sit
356 2116 467 2196 ingenii
487 2115 608 2175 humani
635 2116 811 2196 progressio,
836 2130 979 2196 quatenus
1012 2113 1130 2192 quidem
1159 2112 1191 2171 in
1219 2112 1275 2172 hac

57 2209 211 2272 conditione
237 2233 289 2272 sua
309 2212 444 2295 progredi
461 2225 563 2294 potest.
605 2212 685 2288 Quid
703 2211 815 2273 efficere
835 2215 982 2296 perhanc
1003 2211 1170 2274 methodum
1188 2208 1273 2268 home

57 2321 146 2382 queat,
165 2311 301 2390 augurari
318 2310 404 2370 nobis
422 2323 450 2370 et
468 2309 549 2370 haud
565 2311 628 2370 sine
642 2311 849 2391 probabilitate
864 2327 1029 2394 exspectare
1048 2310 1136 2384 licet,
1150 2307 1273 2369 definire

57 2420 106 2462 non
124 2405 208 2485 lieet;
231 2421 424 2479 veruntamen
442 2407 585 2468 naturalis
612 2409 815 2492 philosophia,
836 2432 909 2489 quae
928 2409 1015 2472 bodie
1043 2409 1102 2469 und
1126 2408 1180 2468 hac
1206 2425 1275 2466 anae

59 2496 135 2578 lyticl
151 2507 263 2566 ratione
282 2519 439 2582 tractatur,
459 2521 529 2586 quot
548 2523 725 2587 quantosque
744 2509 815 2570 inde
834 2511 950 2569 fructus
971 2522 999 2567 et
1021 2509 1085 2590 ipsa
1111 2506 1274 2588 perceperit

59 2609 82 2655 tt
97 2605 184 2679 generi
202 2605 333 2676 humano
349 2605 553 2686 percipiendos
570 2605 754 2686 praebuerit,
782 2608 906 2666 scimus:
933 2607 1091 2685 eademque
1116 2619 1145 2664 et
1174 2622 1274 2664 exem-

61 2694 127 2772 plum
142 2703 225 2764 uobis
245 2717 304 2778 est,
325 2702 403 2782 quod
423 2704 514 2764 secuti
533 2703 721 2763 theoreticam
742 2706 963 2784 universamque
982 2703 1198 2786 philosophiam
1214 2715 1271 2762 tra·

62 2805 163 2876 eltuto,
183 2815 213 2862 et
230 2819 302 2862 vero
321 2800 545 2877 documentum,
566 2821 638 2880 quos
655 2816 834 2883 quantosque
860 2804 893 2863 in
917 2803 971 2863 hac
1000 2804 1086 2863 etiam
1107 2821 1272 2883 progressus

61 2887 270 2975 simulacrum,
292 2900 335 2975 si,
356 2902 462 2978 rejecto
484 2913 669 2980 systematum
687 2901 906 2964 condendorum
926 2901 1068 2976 consilio,
1088 2921 1189 2964 rerum
1207 2921 1272 2959 cer·

53 2991 139 3052 nendo
161 2999 249 3058 unioe
272 2999 501 3078 jungendoque,
530 2999 642 3075 idest,
669 2999 816 3080 analytica
836 3015 864 3060 et
883 3021 949 3062 vere
976 2999 1150 3081 philosophi
1173 2999 1270 3080 inqui·

57 3088 129 3148 rendi
143 3097 274 3171 ratione,
294 3097 405 3176 assequi
433 3093 606 3158 studeamus.
649 3097 708 3158 Sed
734 3097 880 3178 quidquid
898 3098 952 3158 hac
971 3100 1004 3156 in
1031 3119 1061 3158 re
1080 3099 1142 3160 sire
1161 3098 1269 3156 factum

57 3180 106 3242 sive
125 3191 285 3272 neglectum
305 3208 347 3254 est
367 3194 481 3271 adhuc,
503 3194 594 3274 hujus
621 3196 753 3256 effectum
780 3197 909 3256 methodi
938 3195 1115 3278 praestantii
1135 3207 1196 3270 est,
1218 3208 1250 3254 ut
1261 3241 1270 3272 ,

57 3297 110 3340 tum
127 3289 206 3349 multi
223 3292 394 3374 philosophi
412 3293 586 3354 Socraticam
603 3294 789 3370 methodum,
809 3317 882 3375 quae
904 3295 1021 3378 proprie
1039 3295 1096 3370 sit,
1118 3295 1271 3374 ignorent,

58 3395 234 3467 rerumque
254 3390 306 3450 alii
324 3391 530 3472 syllogisticam
548 3392 776 3470 Aristotelicum,
799 3415 896 3454 omnes
916 3408 1013 3454 tamen
1039 3393 1181 3454 cernendi
1197 3393 1272 3472 juu-

57 3477 182 3582 trudique
209 3502 320 3565 artem,
341 3489 518 3570 analyticam
536 3493 724 3566 rationemet
743 3493 868 3574 probent
887 3493 1085 3572 laudentque,
1114 3492 1194 3550 etin
1213 3492 1271 3572 pri·

57 3587 100 3632 turs
117 3576 147 3636 in
163 3587 242 3645 omui
258 3586 457 3650 doctrinarum
476 3609 579 3670 genere
599 3589 795 3670 usurpandam
811 3591 1025 3650 commendent.

59 3762 63 3773 ἱ
87 3671 139 3735 Sed
153 3680 246 3742 adbuc
267 3683 397 3746 diximus
416 3687 453 3746 de
473 3688 653 3768 singularum
673 3701 776 3748 natura
794 3709 902 3768 rmuque
921 3688 1138 3762 methodorum,
1150 3708 1273 3767 quarum

57 3783 204 3840 luveutores
221 3780 406 3846 celebrantur
429 3785 671 3868 philosophorum
696 3789 825 3848 omnium
853 3789 1002 3848 triumviri
1032 3785 1271 3862 celebratissimi,

56 3858 182 3952 Sectam,
201 3881 301 3958 Plato,
322 3884 498 3945 Aristoteles.
535 3887 576 3946 Ut
595 3888 746 3968 proprium
767 3885 925 3966 aliquando
945 3886 1112 3946 Platonicae
1131 3885 1272 3946 dialecti-

57 3977 98 4064 ᾖδε
115 3971 316 4040 characterom
335 4003 533 4063 assequamur,
554 4005 616 4044 non
636 3983 844 4066 distinguenda
863 3985 933 4049 baec
953 3997 1067 4044 tantum
1086 3984 1124 4043 ab
1150 3985 1273 4045 aliorum

59 4071 171 4130 tutantis
190 4091 247 4153 est,
268 4080 319 4140 sed
338 4080 487 4140 attendere
506 4082 580 4161 item¹
589 4082 692 4158 decet,
712 4104 769 4162 quo
789 4084 870 4142 modo
890 4103 1003 4162 quoque
1019 4089 1170 4161 proposito
1192 4104 1273 4142 usur·

22 4207 25 4214 ·
59 4164 156 4267 ratem
182 4191 241 4236 eam
266 4178 357 4240 Plato.
398 4179 560 4261 Utrumque
588 4201 622 4240 eo
651 4181 767 4242 facilius
797 4202 997 4261 assequemur,
1024 4204 1082 4262 quo
1109 4182 1215 4242 rectius
1235 4177 1273 4240 ab

63 4253 207 4330 Aristotelis
225 4278 444 4358 posteriorisque
465 4281 566 4340 aetatis
584 4281 699 4361 analysi
719 4280 897 4341 Platonicam
916 4279 1145 4345 distinxerimus.
1336 4341 1344 4358 ‚

96 4354 162 4468 Ellm
179 4368 209 4429 in
227 4375 342 4435 modum
362 4377 440 4458 apud
459 4379 640 4441 Aristotelem
659 4379 788 4458 aliosque
807 4378 878 4438 baec
895 4377 1029 4461 procedit
1046 4377 1188 4439 cernendi
1201 4379 1271 4455 jum
1369 4409 1371 4422 ·

59 4455 183 4540 trudique
209 4473 376 4551 methodus,
407 4491 440 4536 ut
470 4477 571 4538 doceat
598 4478 717 4538 lectores
745 4479 873 4554 auctir,
899 4479 933 4538 in
960 4499 1031 4557 quas
1064 4491 1159 4558 partos
1187 4475 1269 4538 divi-
