2832 5120
657 201 791 266 183'

90 363 141 433 iim
169 360 301 451 periodon
332 361 366 429 rei
397 360 514 440 calerno
540 359 677 448 rimarer,
706 361 777 430 etot
800 364 961 448 perceptio
989 369 1041 449 τῆς
1068 368 1122 434 τοῦ
1144 368 1294 448 βελτίστου

88 464 201 550 φύσεως·
227 461 347 550 ἄριστον
372 462 430 548 pia
458 469 529 534 πᾶσι
550 468 598 533 καὶ
619 463 726 543 adauae
747 462 781 529 ri
803 461 848 548 μή
870 463 1021 548 γενέσθαι·
1044 465 1078 535 td
1098 466 1199 548 μέντοι
1220 467 1294 549 petrei

85 573 160 633 τοῦτο
183 570 229 632 ani
254 564 290 632 cd
318 571 436 650 πρῶτον
462 572 523 632 τῶν
550 565 647 640 ἄλλων
674 564 811 644 deuotio,
844 565 978 653 δεύτερον
1000 568 1048 647 δὲ,
1071 567 1105 634 td
1126 570 1295 653 γενομένους

84 671 229 736 ἀποθανεῖν
258 667 299 746 ὠς
328 667 463 754 τάχιστα.
495 673 597 754 Δῆλον
629 667 680 740 ode
713 667 754 770 cic
792 667 882 755 οὔσης
913 672 1075 756 κρείττονος
1103 674 1176 767 τῆς,
1191 674 1222 738 ἐν
1252 679 1296 763 τῷ

83 776 209 839 τεθνᾶναι
249 776 398 857 διαγωγῆς
434 770 453 857 ἢ
492 775 547 858 τῆς
579 775 624 838 ἐν,
640 777 685 861 τῷ
716 775 795 862 ζῇν,
828 769 922 850 οὕτως
958 771 1137 863 dneepppraro·
1172 788 1294 858 itaque,

81 887 328 956 praestantissime
353 887 485 936 omnium
508 891 538 937 et
565 882 752 954 beatissime,
783 882 980 952 aum.felices
1005 902 1156 942 censemus
1180 889 1294 966 esseket

82 981 182 1052 lectos,
211 985 265 1056 qui
291 985 357 1034 cita
384 979 440 1036 leae
465 980 604 1056 defuncti
629 989 718 1053 sunt,
751 989 818 1036 tum
837 982 925 1054 nefas
938 989 1102 1056 putamus,
1132 985 1292 1060 qeq’oquom
1319 997 1323 1003 ’
1406 970 1409 982 ’

79 1078 108 1134 de
128 1085 165 1142 iio
181 1079 267 1152 falso
291 1085 347 1132 aut
371 1076 578 1146 contumeliose
603 1079 723 1145 dicere.-
754 1086 861 1157 quippe
887 1087 940 1156 qui
961 1079 1094 1137 melioris
1108 1084 1180 1154 jan
1197 1097 1290 1152 proe-

78 1183 279 1252 stanticriepsre
296 1184 429 1232 naturae
440 1178 528 1250 facti
547 1182 611 1234 sint
629 1185 782 1252 compotes.
805 1175 906 1254 Atque
924 1178 995 1234 leaeo
1014 1186 1119 1237 reostra
1138 1181 1288 1234 sententia

77 1283 116 1332 ita
139 1283 252 1332 vetusta
281 1284 344 1348 eet,
374 1284 410 1330 ut
436 1281 503 1348 ejus
530 1283 560 1331 et
588 1281 714 1332 initiam
748 1284 778 1331 et
805 1284 913 1333 auctor
935 1296 1062 1352 prorsus
1089 1282 1287 1354 ignorentur,

75 1372 119 1428 sed
140 1374 173 1428 ab
198 1373 325 1448 infinita
348 1393 439 1449 usque
467 1379 651 1430 aeternitate
684 1380 873 1432 continenter
901 1394 935 1430 ea
964 1379 1008 1432 sio
1037 1381 1081 1430 est
1104 1380 1286 1449 propagato.

75 1468 119 1528 Ad
144 1471 212 1528 hoec
234 1471 333 1544 eides,
365 1478 398 1527 in
423 1492 472 1528 ore
495 1471 664 1530 hominibus
688 1493 748 1530 esse
781 1474 916 1530 omnihus
936 1478 1008 1547 jam
1036 1471 1106 1530 inde
1134 1491 1152 1526 a
1180 1470 1286 1528 multis
1323 1545 1326 1556 s

74 1577 155 1626 annis
180 1576 292 1628 tritum
320 1570 408 1628 illud.
461 1567 638 1648 Quodnam?
669 1577 803 1648 inquam.
846 1569 905 1628 Ille
935 1591 1020 1643 cero,
1050 1568 1126 1646 quod
1150 1575 1283 1629 omnium

73 1675 222 1742 optimum,
243 1674 360 1744 inquit,
380 1677 444 1741 est,
466 1689 524 1726 non
543 1675 649 1725 nasei:
666 1678 808 1744 praestat
828 1678 929 1726 autem
946 1674 1024 1726 mori
1032 1712 1040 1740 ,
1062 1687 1152 1744 quam
1170 1673 1283 1722 eicere:

72 1772 184 1843 ejusque
197 1763 248 1822 ¹rei
265 1767 372 1824 multis
390 1775 463 1824 sunt
480 1765 630 1824 divinitus
640 1768 795 1843 perhibita
814 1773 994 1825 testimonia.
1026 1751 1126 1842 Atque
1143 1765 1200 1822 teuc
1214 1784 1283 1840 per·

71 1870 158 1938 tinet,
186 1865 262 1941 quod
285 1873 458 1938 narratur,
491 1863 628 1931 »Silenum
656 1885 674 1921 a
698 1865 782 1923 Mida
800 1873 857 1922 isto
875 1875 1014 1940 coptum,
1044 1874 1074 1920 et
1092 1883 1110 1918 a
1128 1869 1283 1920 venatione

69 1969 94 2018 oi
111 1969 296 2035 sciscitanti,
317 1963 461 2039 quidnam
481 1971 626 2040 optimum
645 1963 764 2022 homini
781 1970 966 2039 martineque
984 1961 1178 2036 expetendum
1194 1969 1282 2034 esset,

65 2067 211 2136 principio
234 2062 410 2136 respondere
430 2062 559 2119 noluisse
579 2083 731 2140 vocemque
750 2067 971 2137 compressisse:
1003 2059 1122 2116 tandem
1142 2079 1210 2116 aunt
1231 2078 1281 2114 ar·

67 2159 150 2236 gendi
159 2187 177 2231 ,·
196 2169 232 2215 ut
248 2159 368 2235 aliquid
383 2159 514 2232 diceret,
541 2160 635 2232 finem
654 2161 773 2216 nullum
793 2159 879 2216 Mida
890 2160 1029 2232 secaret,
1060 2163 1094 2214 in
1113 2157 1184 2214 leaeo
1203 2163 1281 2214 inei·

69 2265 126 2313 tane
152 2265 284 2334 erupisse
310 2259 418 2314 aerbo:
451 2257 657 2344 eAerumnosi
678 2265 765 2339 genii
795 2267 825 2314 et
849 2255 985 2334 difficilis
1013 2257 1165 2329 santanae
1183 2275 1279 2316 semen

69 2361 96 2410 in
126 2356 202 2413 diem
233 2355 369 2428 durans,
396 2375 490 2432 quare
511 2377 557 2412 mc
585 2363 692 2435 cogitis
714 2376 755 2412 ea
782 2355 860 2426 eolis
879 2355 999 2427 dicere,
1026 2374 1101 2430 quae
1129 2354 1206 2411 colis
1234 2373 1281 2409 ne·

67 2460 137 2510 seire
154 2463 222 2510 erat
238 2452 372 2513 maline?
392 2453 525 2510 Monimo
542 2461 627 2510 onim
639 2452 885 2512 cocantesdolore
906 2458 1012 2510 vivunt
1021 2494 1031 2525 ‚
1051 2459 1104 2529 qui
1123 2472 1179 2508 sua
1197 2457 1281 2529 irno-

67 2560 133 2610 ront
157 2553 247 2611 malo.
289 2551 468 2610 Hominibus
493 2559 593 2610 autem
617 2559 734 2610 omnino
751 2558 894 2626 optimum
914 2559 976 2623 est,
1006 2572 1064 2608 non
1084 2556 1170 2610 nasei
1189 2571 1281 2626 neque
1379 2627 1383 2634 1

62 2657 236 2727 participem
245 2651 326 2726 fieri
341 2657 579 2726 praestantioris
599 2660 729 2706 naturae
739 2668 753 2718 ,·
784 2657 929 2724 optimum
948 2655 1028 2706 enim
1047 2649 1181 2710 omnihus
1201 2655 1280 2704 utri·

65 2768 149 2826 usque
174 2769 262 2807 secus
289 2749 458 2806 hominibus
482 2749 532 2806 hoo
558 2757 616 2805 est:
641 2753 815 2832 prouinciam
842 2746 930 2819 hnic,
960 2755 991 2804 et
1014 2753 1098 2806 inter
1122 2766 1174 2818 ea,
1206 2735 1280 2822 puae

1 2921 2 2926 Ἰ
64 2855 193 2924 conseque¹
212 2847 295 2904 homo
310 2853 425 2923 possit,
447 2854 584 2923 primum
600 2853 662 2918 est,
693 2865 783 2921 qnam
802 2833 958 2902 celerrime
981 2851 1089 2902 mori.»
1135 2844 1279 2918 Manifes-
1380 2902 1381 2906 ,

1 3023 2 3026 ¹
64 2953 120 3002 tum
138 2965 205 3004 aero
226 2955 271 3003 eet
279 2989 287 3018 ,
309 2953 353 3003 eic
370 2967 437 3007 eum
450 2949 681 3022 pronunciasse,
703 2944 780 3022 quod
793 2945 900 3014 melion
913 2949 954 3000 sit
967 2951 1168 3015 mortuorum,
1191 2964 1279 3019 quam

63 3050 206 3117 atomum,
228 3043 368 3104 conditio.
393 3041 423 3124 1)

97 3143 136 3202 Ut
154 3162 223 3202 vero
248 3141 398 3220 perierunt
427 3138 509 3203 uobis
534 3137 592 3198 fere
611 3138 773 3204 Aristotelis
793 3138 917 3220 dialogi,
943 3141 982 3202 ita
1009 3152 1182 3219 supersunt,
1211 3158 1281 3215 quos
1309 3203 1311 3206 ,

62 3253 119 3320 apte
140 3260 204 3300 cum
222 3238 378 3299 Platonim's
397 3257 608 3318 comparemus,
630 3236 738 3315 dialogi
757 3236 917 3304 Lucianei.
969 3238 1100 3317 Cognovi
1128 3234 1283 3314 equidem,

61 3338 105 3414 qui
123 3353 307 3415 umerumque
327 3336 442 3396 nullum
464 3354 634 3415 magnopere
655 3333 812 3402 discrimen
831 3338 1064 3418 suspicarentur,
1094 3346 1143 3392 aut
1154 3377 1162 3406 ,
1183 3335 1206 3392 si
1232 3332 1281 3392 vel

62 3437 174 3495 maxime
201 3435 432 3515 suspicarentur,
447 3431 537 3511 quale
567 3431 645 3498 illud
672 3447 761 3506 asset,
787 3434 866 3494 haud
896 3435 1102 3515 perspicerent.
1145 3431 1196 3492 Et'
1213 3453 1282 3511 pro-

61 3531 127 3592 fecto
144 3547 212 3592 suut
231 3533 300 3592 item
318 3531 369 3605 hi,
390 3545 422 3589 ut
439 3531 603 3604 Platonici,
624 3551 684 3590 nou
711 3521 941 3611 colloquia,'sed
960 3532 1102 3592 dramata:
1124 3545 1193 3590 suut
1213 3533 1283 3588 item
1345 3549 1348 3564 ¹

61 3628 268 3711 philosophiae,
296 3649 367 3709 quae
396 3623 764 3732 veritatem'viput‘emque
794 3645 920 3710 spectat,
951 3631 1051 3711 pleni,
1075 3642 1103 3688 et
1130 3628 1283 3706 quamvis,

62 3728 131 3804 quod
149 3731 301 3801 miremur,
321 3727 382 3807 ipse
402 3727 435 3786 in
453 3726 489 3792 iis
508 3727 668 3806 exagitetur
686 3726 833 3803 Socratis,
855 3727 886 3808 2)
905 3728 985 3808 haud
1013 3727 1092 3786 deest
1117 3740 1216 3786 tamen
1244 3727 1280 3784 iis

62 3823 145 3886 ironia
162 3826 304 3888 Socratica
331 3846 396 3886 cum
423 3825 535 3886 Atticae
561 3824 701 3886 dictionis
720 3825 965 3908 humanitatisque
993 3827 1083 3906 gratia
1111 3825 1276 3902 conjuncta.

89 4131 113 4198 1)
130 4137 198 4191 Plus:
211 4131 336 4212 Παραμ.
357 4122 434 4211 apic
455 4123 568 4190 Ἀπολλ.
594 4135 666 4206 (Opp.
684 4138 703 4191 Ι.
721 4138 746 4191 2.
764 4138 822 4191 453.
842 4139 928 4207 Wyttl

90 4222 113 4288 ²)
129 4230 195 4283 otas.
212 4241 282 4298 mort.
299 4232 329 4283 X.
354 4231 394 4284 De
415 4239 573 4286 mortuorum
597 4231 717 4300 dialogis.
732 4231 774 4284 hia
796 4233 894 4300 agimus
919 4234 1010 4286 solum.
1046 4232 1108 4286 Nem
1130 4239 1230 4284 exstant
1248 4231 1272 4280 in

63 4307 110 4372 elul
139 4319 264 4386 scriptis,
296 4333 403 4386 quarm
431 4316 514 4370 forma
540 4318 617 4386 plane
642 4335 673 4368 ex
698 4317 805 4368 Platane
830 4317 906 4369 ducta
931 4327 984 4381 est,
1007 4336 1030 4369 v.
1061 4337 1083 4370 a.
1107 4317 1271 4368 liemostirenis

63 4400 188 4452 mmmm
