2832 5120
743 245 800 304 188

485 313 500 342 0
1019 321 1025 346 Ι

159 405 282 466 formula
299 403 459 480 doctrinae,
480 427 496 463 e
515 405 596 464 coelo
613 404 766 466 devocavit
779 402 1011 487 philosophiam,
1030 417 1058 462 et
1078 405 1110 462 in
1127 404 1212 463 urbes
1227 404 1352 482 domosque

148 492 297 577 'induxit,
317 517 344 562 et
373 504 463 582 coligit
490 502 526 562 de
556 502 615 562 vita
642 517 669 562 et
693 504 819 563 moribus
845 503 944 582 loqui,
965 501 1040 560 hanc
1062 523 1121 562 non
1148 503 1236 582 magis
1261 523 1293 561 ex
1316 500 1352 560 tali

159 600 328 680 compendio
353 620 601 680 cognosceremus,
622 622 707 679 quam
735 623 814 661 nunc
840 601 1036 681 cognoscimus
1066 619 1102 657 ex
1128 599 1261 659 historiae
1278 599 1353 682 philo-

159 698 290 777 sophicae
320 698 516 777 scriptoribus.
557 696 720 778 Xenophon
753 720 821 759 vero
846 721 897 780 per
923 719 1065 757 sermones
1085 697 1150 756 illos
1180 699 1272 778 ipsum
1292 695 1353 755 nobis

159 795 301 855 Socratem
318 797 398 873 quasi
415 797 563 857 viventem
581 797 792 876 spirantemque
805 798 954 878 proposuit
972 811 1000 855 et
1011 817 1123 878 'novam
1138 795 1220 856 illam
1238 797 1353 854 rationem

159 916 218 953 non
246 908 437 974 exponentem
465 894 627 968 subtiliter,
649 894 698 955 sed
722 895 904 974 quaerendo,
926 909 957 954 ut
977 895 1105 968 solebat,
1126 893 1288 975 arguendo,
1306 915 1352 951 no·

160 990 278 1065 nendo,
299 990 441 1050 hortando
468 1005 660 1073 usurpantem.
707 993 754 1052 Sic
782 993 850 1052 item
878 994 972 1069 Plato,
1005 992 1055 1053 scd
1083 993 1130 1051 hic
1160 1013 1225 1050 eum
1252 991 1354 1050 Socratis

161 1090 305 1167 colloquia
332 1111 391 1148 non
419 1089 542 1149 traderet
568 1104 680 1151 tantum
705 1091 880 1166 scribendo,
910 1090 984 1165 sed,
1011 1104 1042 1149 ut
1070 1089 1220 1150 dramatici
1249 1088 1356 1148 solebant
1407 1071 1408 1080 ἵ

160 1203 276 1268 poetae,
297 1187 473 1247 dramatibus
490 1191 678 1270 exprimeret,
698 1191 813 1272 plenius
841 1188 926 1248 nobis
953 1204 981 1248 et
1005 1188 1148 1248 Socratem
1172 1202 1200 1247 et
1219 1186 1356 1246 Socraticae

160 1285 403 1366 philosophiae
376 1307 435 1346 vrm
452 1301 480 1345 et
500 1287 656 1347 ubertatem
675 1288 915 1370 wepiaesentavit:
937 1287 1071 1366 idemque
1091 1307 1156 1345 cum
1184 1285 1237 1345 sub
1259 1281 1359 1343 Socratis

161 1403 283 1494 persona
298 1404 377 1442 suam
397 1385 486 1465 ipsius
504 1385 714 1467 philosophiam
738 1408 804 1446 curn
824 1385 980 1446 lectoribus
1000 1385 1209 1444 communicare
1211 1382 1359 1450 studeret

161 1482 222 1563 ipse
242 1481 404 1559 loqueretur
424 1481 494 1541 adeo
513 1504 579 1542 cum
596 1486 689 1544 omnis
706 1485 817 1565 generis
836 1483 1022 1558 bominibus,
1043 1503 1131 1561 quum
1146 1481 1289 1541 Socratem
1306 1479 1360 1536 lace·

162 1593 204 1638 ret
224 1579 405 1658 loquentem,
426 1580 609 1657 factumest,
632 1596 663 1641 ut
681 1584 833 1641 scribendo
851 1580 977 1640 efficeret
995 1583 1028 1641 in
1050 1581 1205 1654 lectorum,
1226 1576 1303 1657 qnod
1318 1595 1361 1634 ser·

164 1680 297 1736 monibus
316 1677 367 1736 ille
387 1679 419 1737 in
438 1678 601 1739 auditorum
618 1682 723 1740 animis
741 1682 885 1754 effecerat,
906 1663 1052 1739 scriberet
1071 1677 1178 1758 plane,
1199 1675 1275 1755 qnod
1290 1673 1363 1744 dixit,
1405 1735 1406 1748 ,

162 1776 198 1834 in
217 1783 328 1834 animia
347 1777 517 1852 hominnm,
538 1799 590 1838 nec
613 1781 806 1858 praesentium
828 1790 941 1837 tantum
960 1790 988 1836 et
1008 1775 1191 1855 aequalium,
1221 1774 1270 1836 sed
1290 1786 1364 1856 poste-

162 1859 257 1952 rorum
285 1875 421 1948 omnino,
451 1874 537 1952 hujus
556 1876 627 1936 adeo
646 1877 746 1936 aetatis
768 1890 879 1935 nostrae
903 1875 1062 1936 hominum.
1104 1875 1182 1933 Haec
1202 1873 1291 1948 ratio,
1311 1872 1364 1930 haec
1407 1907 1408 1918 ι

164 1973 208 2031 vis
229 1984 257 2030 et
277 1970 446 2046 efficacitas,
467 1973 536 2032 haec
564 1975 597 2034 in
626 1977 726 2056 primis
752 1985 867 2032 natura
891 1989 932 2033 est
956 1957 1135 2054 dialogorum
1153 1971 1364 2032 Platonicorum:

162 2083 189 2127 et
209 2091 276 2129 vero
297 2069 421 2150 legentes
439 2091 485 2130 eos
504 2094 564 2131 non
585 2073 718 2134 videmur
736 2073 820 2134 nobis
840 2087 951 2134 tantum
970 2073 1040 2152 ipsis
1059 2055 1184 2130 Socratis
1203 2066 1365 2131 sermonibus

161 2169 314 2242 interesse,
336 2168 403 2243 sed,
424 2171 474 2255 qui
503 2171 604 2251 optimi
633 2147 771 2251 cujusque
797 2170 934 2231 dramatis
958 2168 1163 2229 saluberrimus
1183 2167 1297 2226 effectus
1320 2177 1366 2234 est,

162 2265 221 2325 vim
249 2266 281 2324 in
310 2287 360 2325 nos
389 2266 497 2327 habent
525 2268 648 2329 Socratis
675 2269 771 2344 dicta,
792 2290 823 2327 ac
851 2270 876 2327 si
896 2291 947 2328 nos
970 2268 1007 2327 ab
1026 2289 1059 2326 eo
1077 2267 1181 2348 petitos
1209 2277 1365 2345 putaremus.

162 2361 309 2442 Sophistae
340 2385 410 2423 num
432 2364 478 2424 his
504 2366 667 2446 legendis
659 2369 777 2448 ingenio
803 2367 954 2445 animoque
978 2364 1124 2425 emendati
1153 2363 1231 2436 sint,
1262 2361 1366 2420 dubito:

163 2481 229 2518 nam
249 2460 302 2519 hoc
315 2482 411 2542 genus
430 2463 579 2524 hominum
596 2479 712 2547 propter
731 2463 940 2566 praejudicatas
959 2463 1110 2544 opiniones
1127 2461 1206 2520 omni
1225 2473 1313 2519 aetate
1334 2458 1366 2514 in

162 2559 291 2618 sanabile
321 2560 452 2620 habitum
481 2577 540 2639 est,
568 2561 617 2622 'sed
647 2565 712 2642 quis
740 2583 866 2642 unquam
891 2581 1041 2642 generosae
1070 2559 1179 2618 indolis
1199 2557 1367 2627 adolescens,

161 2657 321 2717 Phaedrum
340 2660 437 2739 legens
459 2660 507 2721 vel
528 2660 732 2735 Theaetetum,
754 2681 813 2720 non
842 2663 903 2741 ipse
931 2659 1045 2720 sibimet
1074 2659 1153 2719 visus
1179 2671 1222 2716 est
1237 2653 1368 2715 Phaedrus

162 2775 219 2814 esse
241 2755 346 2837 aliquis
370 2772 419 2817 aut
434 2759 624 2834 Theaetetus,
653 2774 698 2834 et,
724 2707 844 2818 illorum
861 2760 971 2833 instar,
992 2779 1008 2815 a
1026 2755 1150 2816 Socratis
1171 2775 1219 2814 ore
1239 2751 1369 2834 pendere,

161 2856 311 2932 animoque
329 2856 483 2918 recondere
512 2878 583 2935 quae
611 2859 782 2938 acceperat?
804 2857 876 2931 Quis
906 2876 1030 2934 unquam
1059 2873 1166 2928 senex,
1188 2853 1238 2930 qui
1263 2848 1369 2930 juvenis

162 2944 231 3034 legit
257 2955 423 3030 Platonem,
444 2957 476 3015 in
503 2957 565 3036 ipsa
592 2970 737 3016 senectute
764 2977 825 3014 non
844 2953 990 3014 confessus
1009 2967 1068 3026 est,
1090 2952 1144 3010 hac
1165 2971 1194 3009 se
1215 2949 1248 3009 in
1275 2947 1367 3029 primis

160 3051 300 3128 lectione,
321 3068 437 3134 propter
457 3068 484 3115 et
502 3053 638 3113 dramatis
656 3068 684 3112 et
704 3053 862 3114 Socraticae
887 3051 1037 3114 suavitatis
1063 3050 1141 3124 vim,
1165 3068 1305 3112 unacum
1325 3044 1369 3104 Se-

161 3150 268 3230 phistis·
279 3151 462 3232 sophisticam
480 3171 592 3210 omnem
620 3153 764 3227 aversari,
787 3172 867 3214 veros
892 3148 1078 3231 philosophos
1098 3167 1192 3208 amare
1220 3142 1369 3205 didicisse?

162 3248 288 3329 Dialogis
306 3248 466 3308 scribendis
485 3248 565 3309 Plato
585 3248 663 3309 idem
682 3251 739 3330 egit
761 3250 868 3331 plane,
889 3246 967 3327 quod
993 3247 1053 3328 ipse
1082 3244 1118 3304 de
1143 3243 1276 3324 agricolis
1294 3240 1370 3302 dixit.

162 3346 226 3406 Non
248 3346 355 3406 librum
379 3346 491 3424 edidit,
511 3368 567 3426 quo
577 3394 586 3422 ,
606 3361 742 3426 tanquam
770 3339 810 3408 ιιι
831 3345 974 3406 Adonidis
1000 3343 1116 3404 hortulo
1136 3340 1278 3421 quodam,
1297 3339 1372 3399 arctis

137 3525 138 3530 ἵ
163 3443 288 3520 finibus,
301 3447 471 3526 sapientiam
489 3445 603 3505 seilicet,
618 3467 698 3506 suam
708 3491 716 3521 ,
738 3459 770 3506 ut
788 3446 901 3505 faciunt
919 3455 1103 3524 systematum
1122 3453 1268 3515 auctores,
1289 3437 1369 3498 inclu-

162 3542 258 3621 deret,
280 3543 330 3603 sed
360 3557 390 3602 ut
414 3545 495 3624 gnari
520 3543 613 3603 solent
641 3543 802 3624 agricolae,
823 3541 974 3605 Socraticis
1003 3537 1165 3600 scribendis
1187 3536 1371 3606 sermonibus,

162 3642 248 3723 plane
275 3657 307 3704 ut
332 3643 393 3724 ipse
418 3642 563 3716 Socrates,
585 3643 693 3701 semina
722 3640 825 3722 sparsit
845 3640 881 3718 jn
911 3638 1079 3714 hominum,
1100 3636 1264 3722 praesertim
1287 3632 1370 3695 adole·

161 3755 289 3800 scentum
317 3742 453 3821 ingenia,
479 3760 552 3819 quae
578 3761 631 3820 pro
659 3741 842 3824 ingeniorum
866 3752 1082 3819 temporumque
1107 3735 1263 3808 varietate,
1288 3731 1372 3792 varios
1407 3787 1408 3838 ,

162 3840 239 3898 omni
259 3860 328 3900 aevo
339 3885 346 3914 ,
368 3838 419 3898 sed
438 3839 559 3919 optimos
579 3838 690 3898 lructns
709 3837 880 3924 proicerent.
907 3834 942 3895 ld
962 3836 1033 3894 fecit
1051 3833 1152 3908 Plato,
1173 3845 1201 3892 et
1220 3832 1307 3892 facere
1323 3829 1371 3888 hac
1407 3839 1408 3854 ¹

161 3936 309 3998 scribendi
330 3938 420 3996 forma
439 3937 552 4018 potuit,
573 3936 631 3996 alit
651 3936 820 4018 usurpanda
840 3957 899 3996 non
918 3935 1065 4016 potuisset.

122 4087 124 4092 .
202 4035 259 4094 Sed
285 4034 362 4094 illud
391 4033 651 4095 animadvertemus
690 4037 768 4094 item.
811 4035 850 4094 Ut
879 4031 1081 4115 Xenophontis
1103 4026 1316 4099 Memorabilia,
1336 4025 1370 4081 ita

160 4134 265 4214 scripta
284 4133 412 4193 Platonis
430 4155 489 4192 non
516 4133 585 4192 attis
605 4133 754 4212 cujusdam
771 4147 825 4198 ¹aiu
844 4132 996 4192 doctrinae
1005 4175 1014 4203 ,
1035 4149 1096 4188 non
1114 4122 1274 4208 argumenti
1290 4139 1371 4202 pecu·

161 4230 242 4292 liaris
267 4231 492 4342 expositionem,
513 4230 564 4290 sed
591 4231 700 4291 fontem
728 4231 881 4314 continent
910 4231 1024 4310 ipsum,
1046 4225 1124 4286 unde
1144 4244 1242 4286 omncs
1266 4222 1371 4288 haurire

162 4345 289 4411 oportet,
310 4331 359 4410 qui
388 4351 482 4390 rerum
511 4331 660 4390 seientiam
680 4342 828 4415 appetunt.
870 4326 1076 4408 Exquiritur
1068 4347 1100 4386 ιιι
1129 4325 1278 4398 omnibus,
1304 4315 1371 4397 quid

72 4457 76 4464 ·
162 4429 246 4489 nobis
275 4431 398 4492 maxime
427 4429 572 4508 agendum
598 4429 748 4504 videatur,
775 4443 824 4504 ut,
845 4429 917 4519 quid
945 4449 1045 4489 verum
1074 4428 1130 4500 sit,
1160 4423 1232 4504 quid
1261 4421 1370 4486 salsum,
