2872 5122
748 274 805 333 110

160 442 238 503 nihil
266 441 352 500 hahet
381 433 571 496 difficultatis.
614 435 685 494 Nam
710 435 742 494 in
766 433 896 494 Phaedro
919 449 947 494 et
976 434 1143 515 ubicunque
1171 434 1294 494 Socrates
1317 437 1361 494 fere

159 543 237 602 solus
255 536 374 600 dicendi
394 534 481 593 habet
499 547 611 614 partes,
632 555 692 592 nou
712 533 852 606 dubium,
870 533 944 611 quin
963 532 1017 592 sub
1034 534 1095 610 ejus
1114 555 1233 614 persona
1253 533 1362 612 loquatur

160 640 250 699 Plato.
292 635 349 696 Sed
369 633 401 692 in
420 632 569 712 Symposio
587 631 637 708 qui
657 630 761 690 dicunt
787 631 823 691 de
847 651 941 707 amore
952 675 960 705 ,
981 652 997 688 e
1017 652 1066 690 sua
1086 633 1193 712 quique
1219 632 1265 691 vel
1284 631 1363 691 indole

161 737 209 796 vel
237 749 295 794 arte
321 731 369 793 rel
392 730 524 790 doctrina
548 729 661 790 dieunt.
709 727 899 804 Quamobrem
923 728 1085 788 cavendum
1108 731 1173 809 quis
1196 743 1321 804 censeat,
1337 751 1363 788 ne

161 855 233 914 quae
252 833 299 892 illi
318 830 489 911 proferunt,
509 829 579 887 haee
600 849 659 888 esse
677 827 805 897 Platonis
829 826 1040 886 existimemus:
1063 849 1122 887 non
1142 830 1239 888 minus
1258 831 1328 888 enim
1342 828 1366 886 id
1417 833 1419 866 ³

61 951 63 956 ‘
161 933 316 992 absurdum
338 930 419 1002 fore,
441 948 525 1005 quarn
541 928 564 984 si
579 928 643 1006 quis
657 927 764 1006 tragico
781 924 922 984 tribueret
939 930 1053 1005 poetae,
1072 947 1256 1006 quascunque
1274 928 1303 986 iu
1321 928 1367 984 eius

160 1031 270 1092 fabulis
289 1027 439 1108 reperisset
457 1026 620 1084 sententias.
656 1027 733 1104 Age,
757 1037 787 1082 ut
799 1029 892 1104 'supra
912 1022 948 1082 de
963 1022 1106 1098 Phaedri,
1127 1027 1166 1084 ita
1184 1025 1233 1083 hle
1253 1024 1288 1086 de
1304 1024 1367 1104 Sym·
1413 1036 1417 1073 Ι

162 1128 235 1210 posii
255 1126 344 1184 sonna
363 1121 502 1224 nonnihil
520 1121 689 1199 adjiciamus
709 1120 976 1180 animadversionis.

1416 1217 1417 1272 l

417 1317 464 1376 De
487 1318 637 1398 Synapote'i
658 1317 813 1376 Platonici
824 1319 934 1392 formo
955 1329 984 1377 ot
1003 1328 1130 1379 rationo.

205 1514 419 1576 Sermones-illi
440 1535 455 1573 e
474 1513 684 1573 consuetudine
704 1513 854 1593 repetendi
875 1515 1099 1596 explicandique
1120 1517 1258 1577 videntur
1276 1522 1372 1574 cormi-

165 1639 238 1674 αααι
268 1615 478 1676 eorwioalium.
534 1609 620 1693 Apud
656 1610 836 1669 Athenaeum
865 1613 920 1670 tria
958 1633 1054 1671 eorum
1079 1634 1183 1693 genera
1219 1628 1372 1686 censentur,
1417 1611 1418 1670 j

165 1735 286 1794 quorum
305 1713 429 1795 primum
449 1724 508 1785 est,
528 1709 606 1790 quod
624 1730 721 1768 omnes
750 1707 894 1768 canebant
921 1709 1025 1786 simul,
1046 1712 1205 1772 secundum
1216 1759 1224 1788 ,
1244 1713 1320 1793 quod
1337 1711 1374 1770 sul

164 1814 271 1894 quique
291 1813 353 1872 vice
374 1809 500 1889 singuli,
520 1809 654 1881 tertium,
675 1805 753 1886 quod
772 1804 825 1865 soli
844 1807 986 1866 canebant
1005 1809 1174 1870 solertiores.
1216 1813 1375 1872 Postremum

91 1949 93 1956 =
165 1933 253 1993 genus
274 1931 306 1970 ea
325 1906 491 1969 continebat
508 1906 654 1980 carmina,
675 1925 748 1982 quae
769 1905 885 1985 proprie
905 1900 1006 1966 σκόλια
1036 1906 1184 1969 dicuntur.
1236 1910 1376 1970 Habebam

164 2018 217 2078 illa
235 2017 284 2078 vel
300 2013 471 2076 sententiam
491 2011 636 2090 quandam
656 2007 850 2090 praeclaram,
865 2008 920 2090 ‚vel
939 2011 1015 2071 vitae
1029 2028 1180 2095 praecepta
1189 2059 1198 2088 ,
1220 2015 1268 2075 vel
1282 2015 1376 2096 patriae

163 2113 313 2196 spirabant
341 2131 463 2170 amorem
492 2124 519 2168 et
545 2108 712 2189 tyrannidis
746 2108 862 2181 odium,
893 2109 935 2167 uti
964 2110 1220 2172 celebratissimum
1246 2113 1323 2172 illud
1353 2113 1377 2171 in

164 2212 353 2274 Harmodium
382 2223 411 2267 et
439 2209 669 2288 Aristogitonem.
711 2206 857 2284 Plerisque
876 2221 970 2266 autem
988 2210 1096 2294 talibus
1109 2211 1285 2272 carminibus
1315 2231 1378 2270 amor

164 2310 377 2372 celebrabatur:
398 2329 456 2386 quo
474 2306 674 2366 excelluerunt
698 2306 822 2362 maxime
844 2304 966 2365 Alcaeus
991 2322 1019 2366 et
1037 2315 1206 2384 Anacreon,
1228 2310 1307 2371 unde
1323 2309 1378 2369 Ari·
1421 2353 1422 2380 ,

96 2418 100 2425 “
165 2391 317 2491 stophanei
336 2408 369 2465 in
388 2405 538 2486 deperdita
558 2403 703 2464 comoedia
724 2401 929 2463 Δαιταλεῦσινε
1421 2383 1422 2460 l

268 2499 340 2591 ᾆσον
362 2497 401 2585 λη’
422 2525 474 2582 μοι
497 2497 610 2564 σκολιόν
631 2527 659 2564 τι
679 2499 779 2584 λαβιλν
798 2499 930 2567 Ἀλκαίου
954 2503 1002 2566 καὶ
1025 2500 1233 2588 Ἀνακρέοντος.
1258 2508 1287 2590 l)
1420 2509 1422 2546 ¹

165 2613 350 2685 Eustachius,
371 2603 465 2688 μυρία
485 2602 533 2680 δὲ,
555 2609 614 2684 ait,
636 2606 766 2667 τοιαῦται
779 2601 904 2693 (σκόλια)
926 2603 1142 2691 περιφέροντα·
1165 2605 1203 2671 τοὶ
1224 2607 1294 2689 μὲν,
1316 2631 1380 2670 ανον

164 2705 263 2773 nemci·
290 2698 328 2772 τοὶ
355 2705 403 2783 δὲ,
430 2703 507 2788 πρός
532 2703 662 2791 ἔρωτα·
689 2705 781 2770 πολλοὶ
809 2708 858 2785 δὲ,
880 2709 929 2771 καὶ
949 2710 1103 2772 σπουδαῖοι.
1126 2712 1157 2792 2)
1177 2715 1214 2773 In
1233 2715 1314 2772 seriis
1330 2711 1381 2771 illis

165 2811 376 2902 numerandum
404 2833 472 2892 prae
492 2813 609 2872 caeteris
627 2814 789 2876 Aristotelis
801 2814 973 2904 ‚seolionjn
993 2814 1155 2873 Virtutem:
1178 2811 1209 2894 3)
1238 2812 1316 2872 unde
1334 2812 1381 2868 Ηο·
1422 2867 1423 2874 ,

166 2913 308 2970 ratianum
333 2911 468 2970 ductum:
1422 2911 1423 2918 ’

470 3010 536 3068 Ηοι
557 3021 624 3068 arto
643 3007 756 3070 ¹Pollux
776 3021 806 3070 ot
824 3033 920 3092 vagus
937 3011 1084 3069 Herculea

470 3115 597 3204 ι’νινιιζνιιρ
618 3130 702 3168 orces
721 3116 839 3194 attigit·
851 3118 968 3191 igneae.

207 3207 285 3266 Haec
305 3228 369 3265 cum
389 3220 502 3286 recepta
522 3221 592 3266 esset
610 3208 643 3266 in
661 3208 806 3267 conviviis
825 3208 1018 3284 consuetudo,
1041 3207 1204 3289 Xenophon
1224 3210 1256 3267 in
1276 3205 1382 3287 Sympo-

169 3305 210 3364 sio
231 3305 369 3366 couvivas
387 3305 516 3364 dicentes
534 3305 604 3364 fecit
624 3327 689 3364 curn
710 3305 745 3364 de
761 3304 826 3364 aliis
844 3307 1035 3387 argumentis,
1051 3321 1112 3365 tum
1133 3307 1218 3365 etiam
1237 3305 1273 3365 de
1290 3323 1382 3363 amore.

169 3403 270 3462 Exstat
296 3403 328 3461 iu
356 3402 451 3462 scoliis
470 3403 572 3462 Atticis
592 3418 745 3464 venustum
763 3405 868 3464 hocce:

477 3494 623 3580 Ὑγιαίνειν
643 3498 699 3582 μὲν
720 3496 838 3584 ἄριστον
859 3497 945 3582 dodoi
965 3502 1083 3588 θνατῷ·

524 3598 659 3686 δεύτερον
680 3601 729 3679 δὲ,
750 3599 840 3666 καλόν
859 3600 940 3686 ’φυάν
958 3601 1109 3685 γενέσθαι·

575 3701 611 3766 ri
633 3704 731 3788 τρίτον
753 3704 801 3781 δὲ,
822 3707 954 3768 πλουτεῖν
975 3702 1106 3783 οἷδόλοις·

618 3808 666 3867 καλ
686 3804 723 3870 tri
744 3804 896 3891 τέταρτον,
918 3804 997 3894 ἠβᾷν

669 3907 743 3989 μεταλ
764 3910 825 3972 ταῖν
847 3910 948 3994 φίλων.
972 3914 1003 3997 la)

174 4105 422 4116 .----—-———-

208 4211 233 4275 α
251 4213 364 4280 oona.
378 4211 429 4262 xv.
448 4210 505 4262 eor.
523 4211 554 4263 a.
573 4212 602 4262 e.

207 4303 233 4368 a)
251 4305 385 4372 Αιοιριι.
403 4289 440 4376 η’.
455 4321 480 4371 p.
499 4303 556 4355 aar.
574 4305 631 4356 vu.
651 4305 797 4373 Schweigh.
816 4306 847 4357 aa
863 4307 949 4358 ραι,
968 4307 984 4357 r.
1002 4307 1019 4357 r.
1037 4325 1062 4373 p.
1074 4306 1152 4363 aes..

205 4396 234 4466 ill
253 4397 344 4449 Athen.
362 4397 420 4449 696.
435 4397 464 4448 Β.
484 4395 513 4448 G.

210 4483 234 4545 ll
253 4484 313 4534 Eod.
331 4481 390 4535 694.
409 4483 438 4534 E.
459 4481 497 4534 θλ
518 4482 590 4534 Plato
607 4483 678 4552 Gorg.
697 4483 754 4536 tet.
773 4485 802 4535 E.
