2872 5122
640 279 681 338 83
744 270 750 278 .

50 441 149 521 hospiti
170 487 203 496 -
223 413 308 520 cujus
334 440 387 500 suh
410 461 535 521 persona
551 441 615 521 ipse
635 441 714 521 loqui
735 441 855 502 videtur
869 441 950 506 Plato
969 460 1001 491 -·-
1022 444 1174 503 utiterum
1194 444 1274 504 illam

49 554 73 598 et
100 542 216 600 tertium
241 554 393 600 memoret:
413 539 630 600 evidentissime
648 553 742 608 autem
761 539 808 600 his
827 540 941 604 verbis:
963 534 1092 618 ιῖιιομιν,
1115 541 1139 602 ri
1160 537 1275 625 μιμνή-

47 643 138 715 pato,
165 633 208 714 ὠς
235 632 255 720 η’
281 631 369 719 φύσις
394 631 533 701 ἁπάντων
550 629 619 698 ’τῶν
644 632 718 700 νέων
739 631 882 716 ermeno:
902 634 976 702 odore
996 635 1125 723 η’σοχίαν
1145 639 1203 726 οὐχ
1224 641 1275 708 οἵα

47 767 73 804 τι
101 737 178 824 ἄγειν
204 737 271 804 οὔτε
296 735 370 802 aursi
396 735 432 802 cd
459 740 549 818 σῶμα
575 735 641 802 οὔτε
667 733 742 802 κοινοὶ
767 735 827 822 τήν
853 738 959 824 φοινήν
982 741 1041 826 εἴη,
1063 741 1224 827 φθέγγοιτο
1247 747 1276 808 δ’

46 841 86 905 οἰὶ
111 840 247 919 ἀτάκτως
270 843 318 905 καὶ
343 842 443 928 andqi.
475 836 594 917 Τιῖξιοις
618 837 648 904 δ’
673 839 816 924 αἴσθησιν
848 839 960 907 τούτων
986 841 1185 930 ἀμφοτέρων,
1213 849 1274 910 τῶν

47 942 136 1008 ἄλλων
159 943 218 1027 μὲν
245 941 334 1022 ζιιίοιν
359 942 447 1008 οὐδὲν
479 939 664 1025 ἐφάπτοιτο,
689 971 709 1028 η
738 943 773 1028 cle*
799 942 965 1026 ἀνθρώπου
991 944 1079 1030 φύσις
1104 947 1168 1033 ἔχοι
1193 948 1273 1036 μόνη

46 1053 145 1114 τοῦτο·
173 1051 218 1136 τῇ
251 1048 287 1112 δὲ
317 1050 372 1133 τῆς
402 1043 540 1131 κινήσεως
570 1043 648 1120 totto
675 1044 797 1131 ῥυθμός
824 1044 920 1130 ὄνομα
946 1049 1078 1140 &12⁴²er
1103 1051 1131 1118 δ’
1156 1051 1195 1118 oi
1219 1058 1275 1140 τῆς

47 1154 157 1234 φωνῆς,
185 1153 243 1217 τοῦ
266 1175 297 1215 τι
325 1147 408 1226 ὀξέος
429 1145 492 1230 ἅμα
512 1149 561 1211 καὶ
581 1145 688 1231 βαρέος
708 1149 991 1234 ξυγκεραννομένων,
1006 1151 1156 1238 1ηἁρμονίας
1177 1152 1271 1236 ὄνομα

46 1250 300 1338 προσαγορεύοιτο·
327 1252 432 1336 χοριιίι
459 1250 494 1314 δὲ
514 1248 551 1313 td
572 1249 797 1334 ’ξυναμφότερον
816 1254 951 1338 κληθείη.
977 1258 1005 1340 l)
1083 1277 1086 1288 ·
1123 1263 1125 1268 '

82 1359 136 1418 Sed
159 1359 241 1438 qnod
261 1358 346 1418 senili
369 1370 459 1417 aetate
488 1357 568 1415 Plato
597 1355 769 1438 diligentius
797 1359 978 1439 exploravit,
1008 1361 1040 1420 id
1062 1363 1192 1440 juvenili
1210 1367 1271 1441 jam

46 1455 264 1516 adumbraverat
274 1457 306 1515 in
326 1453 455 1514 Phaedro
473 1454 572 1513 labulh
592 1454 753 1513 enarranda
763 1455 799 1533 de
810 1456 974 1546 cicadarum
984 1460 1106 1540 origine.
1131 1459 1271 1520 Homines

47 1555 163 1634 lingebat
182 1546 363 1634 antiquitus,
375 1553 476 1612 'Musis
495 1554 570 1612 natis
589 1566 616 1611 et
636 1565 734 1612 exorto
754 1568 856 1629 cantu,
877 1555 917 1615 sic
938 1556 1092 1617 delectatos
1110 1559 1216 1634 fuisse,
1239 1572 1271 1618 ut

47 1654 93 1732 ipsi
110 1655 247 1713 canendo
265 1655 356 1739 vitam
375 1651 583 1732 transigerent,
604 1651 719 1730 cibique
737 1666 765 1710 et
783 1667 867 1733 potus
887 1655 1084 1730 immemores,
1101 1657 1175 1714 same
1194 1658 1268 1737 peri·

47 1766 116 1810 rent:
134 1773 170 1810 ex
185 1751 235 1810 his
255 1766 351 1835 autem
374 1749 541 1808 hominibus
559 1749 673 1808 cicadas
693 1750 853 1826 exstitisse,
874 1773 947 1831 quac
967 1767 1105 1833 perpetuo
1123 1767 1270 1814 canerent.

47 1849 95 1908 Sed
117 1850 278 1931 elegantem
307 1835 436 1909 fabula'm
457 1846 546 1905 multo
566 1847 714 1905 lubentius
733 1846 769 1904 ab
789 1849 851 1930 ipso
871 1851 1043 1936 accipiemus
1063 1850 1177 1912 Socrate
1187 1899 1196 1927 ‚
1217 1853 1268 1931 qui

39 1969 99 2006 eam
127 1949 261 2008 Phaedro
289 1962 421 2022 enarrat,
451 1940 539 2024 ἀνδρὶ
564 1935 946 2030 φιλομούσῳ,,ι1ίνὶσο’ἰ]1ο
968 1948 1049 2023 Ιοοο,
1070 1951 1269 2032 Nympharum

47 2047 241 2127 receptaculo,
262 2045 314 2105 ubi
333 2047 481 2126 utriusque
501 2047 679 2106 sermonibus
698 2048 829 2106 accinere
844 2045 1141 2130 videturcicadarum
1155 2047 1269 2107 chorus.

48 2146 108 2203 Nam
123 2146 222 2206 delato
242 2145 306 2205 illic'
326 2145 363 2204 ad
380 2144 455 2204 benc
474 2144 620 2204 scribendi
640 2158 729 2203 artem
748 2165 894 2218 sermone,
916 2141 1003 2225 rogat
1010 2147 1147 2222 juvenem
1167 2144 1271 2204 Socra-

49 2255 98 2317 tes,
119 2265 189 2303 num
219 2265 291 2324 opus
322 2243 368 2302 illi
398 2265 456 2302 esse
486 2244 637 2318 videatur,
667 2241 742 2301 hanc
771 2256 859 2300 artem
889 2242 1057 2322 explorare,
1087 2242 1125 2302 ad
1152 2245 1269 2323 ejusque

50 2357 168 2402 naturam
186 2357 216 2402 et
237 2342 350 2422 Lysiam
374 2343 487 2422 exigere
516 2343 729 2421 etquicunque
749 2341 948 2420 scripsissent,
969 2355 1025 2399 tam
1046 2355 1169 2402 oratores
1185 2362 1270 2420 quam

49 2445 142 2518 poetas.
185 2443 263 2500 Tum
283 2439 447 2503 Phaedrus:
469 2460 605 2519 regesne,
629 2440 742 2518 inquit,
764 2458 834 2496 num
854 2459 925 2518 opus
951 2440 1011 2498 sit?
1034 2440 1121 2517 Cujus
1151 2441 1269 2500 tandem

50 2539 84 2597 rei
108 2539 217 2620 gratia,
242 2553 272 2598 ut
296 2539 334 2598 ita
356 2537 471 2612 dicam,
494 2538 575 2598 vivat
604 2536 726 2616 aliquis,
747 2536 804 2594 nisi
826 2536 926 2594 talium
945 2537 1126 2616 voluptatum
1145 2537 1268 2599 caussh?

50 2637 123 2709 Quod
143 2658 283 2719 perquam
312 2635 438 2718 probans
467 2636 613 2695 Socrates:
643 2649 672 2695 et
697 2656 784 2708 vero,
814 2634 927 2713 inquit,
960 2634 1045 2694 simul
1073 2634 1144 2694 mihi
1167 2635 1269 2696 viden·

51 2748 89 2791 tur
112 2735 250 2810 cicadae,
272 2755 357 2816 super
377 2747 464 2815 caput
491 2747 619 2792 nostrum
639 2746 773 2792 canentes
791 2743 820 2792 et
839 2721 1053 2811 colloquentes,
1075 2755 1127 2792 nos
1143 2748 1267 2797 contem·

51 2818 127 2911 plari.¹
142 2831 174 2915 2)
203 2833 235 2894 Si
267 2853 332 2912 ergo
351 2853 402 2891 nos
420 2831 559 2906 videant,
580 2829 837 2928 quaemadmodum
858 2829 973 2910 vulgus,
995 2830 1115 2890 meridie
1133 2853 1193 2892 non
1210 2833 1267 2893 dis-

51 2945 189 3008 putantes,
211 2929 263 2990 sed
292 2928 496 3005 dormitantes,
517 2928 553 2988 ab
580 2930 650 3010 ipsis
673 2941 790 3011 propter
819 2929 922 2987 mentis
951 2927 1090 2986 desidiam
1111 2929 1266 3005 delinitos,

52 3031 138 3089 merito
157 3028 331 3103 derideant,
353 3041 487 3110 putantes
507 3029 650 3108 mancipia
670 3026 809 3108 quaedam
829 3026 868 3085 ad
886 3028 961 3107 ipsas
979 3027 1011 3084 in
1029 3027 1107 3085 hunc
1128 3047 1266 3087 secessum

53 3131 170 3204 venisse,
192 3143 240 3204 et,
261 3142 396 3208 tanquam
425 3127 567 3214 pecudes,
589 3126 625 3186 ad
653 3128 761 3186 fontem
790 3124 950 3183 meridiano
970 3143 1068 3183 somno
1086 3127 1197 3202 teneri3
1220 3129 1265 3187 sin

53 3223 169 3288 viderint
197 3229 378 3308 disputantes
398 3247 466 3299 nos,
488 3225 637 3305 ipsasque,
658 3238 794 3302 tanquam
813 3221 945 3297 Sirenas,
965 3221 1045 3282 haud
1063 3223 1265 3304 captos'cantu

53 3327 338 3406 praeternavigantes,
360 3325 495 3397 fortasse,
514 3323 623 3402 quoda
643 3323 719 3397 Diis,
736 3335 767 3380 ut
776 3315 943 3379 hominibus
958 3321 1150 3402 impertirent,
1166 3338 1266 3382 nactae

54 3436 110 3482 sunt
134 3424 293 3507 praemium
304 3469 312 3498 ,
342 3421 397 3481 hoc
417 3420 501 3480 nobis
519 3439 587 3502 prae
606 3419 795 3479 admiratione
813 3418 985 3486 concedant,
1024 3419 1081 3477 Hic
1100 3420 1266 3481 Phaedrus:

54 3521 177 3595 quidnam
198 3521 327 3580 muneris
345 3519 426 3579 istud
444 3533 503 3594 est,
525 3516 603 3597 quod
620 3516 752 3578 habent?
768 3537 917 3596 nunquam
935 3517 1012 3576 enim
1030 3516 1174 3578 audivisse
1193 3521 1265 3578 mihi

55 3617 149 3680 videor.
191 3621 246 3681 Cui
274 3618 429 3705 Socratesz'
449 3611 485 3678 oti
515 3611 572 3696 μὲν
603 3609 643 3696 tq*
675 3610 777 3694 πρέπει
811 3637 841 3695 γε
872 3609 1054 3695 φιλόμουσον
1083 3607 1179 3695 ἄνδρα
1204 3616 1266 3676 τοῖν

54 3706 194 3779 τοιούτων
209 3711 333 3799 ἀνήκοον
357 3711 440 3779 εἶναι·
467 3713 577 3798 λέγεται
604 3714 645 3794 d',
674 3711 715 3792 o'r'c
739 3713 803 3780 ποτ’
827 3711 904 3799 ἦσαν
929 3708 1008 3778 οὗτοι
1029 3711 1184 3794 ἄνθρωποι
1204 3717 1266 3778 τῶν

55 3816 111 3892 πρὶν
142 3815 271 3895 Μούσας
299 3815 463 3904 Ιγεγονέναι·
495 3816 656 3902 γινομένων
685 3817 720 3881 δὲ
750 3819 885 3882 Μουσῶν
913 3818 961 3880 καί
993 3816 1133 3899 φανείσης
1163 3813 1262 3904 φ’δῆς,

54 3913 133 3997 οὕτως
153 3919 212 4009 ἄρα
232 3922 389 4000 :rotrodo
408 3917 475 3985 τότε
498 3912 695 4011 ἕξιπλᾶγησοιν
715 3917 767 4005 ὑφ’
791 3917 918 4005 ἡδονῆς,
942 3914 1015 3982 ὥστε
1042 3913 1163 4004 ᾄδοντες
1182 3916 1258 4004 η’μὲ-

57 4125 292 4146 ''Q——

82 4231 599 4310 tmwumsmmc

83 4318 105 4384 ²)
121 4324 204 4378 Simile
227 4327 289 4396 quid
306 4328 333 4378 io
351 4326 438 4378 ludica
464 4327 562 4389 fabula,
587 4325 629 4378 ubi
652 4327 725 4379 corvi
745 4325 896 4378 crocitando
916 4324 1075 4379 confabulari
1097 4323 1213 4375 dicuntur
1228 4325 1261 4375 de

58 4407 115 4472 regis
137 4413 215 4465 visiro
244 4413 370 4481 hujusque
397 4414 529 4475 ministro,
560 4429 665 4480 quorum
696 4411 857 4464 sermonibus
887 4413 1020 4462 intersunt.
1064 4407 1178 4461 Profecit
1193 4411 1260 4461 ,inde

59 4485 440 4563 mmmmmm

1057 4579 1137 4636 S*
