2908 5114
664 242 722 304 227

82 400 276 482 perveniant,
303 399 473 464 dialecticae
499 400 618 462 tandem
641 423 715 484 epe,
744 405 797 470 toti
823 407 996 487 penitusque
1020 405 1058 468 ad
1077 405 1227 470 veritatem
1246 429 1315 472 con·

82 497 217 560 vertendi
246 511 324 560 sunt.
365 497 412 560 Sic
438 513 534 560 autem
562 501 599 560 iis
625 501 755 562 tandem·
770 523 804 564 eo
821 503 958 574 accedere
976 503 1097 582 licebit,
1117 525 1175 584 quo
1191 507 1317 568 manime
1410 583 1412 586 Ι

81 593 320 662 contendendum
336 596 510 682 philosopho
529 611 593 672 est,
615 613 647 660 ut
665 599 764 676 illud,
782 599 862 680 quod
879 603 986 662 bonnm
1005 617 1046 662 est
1056 649 1066 680 ,
1091 595 1148 684 τήν
1168 602 1223 676 τοῦ
1242 598 1318 684 οἴγον-

81 694 145 755 θοῦ
165 687 265 770 ἰδέαν)
287 695 419 756 idearum
439 695 569 756 omnium
586 697 750 778 principem
761 743 771 774 ,
790 699 896 760 mentis
916 699 1001 760 oculo
1020 717 1219 782 assequantur.
1252 705 1317 768 'Sed

81 797 152 856 haee
182 809 214 856 ut
239 793 456 874 intelligamus,
479 790 516 854 de
544 795 659 853 idaia
687 795 772 856 nobis
798 795 944 876 agendum
965 797 1100 860 universe
1119 814 1180 877 est,
1200 802 1265 868 loco
1284 803 1316 862 in

80 894 212 954 Platonis
227 890 413 976 philosophia
430 911 499 954 saue
521 913 606 981 quam
618 916 620 920 ·
625 893 795 972 gravissimo
817 894 1011 973 latissimeque
1029 909 1157 977 patente.

290 1086 349 1148 De
377 1089 489 1148 ideis
519 1097 562 1148 in
588 1089 869 1170 philosophia
894 1041 1110 1152 Platonis.

120 1283 296 1348 Verecunda
315 1281 531 1364 prudenterque
551 1283 650 1360 Plato,
669 1298 701 1346 ut
721 1284 864 1359 vidimus,
884 1281 961 1344 hanc
979 1283 1107 1346 hominis
1125 1287 1156 1345 in
1176 1285 1318 1348 mnndum

16 1381 18 1388 ⁴
82 1380 300 1462 intelligibilem
328 1381 522 1442 escensionem
550 1381 698 1442 declarare
726 1383 864 1446 instituit.
908 1374 988 1455 Θιός
1007 1375 1045 1442 δέ
1063 1404 1122 1444 noo
1142 1375 1239 1457 older,
1261 1385 1319 1461 ait,

80 1477 105 1538 el
129 1472 252 1562 ἀληθής
277 1471 353 1540 οὖσα
380 1471 531 1559 τυγχάνει·
554 1472 592 1540 τοὶ
613 1474 642 1539 d’
663 1471 715 1542 cdv
736 1477 806 1559 ἐμοὶ
827 1475 993 1562 φαινόμενα
1020 1476 1099 1548 οὕτω
1122 1481 1264 1566 φαίνεται.
1289 1484 1319 1566 l)

81 1583 174 1662 Quam
211 1579 398 1663 prudentiam
436 1581 493 1642 nisi
521 1583 630 1661 pariter
656 1603 722 1642 cum
752 1581 800 1646 his
829 1583 1124 1670 explicandis,xtum
1154 1587 1187 1646 in
1216 1585 1318 1666 primis

81 1679 212 1738 idearum
238 1679 442 1761 perquisitioni
471 1678 640 1738 adhibuerit
670 1681 832 1761 interpres,
861 1681 945 1762 longe
964 1684 989 1742 is
1005 1683 1135 1764 profecto
1156 1682 1319 1744 aPlatonis

81 1793 176 1838 mente
206 1792 235 1838 et
252 1776 386 1836 consilio
416 1776 572 1836 aberrabit.
624 1779 839 1854 Quaesiverunt
865 1781 945 1839 omni
975 1801 1047 1842 aero
1084 1780 1252 1862 philosophi
1281 1779 1318 1840 de

82 1875 155 1936 ideis
179 1875 329 1950 Platonis,
357 1895 499 1952 quaenam
527 1875 652 1940 maxime
681 1889 794 1950 essent,
822 1877 917 1956 ipsine
934 1891 1031 1940 essent
1050 1877 1162 1940 homini
1182 1877 1317 1958 propriae

82 1974 276 2052 innataeque,
305 1992 344 2030 an
372 1985 455 2031 exoa
482 1992 547 2032 eum
576 1974 702 2053 positae:
727 1974 750 2034 si
778 1987 858 2034 extra
886 1995 952 2034 eum
979 1987 1090 2050 esseut,
1118 1974 1169 2034 ubi
1199 1972 1317 2034 tandem

82 2070 210 2156 locorum
240 2069 497 2150 conspicerentur3
527 2069 634 2129 similia
661 2071 738 2130 alia:
767 2091 841 2150 quae
866 2073 907 2131 sic
927 2072 1077 2153 explicare
1095 2071 1181 2130 multi
1201 2071 1318 2130 studue-

82 2183 166 2244 runt,
188 2168 270 2247 quasi
288 2168 350 2248 ipse
369 2187 402 2228 ea
420 2165 502 2228 Plato
522 2180 551 2226 et
569 2166 658 2248 plane
682 2167 836 2232 habuisset
848 2183 999 2250 perspecta
1016 2181 1045 2230 et
1061 2169 1150 2250 plene
1170 2168 1318 2249 explicare

82 2267 229 2346 potuisset.
269 2263 306 2326 Id
332 2262 357 2324 si
381 2264 538 2344 potuisset,
567 2286 628 2326 non
655 2285 723 2326 sane
754 2287 823 2330 usus
844 2267 897 2329 ille
916 2258 1112 2347 imaginibus,
1133 2279 1166 2328 ut
1184 2265 1255 2324 haee
1276 2278 1318 2324 est

80 2363 237 2444 speluncae
266 2362 380 2440 imago,
408 2361 442 2422 in
469 2362 506 2422 iis
532 2361 717 2443 explicandis
737 2364 858 2440 luisset,
878 2363 930 2424 sed
944 2365 1045 2445 paucis
1064 2385 1098 2426 ea
1116 2362 1214 2430 uerbis
1225 2407 1235 2438 ,
1256 2363 1318 2422 sine

84 2461 151 2521 ullis
176 2459 362 2541 ambagibus,
391 2457 572 2520 declarasset.
615 2459 671 2520 Ille
689 2481 758 2522 vern
776 2461 813 2524 de
833 2461 920 2524 rebus
937 2461 1016 2526 hisce
1032 2460 1228 2536 sublimibus,
1246 2479 1320 2538 quac

84 2560 182 2639 optimi
211 2559 351 2638 cujusque
378 2554 545 2637 philosophi
572 2558 646 2620 ratio
664 2572 705 2618 est
714 2604 728 2634 „
744 2560 888 2640 suspicari
907 2559 999 2620 multa
1019 2572 1047 2618 et
1065 2561 1146 2638 quasi
1164 2559 1319 2638 augurari,

85 2657 236 2719 vaticinari
267 2655 394 2730 solebat,
423 2675 496 2734 quae
519 2657 748 2736 argumentando
768 2656 979 2731 demonstrari,
1001 2669 1033 2714 ut
1052 2656 1319 2726 mathematicorum

85 2754 202 2816 inventa
211 2800 223 2834 ,
251 2753 337 2816 nullo
353 2752 439 2814 modo
456 2767 582 2833 possent.
623 2755 659 2813 ln
677 2753 725 2814 his
742 2774 808 2814 cum
823 2766 934 2834 caetera
953 2754 1056 2814 omnia>
1069 2752 1215 2814 censenda
1230 2765 1319 2826 sunt,

84 2873 153 2930 quae
180 2851 218 2914 de
246 2851 357 2914 mundo
378 2850 477 2936 νοητῷ
498 2863 593 2913 mente
620 2851 788 2932 complexus
818 2863 881 2927 est,
901 2865 964 2912 tum
980 2850 1126 2928 maxime,
1145 2871 1219 2930 quae
1236 2847 1316 2908 ideas

87 2965 224 3030 spectant.
264 2952 388 3014 Veritati
416 2951 536 3024 studens
567 2950 667 3026 unice,
698 2970 788 3029 quum
816 2950 849 3010 in
875 2947 922 3009 his
949 2948 1056 3023 rebus,
1077 2969 1155 3027 quae
1185 2946 1318 3006 sensibus

87 3043 304 3131 percipiuritur,
333 3050 413 3129 quod
442 3070 510 3111 vere
538 3062 610 3108 esset
624 3047 784 3128 pulcrum,
805 3045 935 3121 bonum,
950 3047 1083 3124 justum,
1103 3045 1222 3104 omnino
1239 3043 1319 3122 quod

87 3166 187 3208 aarum
204 3163 292 3224 esset,
313 3170 374 3210 non
393 3149 549 3230 reperiret,
571 3146 659 3226 vulgo
683 3143 911 3223 relinquendum
931 3135 1156 3224 adspectabilem
1175 3140 1318 3203 mundum

88 3242 187 3308 duxit·
216 3247 274 3308 sibi
303 3268 372 3310 vero
400 3245 591 3324 omnibusque
621 3257 761 3340 quotquot
780 3243 835 3304 rite
856 3261 964 3306 navare
981 3239 1183 3350 philosophiae
1203 3259 1318 3319 operam

89 3359 242 3424 cuperent,
272 3345 363 3406 alium
379 3358 475 3406 mente
494 3358 522 3403 et
539 3343 712 3452 cogitatione
730 3339 874 3402 mundun
892 3339 1025 3421 apernit,
1047 3339 1079 3397 in
1097 3359 1155 3416 quo
1175 3335 1222 3414 id,
1242 3335 1320 3415 quod

90 3437 223 3520 flagrante
252 3443 349 3506 studio
377 3441 549 3524 appetebat,
569 3441 718 3504 inuenisse
734 3438 793 3500 sibi
813 3452 843 3498 et
858 3437 1050 3518 contemplari
1076 3433 1243 3498 ridebatur.
1284 3436 1321 3494 ln

89 3538 189 3614 quibus
216 3540 363 3620 fingendis
390 3538 648 3616 describendisque
676 3536 813 3617 modum,
845 3535 956 3612 fateor,
977 3533 1121 3608 subinde,
1142 3553 1228 3612 quem
1247 3533 1321 3591 ratio

90 3633 208 3715 definit,
238 3640 377 3712 excessit,
407 3637 532 3698 subinde
554 3638 657 3710 etiam,
679 3635 758 3714 quod
777 3656 838 3694 non
859 3634 1000 3692 immerito
1021 3631 1115 3714 carpit
1133 3630 1301 3714 Aristoteles
1313 3674 1321 3702 ,

92 3739 199 3811 poeseos
222 3738 312 3816 inagis
336 3735 544 3796 sublimitatem
575 3746 773 3808 consectatus,
804 3752 889 3810 quam
912 3731 1103 3790 subtilitatem
1119 3726 1322 3810 philosophiae
1406 3783 1412 3794 ,
1440 3785 1441 3808 ,

92 3847 198 3894 secutus
216 3849 267 3895 est.
288 3831 320 3914 2)
349 3834 459 3894 Verum
478 3832 562 3892 omne
579 3832 668 3894 hocce
683 3845 746 3890 tum
764 3829 880 3890 demum
895 3833 962 3910 jure
981 3825 1159 3907 carpendum
1181 3825 1321 3902 nobisque

92 3933 248 3992 cavendum
278 3946 369 4010 esset,
399 3931 423 3991 si
454 3931 566 4012 politica
592 3929 665 4007 illa,
687 3926 767 4006 quod
787 3928 857 3989 feeit
874 3925 1062 4000 Aristoteles,
1083 3923 1123 3984 ad
1140 3923 1320 3984 demonstra·

95 4098 341 4115 ἱ-----ιιι

125 4206 149 4271 ιι
166 4210 281 4279 nene.
297 4209 350 4261 v11.
367 4209 426 4262 sta.
444 4209 473 4260 ο

125 4299 149 4366 2)
166 4307 243 4358 Arist.
262 4305 368 4404 Metqpt
387 4307 406 4354 1.
426 4324 452 4374 p
471 4302 511 4356 23
532 4305 564 4354 de
583 4302 649 4356 ideis
664 4300 795 4354 Platonis:
819 4287 976 4367 κενολογεῖν
998 4279 1061 4344 ἔστι
1082 4277 1130 4341 καὶ
1153 4235 1324 4356 quandoper

96 4377 178 4464 λέγειν
197 4382 355 4471 ποιητικοῖς.
