2908 5114
682 275 738 338 381

94 427 158 500 οἷόν
187 457 218 498 τε
245 428 458 518 ἀκριβέστατα,
480 432 509 514 l)
531 427 611 500 odeo
632 432 674 519 dri
695 434 745 500 stoi
766 431 804 499 roi
825 429 939 502 ἐνθάδε
960 431 1076 522 νόμιμα
1095 439 1194 504 esicio
1214 461 1245 504 τε
1267 436 1335 528 nipe

93 538 144 600 καὶ
166 536 287 604 tedes
307 535 356 600 eet
376 531 504 618 ἀγαθῶν
524 533 674 600 sternant
693 561 739 614 τε,
760 533 816 602 a'oir
836 535 894 625 clip
915 537 1074 617 τίθεσθαι,
1095 541 1145 604 sot
1165 540 1204 606 roi
1218 544 1336 626 reinero

93 635 294 724 φυλάττοντες
314 633 421 714 σώζειν
426 665 436 715 ,·
449 677 488 688 -
505 635 552 702 Οὐ
572 636 617 721 μοὶ
633 635 687 703 rio
701 638 779 718 Ate,
795 637 832 703 oc’
845 635 921 704 nolti
940 664 969 705 τι
984 638 1132 728 διαφέρει·
1153 650 1337 708 videnturne

93 747 154 803 tibi
182 765 201 802 o
230 751 322 804 coecis
350 743 497 822 differre,
519 751 573 822 qni
590 751 761 825 cognitione
779 752 864 822 αῙιιι,
886 747 963 824 quod
990 757 1051 807 est
1075 769 1111 806 re
1136 769 1227 824 oenc,
1246 751 1336 808 desti·

92 852 180 918 tuti,
210 844 389 922 nullumque
425 850 459 900 in
492 849 594 902 animo
628 843 750 903 olorum
777 845 918 904 habentos
946 853 1013 903 nori
1042 830 1211 926 suscepitur,
1241 869 1336 926 nequo

86 951 241 1019 possunt,
271 951 307 1000 ut
330 947 477 1019 pictores,
498 942 539 1000 ud
556 942 637 999 illud
657 943 944 1020 productissimum
963 953 1235 1023 estreopice'entee,
1257 949 1336 1021 refe·

89 1050 255 1118 nentesque
282 1059 313 1097 ee
339 1039 416 1096 illue
449 1059 583 1117 semper,
616 1041 707 1119 idque
734 1049 966 1102 accuratissime
1004 1044 1259 1122 eonternplontes,
1288 1051 1336 1102 ito

90 1141 216 1198 ἀειααιιι
246 1139 325 1217 leget
351 1137 401 1196 irie
422 1138 517 1212 ferre
543 1139 580 1197 de
601 1140 743 1216 pulcris,
767 1145 888 1216 justis,
909 1142 1009 1217 bonis,
1031 1146 1165 1218 tiferno
1182 1150 1336 1221 opuntem,

90 1247 126 1296 et
152 1238 235 1294 lotoe
260 1236 417 1293 uindicare
443 1257 479 1294 oe
507 1236 657 1295 rmore?
674 1275 709 1287 -
739 1235 807 1297 Non
837 1239 940 1320 longe,
969 1259 1026 1316 per
1051 1240 1174 1316 Jooem,
1204 1263 1223 1300 u
1243 1247 1336 1300 omnio

89 1333 259 1412 differunt.
279 1330 312 1412 2)
360 1324 489 1408 Contra,
519 1333 571 1413 qui
601 1332 697 1394 ideam
726 1337 799 1414 justi
832 1336 922 1418 ipsam
953 1338 1156 1413 intuerentur,
1188 1337 1336 1417 indeque,

90 1433 240 1515 pictorum
269 1431 379 1506 instar,
408 1430 442 1490 in
470 1431 637 1507 civitatem,
667 1445 806 1513 tanquam
832 1433 865 1494 in
890 1433 1038 1510 tabulam,
1053 1435 1157 1515 ,legum
1181 1432 1335 1517 'descripti-

89 1542 181 1591 onem
211 1529 369 1604 ducerent,
398 1528 450 1589 hos
477 1543 506 1588 et
534 1528 723 1612 philosophos
753 1532 945 1612 politiccsque
973 1551 1122 1614 germanos
1148 1546 1178 1592 et
1204 1541 1337 1612 pictores

90 1627 219 1690 vocabat
237 1626 284 1712 τῷ
299 1623 376 1712 θείῳ
400 1624 619 1710 παραδείγματι
637 1625 828 1712 χρωμένους,
850 1641 904 1711 qui
924 1634 1025 1692 diuino
1050 1625 1216 1692 uterentur·
1234 1653 1335 1692 esem-

86 1729 152 1807 plo.
168 1725 201 1808 3)
240 1728 278 1792 Et
306 1727 377 1788 hinc
395 1728 533 1808 quidem,
554 1729 628 1811 quid
647 1731 685 1794 de
703 1732 885 1807 artificibus,
907 1729 944 1790 de
963 1732 1074 1812 poetis,
1095 1731 1132 1790 dc
1151 1731 1336 1807 oratoribus,

89 1825 131 1886 de
151 1825 283 1905 politicis
302 1827 375 1887 viris
394 1828 605 1890 existimaverit
625 1829 707 1890 Plato
712 1875 721 1907 ,
742 1832 928 1913 perspicuum
944 1828 987 1889 tit.
1028 1828 1134 1888 Videri
1150 1831 1239 1910 possit
1256 1831 1336 1910 ipsas

89 1924 148 1984 has
174 1937 249 1984 artes
274 1924 349 1984 male
374 1924 530 2002 hahuisse,
559 1927 669 2009 quippe
697 1931 748 2008 qui
778 1929 810 1989 in
838 1928 987 2009 principes
1012 1947 1110 1986 earum
1130 1939 1279 2004 auctores,
1298 1928 1332 1988 in

89 2023 252 2082 Homerum
280 2021 353 2082 adeo
381 2035 410 2082 et
435 2021 576 2086 Periclem
603 2027 738 2088 invectos
767 2039 819 2087 cst.
860 2026 898 2085 Et
927 2043 997 2086 sane
1026 2045 1086 2084 non
1105 2045 1151 2084 res
1170 2024 1258 2100 illos,
1279 2023 1331 2086 sed

89 2121 267 2196 simulacra,
295 2121 354 2180 imo
379 2141 439 2180 non
466 2123 525 2182 nisi
553 2122 669 2184 umbras
696 2123 915 2184 simulacrorum
942 2121 1111 2183 hominibus
1129 2124 1331 2204 proposuisse,

88 2223 126 2280 in
155 2218 312 2300 speluncae
340 2217 536 2300 descriptione
568 2220 755 2302 significarit.
797 2223 835 2284 At
861 2241 949 2296 vero,
981 2235 1014 2280 ut
1038 2220 1168 2281 diximus
1195 2235 1282 2295 ante,
1302 2234 1332 2281 et

89 2337 175 2380 nunc
202 2316 286 2379 nobis
314 2317 421 2397 optime
441 2335 478 2376 ex
498 2317 552 2377 hac
572 2318 705 2379 idearum
723 2319 857 2379 doctrina
873 2332 971 2400 patet,
993 2340 1054 2379 non
1072 2333 1147 2380 artos
1163 2321 1264 2398 rejecit
1282 2331 1333 2382 aut

88 2417 200 2476 artium
225 2427 372 2489 auctores,
403 2413 455 2474 sed
484 2435 624 2496 perversa.
642 2436 740 2478 earum
769 2415 875 2482 studia.
917 2418 969 2478 Uti
994 2417 1182 2499 philosophos
1198 2416 1332 2479 laudavit

89 2514 162 2574 illos
187 2514 290 2590 unice,
310 2514 376 2592 qui.
390 2508 447 2593 τῆς
465 2505 612 2594 ἀληθείας
634 2528 729 2578 essent
748 2508 981 2596 φιλοθεάμονες,
1002 2517 1043 2576 ita
1063 2516 1244 2592 artificibus,
1264 2521 1331 2597 poi·

89 2613 150 2686 tis,
181 2613 302 2672 caeteris
326 2611 481 2689 omnibus,
510 2613 561 2694 qui
589 2613 705 2694 aliquid
733 2615 922 2678 informando
950 2617 982 2675 in
1010 2615 1104 2674 lucem
1122 2613 1329 2695 proterebant,

89 2709 203 2792 pariter
230 2711 435 2791 praescripsit,
466 2725 498 2771 ut
527 2713 679 2774 veritatem
697 2726 859 2794 spectarent
877 2714 910 2773 in
930 2713 1067 2795 operibus
1086 2709 1275 2787 excolendis,
1296 2709 1332 2772 id

63 2869 75 2884 ⁸
90 2806 174 2887 quod
201 2829 270 2866 uere
296 2822 368 2868 esset
396 2809 552 2890 pulcrum,
580 2808 711 2885 bonum,
736 2811 867 2888 justum,
894 2824 1026 2871 sanctum
1042 2824 1103 2871 arte
1121 2809 1333 2892 exprimerent.

91 2907 156 2966 Hos
183 2905 235 2965 ille
264 2927 325 2967 non
349 2908 465 2985 minus,
486 2927 572 2988 quam
590 2927 742 2990 germanae
761 2908 963 2992 philosophiae
982 2922 1129 2984 amantes,
1150 2893 1255 2969 mundi
1274 2907 1334 2969 ad-

91 3002 261 3086 spectabilis
290 3019 374 3065 antro
401 3006 500 3087 egredi
524 2990 629 3085 jussit,
655 3020 688 3066 ut
715 3007 848 3089 exempla
871 3027 967 3067 rerum
987 3007 1116 3088 perfecta
1132 3020 1161 3066 et
1180 3007 1283 3066 intuiti
1303 3020 1332 3068 et

91 3103 214 3178 imitati,
245 3123 313 3165 vere
340 3104 475 3185 prodesse
504 3105 603 3186 generi
622 3104 775 3168 hominum
793 3119 921 3187 possent.
963 3107 1041 3166 Haec
1060 3104 1172 3166 scilicet
1193 3125 1270 3166 nova
1289 3119 1333 3166 est

90 3201 147 3260 illa
165 3215 224 3260 tam
242 3201 366 3276 artium,
386 3223 473 3282 quam
488 3203 711 3285 disciplinarum
740 3205 889 3285 ipsiusque
908 3203 1111 3288 philosophiae
1130 3204 1222 3280 ratio,
1245 3223 1332 3282 quam

91 3299 178 3359 Plato
196 3299 410 3361 commendavit
429 3302 526 3361 unice.

133 3397 199 3472 Quo
229 3398 393 3458 referantur
417 3400 597 3480 potissimum
625 3398 705 3482 apud
735 3401 884 3462 Platonem
910 3401 1013 3478 ideae,
1033 3400 1104 3462 hinc
1128 3399 1198 3460 licet
1221 3399 1350 3460 intelli-¹
1384 3423 1386 3428 ·

91 3515 176 3577 gere,
205 3495 258 3555 sed
286 3495 483 3558 confuderunt
509 3519 556 3559 eas
585 3497 672 3559 multi
690 3519 757 3559 cum
774 3509 894 3560 innotis
913 3501 991 3560 ideis
1007 3500 1258 3560 Cartesianorum:
1279 3498 1332 3558 alii

93 3613 155 3654 non
181 3594 249 3654 satis
278 3615 295 3654 a
322 3593 427 3656 Kantii
450 3595 525 3658 ideis
552 3596 716 3657 Platonicus
743 3597 964 3674 distinxerunt,
996 3597 1075 3658 unde
1099 3596 1153 3684 hae
1172 3597 1333 3655 recentiore

93 3705 186 3752 aetate
203 3691 407 3754 obscuritatem
425 3687 642 3756 contruxerunt⁸
670 3697 750 3771 Quae
765 3696 883 3777 quidem
903 3696 1072 3778 principum
1092 3694 1334 3776 philosophorum

92 3790 244 3852 doctrinae
270 3791 355 3852 nobis
380 3791 434 3852 hoc
464 3791 529 3854 loco
556 3815 610 3854 nec
638 3793 831 3877 explicandae
856 3815 911 3854 nec
939 3813 1009 3855 vero
1027 3790 1233 3872 dijudicandae
1252 3806 1332 3853 sunt.

92 3889 294 3949 Veruntamen
321 3891 412 3972 ipsius
436 3891 565 3952 Platonis
591 3894 709 3969 caused,
734 3912 849 3973 quoque
866 3892 1029 3953 accuratius
1048 3890 1276 3970 distinctiusque
1293 3890 1333 3951 de

92 3985 247 4066 ejus'ideis
257 3987 439 4067 judicemus,
459 3987 540 4050 haud
559 4004 665 4050 temere
682 4013 736 4052 nos
755 4005 867 4052 acturos
886 4003 1036 4072 putamus,
1058 3991 1082 4050 si
1101 4010 1249 4051 secernere
1263 3990 1332 4050 dati

126 4193 154 4260 1)
172 4195 239 4248 llaec
257 4196 335 4264 plane
356 4201 485 4266 expressit
505 4198 596 4254 Cicero
616 4201 664 4264 iis,
689 4215 755 4268 quau
779 4201 858 4256 modo
880 4199 1077 4266 adscripsimus:
1104 4202 1182 4269 ipsios
1204 4202 1231 4254 it
1252 4208 1331 4252 mente

92 4283 215 4334 insidebat
232 4285 373 4352 spxies.—
737 4277 740 4283 ’
809 4289 813 4296 ’

126 4365 154 4431 2)
172 4368 283 4438 Dellep.
302 4369 344 4424 Vl.
362 4371 420 4426 484.
441 4370 469 4424 0.
488 4371 519 4424 [l.

127 4449 154 4516 3)
172 4453 234 4506 uec
253 4455 311 4506 500.
330 4455 360 4508 E.
