2838 5120
550 372 554 382 ,
656 303 716 361 aaa

67 481 107 527 tet.
126 499 157 508 -
177 469 296 548 Oportet
316 487 383 526 sane
404 461 504 546 et‘pro
523 463 635 525 viribus
653 465 693 524 sic
715 475 847 544 agamus,
868 463 1032 542 hujusmodi
1051 467 1112 542 ejus
1131 465 1282 544 vestigium

66 579 259 646 persequentes.
311 566 364 623 Dic
392 562 464 622 mihi
476 609 485 638 ,
512 563 661 636 servilium
688 563 838 621 nominum
868 581 1037 643 usurpamus
1059 561 1228 622 nonnulla?
1249 590 1283 602 --

66 663 97 722 Et
117 664 202 724 multa
227 663 364 742 quidem,
397 661 447 722 sed
471 662 574 721 borum
603 659 759 720 multorum
786 678 927 739 quaenam
955 661 1093 739 quaeris?
1119 687 1153 700 -
1182 658 1285 733 Talia,

64 763 149 840 qualia
168 775 235 822 sunt
251 781 323 842 quae
344 761 468 820 dicimus
483 762 657 838 percolere,
679 761 873 832 excribrata,
894 761 1038 818 cannara.
1049 785 1083 796 -
1103 755 1285 833 Quidni?-

66 862 233 922 Cermioare
253 873 398 942 praeterea
408 905 417 934 ,
438 861 600 932 deducere,
620 867 737 936 pectere
749 880 762 931 ,·
779 857 895 916 infinita
925 856 1000 932 alia,
1021 879 1093 936 quae
1114 859 1146 915 in
1174 855 1284 915 artibus

64 960 184 1042 usurpari
205 961 317 1019 scimus.
347 959 475 1016 Nonne?
493 983 526 996 -·
557 956 652 1014 Vero:
674 955 725 1015 sed
744 954 816 1035 quid
834 955 953 1014 tandem
972 955 1041 1014 inde
1061 955 1206 1014 declarare
1232 975 1285 1012 cu-

62 1060 136 1138 piens
146 1059 208 1134 ,bis
226 1057 380 1140 propositis
399 1056 557 1139 exemplis,
579 1055 616 1114 de
634 1055 670 1115 iis
689 1053 823 1114 omnibus
837 1048 1032 1132 quaesivisti?
1051 1083 1085 1092 -
1105 1048 1284 1135 Atrapateni·

61 1159 95 1215 ad
114 1158 340 1217 discernendum
361 1165 434 1234 opta
454 1167 540 1230 sunt,
562 1173 634 1232 quae
652 1153 802 1226 diximus,
823 1153 928 1211 omnia.
944 1181 979 1190 -
1009 1152 1084 1214 Sunt
1102 1156 1230 1216 omnino.
1251 1183 1285 1194 -

61 1257 194 1317 Universa
219 1255 291 1331 illa,
323 1265 355 1313 ut
382 1275 470 1312 unam
495 1252 641 1332 quandam
667 1249 848 1310 continentia
873 1264 980 1326 artem,
1002 1271 1060 1313 uno
1087 1252 1286 1336 nuncupanda

59 1355 167 1414 nominc
178 1401 186 1432 ,
206 1353 270 1412 mel
289 1352 407 1433 quidem
426 1349 586 1426 sententia,
607 1349 802 1410 videntur-
822 1349 954 1422 Quonam
972 1349 1091 1413 illot-
1105 1345 1285 1434 Ataxptwtq',

58 1454 241 1527 discernenda·
260 1473 322 1512 ort.
333 1479 368 1491 -
387 1451 465 1510 Esto.
483 1480 519 1489 —
536 1448 632 1525 Vide,
652 1467 724 1508 num
742 1447 829 1526 hujus
846 1463 944 1508 tnrsus
962 1447 1033 1508 duas
1051 1449 1160 1513 alicubi
1177 1455 1285 1537 species

58 1571 165 1612 cernere
174 1551 323 1633 possimus.
332 1578 367 1588 -
382 1547 513 1608 Subitam
524 1569 576 1630 pro
585 1567 647 1606 meo
657 1546 730 1606 milti
740 1555 825 1626 captu
836 1545 1096 1607 considerationem
1105 1550 1240 1632 imponis.
1250 1579 1285 1589 -

58 1649 205 1710 Enimvero
224 1649 256 1707 in
275 1648 361 1707 dictis
380 1645 605 1707 discretionibus
623 1646 729 1728 partim
738 1646 821 1725 pejus
840 1665 857 1702 a
876 1643 1009 1719 meliore,
1030 1648 1135 1726 partim
1152 1649 1246 1708 simile
1267 1671 1283 1708 a

59 1747 138 1807 simili
152 1747 395 1808 discrevimus-
415 1745 458 1805 Ut
474 1745 554 1803 nunc
575 1744 607 1803 id
628 1745 668 1803 ita
688 1755 749 1801 ate
769 1741 957 1816 dictumest,
979 1742 1080 1804 fecisse
1097 1745 1283 1808 videmur.-

58 1845 144 1923 Hujus
163 1845 282 1925 quidem
301 1845 484 1904 discretionis
502 1861 608 1901 nomen
628 1863 688 1900 non
706 1838 798 1898 babeo
809 1864 817 1916 3
841 1838 922 1907 illius
943 1851 1011 1901 veru
1021 1887 1030 1916 ,
1051 1864 1124 1922 quae
1142 1845 1284 1924 relinquit

58 1944 151 2003 melius
162 1990 171 2019 ,
192 1945 274 2026 pejus
290 1956 385 2002 antem
404 1939 525 2019 abjicit,
548 1933 693 1998 habeo.-
712 1939 783 2012 Dic,
802 1937 1014 2016 quodnamir-
1033 1942 1135 2001 Omnis
1151 1942 1283 2023 hujusce·

31 2093 33 2100 .
58 2042 128 2102 modi
148 2041 283 2102 discretio
303 2042 340 2100 ab
359 2040 512 2113 omnibus,
534 2053 566 2098 ut
592 2039 738 2118 conjicio,
757 2029 918 2116 καθαρμός
939 2058 995 2110 τις,
1015 2049 1161 2120 purgatio
1189 2064 1282 2121 qaae-

58 2141 119 2199 dem
146 2153 274 2202 vocatur.
300 2169 336 2178 -
365 2139 494 2198 Vocatur
524 2137 652 2196 omnino.
673 2162 707 2173 -
727 2138 815 2217 Atqui
842 2139 1023 2220 purgationis
1049 2138 1196 2220 duplicem
1224 2161 1283 2200 csse

58 2240 172 2318 speciem
193 2239 314 2317 quisque
333 2221 556 2298 videte-Sane
567 2282 575 2310 ,
599 2237 689 2296 otium
707 2235 825 2315 quidem
844 2237 881 2296 ad
903 2235 1146 2297 considerandum
1166 2253 1280 2316 nactus,

57 2355 101 2416 ego
119 2359 186 2398 vero
206 2335 337 2396 nondum
364 2334 459 2394 video.
480 2377 515 2386 -
535 2335 615 2408 Quae
641 2332 678 2392 ad
693 2357 694 2361 ¹
707 2355 826 2416 corpora
853 2336 1019 2395 referuntur
1047 2336 1155 2396 multae
1174 2357 1282 2419 purga-

56 2436 138 2494 tionis
157 2427 283 2518 species',
304 2433 357 2492 has
375 2453 434 2492 uno
454 2434 602 2492 continere
621 2433 740 2492 nomine
755 2433 845 2494 dccet.
866 2459 902 2471 -
922 2435 1066 2509 Quasnam
1086 2433 1153 2493 illas
1169 2450 1197 2496 et
1213 2459 1283 2516 quo·

57 2553 119 2590 nam
135 2535 275 2594 nomine?
297 2562 328 2574 -
349 2533 455 2592 Partim
472 2530 641 2589 animalium
662 2544 748 2590 sant:
768 2532 808 2592 ad
828 2533 924 2592 sordes
940 2534 1106 2615 pertinent,
1127 2555 1282 2613 quaecum

57 2630 129 2687 intus
148 2631 340 2710 gymnasticae
360 2644 388 2688 et
408 2629 535 2688 medicae
566 2630 634 2688 artis
661 2631 735 2710 opel,
757 2644 818 2689 tum
847 2632 1028 2690 extrinsecus
1036 2676 1045 2705 ,
1066 2651 1139 2715 quae
1159 2631 1281 2692 balneo-

60 2745 119 2783 rum
136 2749 188 2787 usu
208 2743 290 2787 recte'
305 2729 511 2787 discernuntur
532 2742 616 2806 atque
635 2725 814 2794 abluuntur:
837 2729 908 2790 vilia
935 2729 1037 2787 harum
1057 2721 1173 2789 nomina
1201 2750 1282 2790 usur·

58 2835 169 2902 pantur:
201 2827 306 2908 partim
335 2831 410 2886 sunt'
431 2845 527 2884 rerum
551 2827 775 2886 inanimatorum
802 2827 1010 2908 purgationes,
1036 2847 1157 2906 quarum
1184 2837 1307 2888 curam'

57 2919 157 2984 babent
177 2923 323 2984 fullonum
343 2925 518 3002 omninoque
544 2924 661 2983 illorum
681 2939 780 3000 artes,
801 2927 850 3004 qui
879 2945 926 2984 cas
953 2924 1083 3005 singulas
1112 2926 1280 3006 singulatim

54 3019 157 3080 nitidas
183 3023 312 3082 reddunt
334 3036 362 3082 et
388 3037 511 3082 ornant:
533 3022 635 3080 harum
660 3021 728 3081 item
754 3022 845 3082 multa
874 3024 1009 3082 feruntur
1035 3037 1062 3082 et
1086 3023 1226 3100 ridicula,
1248 3039 1281 3084 ut
1304 3103 1306 3107 Ι

54 3115 205 3194 videntur,
227 3122 354 3180 nomina.
375 3149 411 3158 —
432 3121 468 3180 Et
488 3141 626 3200 perquam
650 3121 767 3200 quidem
784 3119 920 3180 ridicula.
941 3150 976 3157 —
996 3121 1135 3200 Perquam
1155 3144 1222 3182 sane
1233 3170 1241 3199 ,
1263 3146 1280 3184 o

52 3216 218 3277 Theaetetc:
240 3203 341 3278 verum
359 3221 529 3278 disserendi
547 3239 602 3277 are
623 3241 675 3278 nec
692 3220 832 3278 minorem
855 3215 956 3279 habet¹
971 3240 1024 3278 nec
1054 3221 1188 3310 majorem
1213 3244 1281 3304 pur·

50 3317 171 3394 gationis
195 3317 353 3392 rationem,
376 3319 439 3378 sive
460 3317 511 3376 illa
531 3338 583 3398 per
604 3319 742 3398 spongia,
763 3319 822 3378 sive
844 3340 895 3399 per
916 3319 1190 3379 medicamentorum
1211 3322 1282 3380 hau·

50 3427 121 3472 stum
156 3415 224 3489 liat,
260 3417 321 3477 sive
348 3417 416 3477 item
443 3436 562 3497 parvam
594 3416 679 3474 nobis
713 3416 762 3476 vel
791 3437 922 3497 magnam
953 3416 1108 3476 utilitatem
1135 3419 1280 3504 praebeat.

52 3511 115 3573 Τοῦ
144 3507 354 3595 κτήσασθαι
381 3509 438 3596 peip
468 3511 550 3575 ἓνεκα
574 3514 789 3576 νοῦεπασῶν
816 3513 932 3595 τεχνῶν
956 3509 993 3575 τὸ
1016 3510 1148 3596 ξυγγενὲς
1170 3515 1220 3576 καί
1246 3511 1283 3578 ad

47 3607 89 3695 μή
119 3613 253 3697 ξυγγενὲς
280 3619 430 3678 κατανοεῖν
458 3610 625 3698 πειρωμένη
656 3617 730 3702 τιμᾷ
749 3611 827 3700 πρδς
846 3612 935 3679 codro
958 3612 1076 3690 ἕξῖσου
1097 3609 1208 3692 πάσας,
1231 3618 1280 3680 καὶ

47 3711 164 3798 θάτερα
190 3718 252 3780 coir
272 3711 383 3801 1ἑτέρων
404 3714 478 3780 κατὰ
498 3713 553 3801 trias
576 3713 739 3800 ὁμοιότητα
760 3715 847 3781 oridia
867 3715 980 3803 ἡγεῖται
1005 3713 1186 3802 γελοιότερα·
1208 3743 1281 3780 num

7 3863 10 3874 .
46 3843 113 3880 cum
135 3825 335 3904 cogitandi
355 3835 457 3882 recte
479 3845 518 3881 ec
540 3825 713 3901 rapiendi
733 3829 867 3884 caused
890 3833 924 3882 in
953 3823 1088 3882 omnibus
1109 3827 1228 3882 artibus
1246 3823 1279 3880 t'd

45 3923 220 4010 otteqtdere,
242 3923 318 4001 quod
337 3929 497 4002 cognatum
518 3934 575 3980 ortt
594 3909 835 4002 nori'cognatum
855 3931 918 3998 est,
940 3932 1083 3996 conetur,
1105 3923 1164 3980 leuc
1185 3927 1279 3999 respi-

45 4027 148 4094 ciens,
165 4027 242 4098 pari
259 4027 419 4079 universae
444 4021 677 4095 honorabatur,
699 4022 820 4099 aliaque
847 4023 920 4079 aliie
944 4022 1106 4079 secundum
1135 4021 1279 4078 similitu·

45 4119 147 4176 dinem
167 4119 262 4177 nihilo
284 4127 383 4200 mugit
411 4117 547 4176 ridicula
572 4130 690 4177 censet:
712 4119 785 4197 quin
806 4119 891 4178 etiam
911 4117 1006 4179 nihilo
1029 4119 1178 4178 honestius
1196 4132 1279 4198 putat

46 4215 176 4276 venandi
198 4231 286 4275 artem
307 4216 474 4292 declarare,
495 4219 544 4296 qui
566 4239 618 4298 per
638 4231 727 4276 artem
755 4235 816 4276 eam
841 4216 1013 4294 militarem,
1035 4237 1119 4297 quam
1148 4217 1198 4296 qui
1226 4237 1279 4296 per

45 4314 248 4397 pediculorum
269 4317 452 4375 venationem
468 4314 610 4391 declaret,
626 4316 676 4375 sed
691 4315 821 4376 inflatius
839 4316 871 4375 id
891 4316 950 4374 iere
971 4338 1004 4376 ac
1022 4314 1163 4375 tumidius
1182 4335 1274 4392 agere.

46 4414 81 4472 Et
100 4433 181 4471 nunc
207 4412 343 4492 quidem,
364 4414 441 4495 quod
465 4414 639 4492 quaerebas,
660 4436 784 4494 quonam
803 4401 931 4492 ,nominc
959 4429 1076 4474 cunctas
1104 4411 1276 4488 facultates,

45 4531 234 4591 quaecunque
254 4532 357 4593 corpus
386 4514 446 4571 sire
473 4513 650 4587 animatum,
671 4513 731 4573 sive
756 4513 953 4573 inanimatum
967 4510 1151 4594 purgandum
1175 4516 1275 4570 nactae

178 4603 180 4608 ’
1041 4607 1094 4666 17*
