2908 5114
688 265 747 326 388

92 453 214 490 summe
243 432 394 508 perfecti,
425 449 502 508 quoe
529 436 662 488 omnium
693 429 778 508 longe
790 434 960 504 praecipuo
978 437 1039 504 eet,
1060 437 1198 512 agnoscit
1217 438 1252 489 in
1267 436 1334 512 ipso

91 536 295 588 existentiam
306 549 375 602 ,non
389 528 562 605 possibilem
577 537 609 584 et=
624 535 848 606 contingentem
868 535 1006 601 tuntum,
1034 531 1281 606 quemadmodum
1300 536 1334 586 in

89 629 175 686 ideis
195 629 333 684 aliorum
353 634 485 684 omnium
507 646 632 700 rerum,
652 645 727 703 quoa
747 625 891 683 distincte
905 632 1060 703 percipit,
1074 629 1126 686 ced
1144 636 1263 688 omnino
1281 649 1336 685 ne-

89 732 262 784 cessarium
281 733 311 788 et
329 732 496 783 oeternum.
538 721 640 800 Atque
658 744 694 781 en
714 745 744 782 eo
753 766 762 798 ,
784 723 861 800 quod
871 767 880 796 ,
898 724 1027 800 ecempli
1044 731 1168 800 coutet,
1184 731 1337 803 percipiet

88 831 128 882 in
150 825 221 881 idea
240 825 396 902 trianguli
410 829 578 882 neceesario
596 827 766 895 contineri,
797 830 859 879 trec
878 827 946 896 ejus
964 823 1091 902 ungulos
1111 825 1252 901 aequulei
1271 844 1331 881 ecce

88 923 312 980 duobusramis
321 965 331 996 ,
345 921 436 998 plane
446 921 503 978 cibi
510 921 675 1000 persuadet
684 921 879 999 triangulum
888 929 952 977 trec
962 921 1089 1000 angulos
1100 922 1207 980 'tubere
1218 941 1333 999 aequo-

90 1022 138 1078 lee
149 1020 262 1078 ductui
271 1025 364 1077 rectio
375 1040 389 1089 ,⁰
408 1026 456 1076 ito
467 1041 503 1077 ea
514 1041 545 1076 eo
555 1019 613 1077 solo
623 1044 643 1092 ,’
653 1018 730 1096 quod
735 1024 898 1097 percipiat,
919 1024 1114 1078 existentiam
1130 1025 1333 1078 neceesarium

89 1129 123 1176 et
144 1125 360 1182 ueternumin
381 1123 462 1176 entia
484 1137 597 1175 cremone
618 1118 753 1195 perfecti
769 1117 838 1173 idaci
858 1123 1028 1191 contineri,
1048 1119 1138 1194 plone
1158 1117 1335 1176 concludere

76 1217 199 1290 debet,
221 1235 273 1273 ene
292 1237 405 1273 summe
413 1217 587 1293 perfectum
608 1224 745 1274 existere.
771 1211 799 1293 l)
840 1213 966 1274 Valebat
983 1214 1054 1274 haec
1073 1215 1148 1274 ratio
1167 1213 1205 1274 ad
1230 1213 1334 1274 vindi-

90 1312 221 1372 candam
239 1333 256 1370 a
271 1312 440 1372 scholastica
460 1312 593 1372 barbarie
611 1311 845 1394 philosophiam,
867 1313 950 1389 cujus
966 1313 1142 1372 instaurator
1158 1313 1216 1371 fuit
1234 1314 1335 1372 Carte-

78 1413 175 1486 'sius;
198 1409 236 1470 ad
257 1409 465 1491 explorandum
482 1431 550 1473 vem
568 1411 673 1471 mentis
693 1423 841 1484 naturam,
852 1409 932 1488 quod
947 1425 1043 1491 postea
1060 1411 1220 1470 Lookius
1239 1409 1336 1468 maxi·

1 1541 33 1580 5-
90 1529 198 1588 meque
234 1509 397 1569 Kantius
430 1510 578 1584 instituit,
608 1503 660 1570 at?
675 1509 841 1581 hominem,
872 1507 951 1586 quod
980 1509 1143 1588 antiquitus
1167 1507 1335 1566 instituerat

90 1607 216 1683 Plato,
246 1627 312 1672 cum
342 1606 538 1667 erudiendum
563 1606 729 1688 disciplinis
749 1607 882 1687 optimis,
903 1618 965 1664 tum
981 1605 1019 1666 sd
1038 1607 1092 1666 Dei
1110 1603 1333 1665 similitudinem

89 1704 335 1780 informandum,
356 1727 420 1764 non
437 1704 561 1770 ualebat.
604 1704 663 1768 Sed
680 1705 734 1764 hac
752 1703 789 1766 de
809 1724 841 1762 re
861 1704 958 1779 infra,
990 1718 1140 1784 postquam
1165 1701 1334 1764 Aristotelis

88 1802 322 1884 metaphysicam
341 1823 407 1862 cum
426 1801 562 1864 doctrina
580 1802 730 1864 Platonica
749 1801 1028 1883 comparaverimus:
1051 1800 1134 1866 illam
1150 1801 1240 1881 magis
1261 1801 1333 1860 Car-

89 1901 203 1975 tesius,
224 1921 309 1979 quam
329 1899 405 1960 hanc
425 1913 539 1960 secutus
557 1915 609 1961 est.
1069 1919 1071 1924 ·

135 1995 287 2058 Efficimus
312 1998 382 2058 hinc
411 2013 532 2080 sponte,
563 1997 664 2057 eidem
690 2017 760 2058 voce
790 1995 848 2056 alia
874 1995 971 2056 omnia
999 1993 1147 2055 declarare
1174 1995 1333 2056 Cartesium
1358 2009 1362 2016 ·

95 2095 242 2170 voluisse,
273 2108 358 2174 atque
385 2096 439 2156 illa
469 2111 557 2172 sunt,
587 2116 661 2174 quae
689 2097 771 2157 Plato
799 2094 950 2174 spectavit.
987 2091 1093 2168 Plato,
1115 2107 1148 2153 ut
1166 2093 1257 2155 uerbo
1273 2093 1334 2171 jam

90 2195 278 2269 monuimus,
300 2192 375 2254 ideis
394 2202 523 2274 species,
535 2197 680 2270 formae,
711 2195 780 2252 item
808 2189 1050 2272 παραδείγματα,
1078 2194 1193 2252 idealio
1222 2191 1333 2251 intelli·

93 2290 202 2371 gebat,
219 2277 243 2352 i.
264 2313 289 2352 e.
310 2291 443 2373 exempla
461 2313 557 2351 rerum
575 2291 721 2371 perfecta,
742 2291 805 2353 siue
824 2293 920 2374 pulcri
940 2293 1069 2371 bonique
1095 2304 1123 2362 et
1143 2288 1217 2369 justi
1238 2309 1334 2348 exem·

95 2389 211 2470 plaria5
234 2387 266 2469 2)
296 2389 333 2449 ad
360 2389 464 2448 horum
491 2403 586 2448 autem
614 2389 771 2469 perfectam
801 2391 925 2472 speciem
954 2411 1007 2451 nos
1029 2389 1117 2468 jussit
1138 2409 1205 2446 cum
1223 2400 1334 2448 nosmet

93 2488 174 2567 ipsos
195 2488 391 2562 conformare,
412 2501 475 2546 tum
495 2507 540 2546 res
559 2487 712 2548 civitatum
742 2487 874 2567 legesque
902 2486 1054 2548 emendare
1080 2499 1165 2566 atque
1184 2483 1333 2566 perficere.

93 2585 173 2643 Illuc
195 2585 311 2666 respicit
331 2584 410 2665 apud
429 2605 494 2644 eum
523 2583 670 2660 Socrates,
702 2584 753 2644 ubi
782 2585 831 2644 hic
858 2586 891 2644 in
923 2585 1079 2644 Theaeteto
1106 2584 1142 2645 de
1172 2582 1333 2660 injustitiae

92 2703 189 2763 poena
206 2703 272 2740 cum
293 2681 445 2742 Theodoro
465 2681 589 2742 disserit.
635 2682 819 2762 «Ignorant,
840 2683 899 2758 ait,
920 2683 1048 2764 perversi
1070 2682 1201 2742 homines
1220 2675 1332 2762 ζημίαν

92 2774 222 2858 οἷδαιίας,
253 2775 272 2841 δ
298 2780 348 2842 δεῖ
366 2773 471 2862 ἥκιστα
492 2775 618 2861 α’γνοεΐν·
641 2775 677 2840 oi
696 2773 754 2860 γάρ
778 2777 856 2840 ἐστιν
877 2775 915 2861 ἢν
943 2778 1076 2855 δοκοῦσι,
1098 2778 1211 2862 πληγαί
1229 2804 1260 2844 τε
1281 2779 1331 2844 κατ’

92 2875 239 2959 θάνατοι,
274 2870 318 2942 ὦν
349 2879 440 2944 ἐνίοτε
472 2877 640 2964 πάσχουσιν
671 2875 759 2944 ου’δὲν
793 2871 976 2958 ἀδικοῦντες,
1008 2876 1082 2942 itta*
1114 2877 1153 2965 ἢν
1185 2876 1332 2947 ἀδύνατον

93 2983 247 3066 ἐκφυγεῖν·
268 2987 405 3064 μοονιααι’
416 2994 563 3066 ignorant
582 2992 776 3061 injustitiae,
794 2987 828 3042 id
837 3031 846 3059 ,
872 2987 948 3064 quod
977 2991 1102 3044 minime
1121 2994 1266 3064 ignorare
1282 2989 1329 3048 de·

93 3096 161 3146 cet:
177 3081 240 3144 non
260 3096 304 3144 est
324 3091 426 3158 enirn,
445 3105 536 3163 quom
555 3091 739 3161 opinantur,
760 3086 884 3142 uerbe'ro
902 3084 1072 3157 accendes,
1099 3085 1207 3161 quibus
1234 3085 1329 3164 offici·
1408 3129 1409 3135 ,

94 3195 195 3244 untur
213 3184 336 3243 subinde
355 3190 408 3260 qui
425 3184 507 3240 nihil
519 3174 746 3260 perpetrarunt
760 3189 875 3258 injucti
885 3203 898 3251 ;
917 3183 969 3240 ced
986 3202 1021 3239 ea
1041 3202 1131 3259 quom
1152 3203 1210 3242 non
1230 3193 1331 3260 potent

93 3286 208 3362 eliquit
237 3283 382 3362 ffugere.
424 3281 481 3340 fite
512 3279 700 3342 Theodorus:
742 3301 898 3359 quamnam
937 3279 1044 3340 illam?
1085 3278 1215 3340 Socrates
1243 3303 1328 3359 vero,

92 3373 356 3461 παραδειγμάτων,
384 3379 501 3458 inquit,
528 3368 553 3438 ὦ
579 3375 660 3458 φίλε,
688 3373 721 3438 ἕν
747 3377 792 3463 τῷ
813 3371 876 3438 tion
898 3370 1051 3452 ἑστώτων,
1073 3377 1129 3438 τοῦ
1148 3374 1205 3458 μὲν
1226 3378 1329 3458 θείου,
1366 3423 1371 3431 -

93 3475 372 3561 εὐδαιμονεστάτου,
400 3480 455 3542 τοῦ
481 3476 517 3541 δὲ
543 3474 656 3556 ἀθέου,
683 3473 889 3568 ἅθλιωτάτοο,
917 3475 976 3560 οὐχ
1004 3473 1132 3563 ὁρῶντες
1161 3474 1209 3544 ὅτι
1234 3477 1330 3558 οὕτως

93 3581 171 3665 ἔχει,
197 3577 256 3646 ino*
283 3576 480 3667 ἠλιθιότητός
505 3604 537 3643 τε
563 3580 613 3644 καὶ
639 3580 695 3663 τῆς
722 3577 855 3664 ἐσχάτης
881 3576 981 3658 α’νοίας
1001 3577 1183 3646 λανθάνουσι
1204 3584 1249 3668 τῷ
1271 3581 1330 3662 μὲν

92 3681 283 3766 σ’μοισδμενοι
315 3681 365 3747 διδ
395 3677 451 3761 τοῖς
481 3679 601 3759 ditione
628 3679 766 3766 πράξεις,
799 3684 844 3770 τῷ
875 3680 910 3745 δὲ
941 3679 1181 3781 α’νομομδμενοι·
1219 3677 1255 3747 οὗ
1287 3680 1328 3768 tq*

92 3787 204 3850 τίνουσι
241 3785 345 3870 δίκην,
380 3786 489 3862 ζῶντες
523 3782 578 3848 τδν
609 3782 706 3849 εἰκότα
736 3785 802 3868 βίον
833 3778 858 3874 ᾦ
891 3783 1075 3866 σ’μοιοῦνται·
1104 3811 1173 3848 σανα
1203 3796 1283 3863 rint,
1312 3812 1328 3862 o

93 3898 209 3965 amice,
229 3897 263 3948 in
283 3914 331 3966 eo,
352 3893 429 3969 quod
449 3901 509 3964 est,
530 3893 717 3968 enemploria
734 3893 810 3965 duc,
832 3893 988 3966 diuinum,
1009 3891 1085 3968 quod
1102 3891 1326 3963 beatissimum,

96 3992 233 4049 alterum
254 4011 322 4048 cero
343 4011 362 4047 ο
381 3987 445 4048 Deo
463 3990 618 4064 alienum,
639 3991 717 4067 quod
735 3996 943 4048 miserrimum
963 3976 1025 4063 cit,
1045 4010 1103 4047 non
1115 3989 1249 4045 videntes
1262 3994 1327 4061 isti,

94 4095 140 4146 ita
170 4109 235 4144 rem
258 4110 290 4146 se
320 4089 441 4164 trahere,
471 4107 546 4165 prae
570 4089 709 4146 stultitia
737 4095 929 4166 extremoque
954 4088 1123 4162 dementia,
1152 4087 1224 4144 huic
1238 4085 1329 4162 fiunt

90 4351 95 4358 Ι
128 4275 154 4338 1)
181 4277 282 4334 Curtes.
299 4282 385 4332 Prine.
399 4280 461 4350 pul.
475 4280 503 4332 P.
518 4281 539 4330 1.
553 4279 581 4342 ς.
595 4277 660 4331 XIV.
677 4297 703 4347 p.
720 4277 744 4330 4.

137 4366 356 4430 metricorum
378 4376 404 4419 et
423 4367 541 4423 ι’ᾱναδιαα
567 4366 726 4430 discrimine,
751 4381 818 4434 quae
844 4381 896 4417 non
920 4364 979 4419 dett
1004 4363 1085 4432 opert
1108 4361 1241 4427 distinxit,
1260 4360 1328 4412 inira

93 4455 141 4506 orit
160 4452 298 4522 agendum.
