2924 5132
810 223 815 252 ⁹
1289 289 1324 346 17

378 456 561 521 'l'lirnspmnclsi
576 459 607 508 'de
621 457 721 521 justitia
740 473 771 506 uc
786 457 908 523 felicitate
924 457 1028 524 placito.
1275 395 1327 502 list

119 575 242 626 Politia
261 577 281 626 1.
300 577 418 640 iustitie,
437 580 487 627 τοῦ
507 582 653 646 κρείττονος
665 578 806 647 ξυμφέρον,
825 577 945 643 placitum
957 589 1092 625 commuue
1112 574 1276 638 sophista-

85 680 155 712 rum.
166 665 185 712 G
195 680 209 711 o
218 681 229 712 r
236 664 316 726 pias.
326 663 439 724 iustitis,
450 661 589 732 ἀλλότριον
597 659 698 730 ἆγαθὸν
706 663 787 713 niuniu
795 662 891 728 βλάβη,
901 660 1136 724 Thrasymaciii
1145 659 1276 724 placitum.

86 751 163 814 liujus
172 749 259 814 placiti
272 749 378 814 speeies.
397 751 467 797 Mac
475 750 491 795 lr
498 750 530 796 ia
538 765 553 795 o
561 764 574 796 a
582 749 656 797 llus.
676 749 858 797 llccontiorum
868 752 917 798 rori
925 749 1096 816 ξυμφέροντος
1105 745 1275 810 philosophis.

162 884 318 938 ,iustissimi
335 886 440 937 lominus
457 894 480 935 et
498 885 667 952 injustissimi,
681 885 813 950 felicitatis
830 885 928 937 ratione
946 883 1046 945 tetum
1065 885 1227 950 comparatio.
1273 881 1325 935 459

118 1007 189 1055 llud.
205 1008 238 1055 11.
260 1006 438 1054 Glauconis
453 1019 568 1052 sermone
587 1009 725 1053 renovetur
743 1003 979 1068 Thrasymaciii
991 1002 1084 1051 oratio.
1106 1003 1279 1067 Gygisonnu-

85 1092 133 1141 lus.
146 1091 218 1140 lusto
226 1092 342 1154 justitiae
354 1127 360 1153 ,
374 1090 470 1154 injusto
484 1089 625 1152 injustitiae
634 1089 754 1153 opinione
767 1090 835 1138 omni
847 1090 976 1150 detractu,
987 1094 1046 1137 utor
1063 1087 1183 1137 felicior?
1201 1088 1248 1136 Ad
1253 1090 1276 1136 i-

83 1178 183 1224 manti
207 1192 296 1225 sermo.
322 1177 396 1226 Varia
410 1175 542 1224 hominum
555 1174 586 1222 de
604 1173 727 1224 colendae
745 1190 803 1222 cum
820 1175 1006 1238 justitiaetuae
1026 1174 1165 1237 injustitiae
1182 1174 1278 1222 caussis

79 1262 185 1326 judicia.
209 1262 287 1326 Quale
302 1262 431 1329 justitiae
455 1260 566 1309 Platonis
583 1263 666 1308 aetate
681 1259 936 1325 patrocinium.iuiti'
958 1251 1225 1324 Quales'Gruecorum
1247 1275 1277 1308 eo

84 1354 196 1412 tempore
220 1348 353 1412 opiniones
380 1351 408 1395 et
424 1345 527 1394 mores?
544 1345 630 1408 Qualis
646 1345 688 1400 vir,
698 1345 906 1410 requirebatur?
916 1345 1056 1394 Politice
1078 1345 1279 1394 conscribendae

83 1435 190 1482 arduum
207 1434 348 1495 negotium.
407 1481 409 1487 ,

449 1554 515 1615 Qseid
532 1555 559 1602 in
577 1554 659 1602 uuiuso
676 1551 779 1603 lanistis
794 1553 895 1616 justitia
912 1550 972 1602 est?
1279 1547 1331 1602 466

118 1675 189 1726 Eod.
209 1675 361 1722 Socratis
376 1673 408 1721 do
428 1672 514 1722 auditu
535 1671 676 1736 injustitiae
698 1671 847 1720 detonsione
864 1669 1001 1734 judicium.

379 1791 496 1844 Justitiae
514 1793 683 1858 exquirendae
704 1795 796 1843 caussa
813 1791 902 1841 ciuitas
917 1791 1028 1857 finpitssr.
1278 1785 1328 1838 467

117 1913 259 1960 Communis
278 1913 447 1976 interpretum
467 1913 493 1960 in
512 1911 649 1960 indicendo
664 1909 899 1976 perpendendoque
918 1908 1064 1956 Politice
1088 1907 1219 1972 proposito
1233 1922 1276 1955 ne·

86 1997 218 2060 gligentie.

391 2118 468 2168 letitia
487 2119 604 2169 ciuitatis.
636 2115 762 2169 Undenarn
779 2117 912 2183 repetenda
929 2115 1007 2166 mut?
1294 2134 1308 2163 n

117 2236 188 2286 liod.
209 2237 362 2285 Socratis
377 2233 467 2284 sermo.
488 2234 526 2284 nh
539 2236 686 2300 indigentia
700 2236 771 2298 oripo
786 2235 896 2284 civitatis
907 2203 1020 2285 ducitur.
1036 2233 1192 2299 prospicitur
1203 2233 1278 2283 variis

83 2323 148 2369 vitae
160 2322 285 2370 humanae
296 2323 498 2370 necessitutibus.
519 2322 623 2384 Dupleu
632 2321 742 2393 civitatis
750 2335 831 2383 genus
844 2320 938 2383 quale?
952 2322 1015 2370 llum
1026 2321 1165 2385 perfectam
1176 2335 1277 2384 rempu-

82 2406 175 2454 blicam
205 2408 316 2456 condere
337 2408 474 2455 meditatus
494 2407 585 2455 Plato?
609 2408 690 2469 Quare
714 2398 856 2472 temperans
877 2406 989 2454 civitatis
1014 2421 1096 2468 penus
1116 2405 1273 2471 perfectissi-
1342 2477 1344 2486 γ

83 2507 151 2539 nrum
170 2491 311 2540 exhibuit?

147 2609 262 2664 finitatis
279 2605 396 2663 crestodes.
418 2613 454 2661 lle
471 2621 640 2687 reetnbeorum
657 2629 703 2679 per
720 2612 840 2662 musicum
858 2621 881 2662 et
895 2612 1075 2678 ppeuuastioam
1092 2611 1252 2662 institutione.
1271 2611 1324 2662 470

116 2729 267 2778 custodibus
291 2731 403 2780 civitatis
426 2746 490 2794 opus
514 2735 553 2778 est
576 2731 734 2780 humanitate
751 2733 846 2796 pariter
861 2736 888 2780 et
898 2732 1062 2792 fortitudine
1078 2731 1273 2783 excellentibus.

83 2816 176 2878 Quales
193 2816 356 2878 antiquarum
373 2818 525 2864 Graecarum
543 2816 675 2864 civitatum
691 2809 762 2883 leges
777 2817 902 2866 suerunt?
920 2817 963 2866 llis
981 2831 1107 2878 congruas
1123 2833 1183 2866 suae
1202 2817 1274 2866 dedit

79 2900 179 2950 civitati
198 2901 278 2949 Plato.

197 3021 235 3070 De
252 3022 344 3071 artium
362 3022 389 3070 in
407 3023 522 3084 ciuitate,
542 3023 576 3070 nd
593 3023 674 3089 ipsam
690 3033 758 3074 recte
776 3023 950 3084 excolendam,
969 3026 995 3072 oi
1012 3031 1035 3073 st
1052 3024 1209 3074 auctoritate.
1271 3022 1323 3074 473

115 3140 223 3189 llusicue
239 3141 359 3204 antiquae
376 3141 517 3204 amplitudo
531 3147 557 3188 et
573 3143 622 3190 uis.
650 3142 686 3192 Do
704 3143 834 3206 poitorunr
849 3142 1013 3204 antiquorum
1017 3141 1124 3200 fatalis
1136 3139 1273 3204 judicium.

247 3278 285 3327 Dc
301 3278 393 3346 placito
410 3279 535 3339 Philonis,
554 3287 648 3328 unaata
665 3279 775 3329 musicae
792 3279 906 3340 ratium,
925 3281 1005 3347 ipsam
1022 3279 1116 3328 nustari
1133 3294 1165 3327 uc

551 3365 697 3413 cunmooeri
713 3365 846 3415 ciuitatem.
1271 3364 1323 3414 474
1338 3421 1340 3426 ,

115 3484 285 3550 Querumnnrn
307 3481 412 3530 nrsximc
429 3496 514 3528 rerum
537 3480 636 3528 noxiam
657 3480 706 3528 vim
726 3483 820 3545 carpsit
838 3481 931 3530 Pluto?

322 3617 358 3667 De
374 3618 528 3682 ppmnastica
546 3618 673 3667 crestadum
691 3619 832 3669 educationi
848 3627 915 3669 reete
932 3618 1078 3670 mutesco.
1271 3619 1322 3671 475

116 3737 247 3788 Potitieas
265 3736 332 3800 apud
355 3736 487 3784 Platonem
507 3750 565 3784 cum
589 3751 685 3784 morum
706 3720 998 3800 scetana'eonjunctio.
1026 3738 1273 3801 Spectutcivitatens
1346 3747 1352 3766 ¹
1377 3728 1381 3736 Α

15 3843 17 3852 ’
76 3822 240 3888 philosophia
253 3822 360 3886 pulcri,·
379 3822 440 3870 item
461 3823 524 3869 osri.
544 3823 743 3869 Xenocratis
756 3822 861 3870 dictum.

538 3929 576 3992 De
593 3937 731 3993 rectoribus
747 3943 863 3992 ciuitatis.
1270 3945 1321 3996 477

112 4029 213 4109 Polit.
234 4062 292 4140 lll,
310 4061 354 4112 Vl.
383 4063 418 4110 lis
432 4059 526 4124 quibus
541 4060 653 4122 eligendi
671 4061 748 4109 sunt?
775 4060 940 4127 Ingeniorum
955 4061 1063 4111 serietas
1078 4059 1194 4111 delectis
1211 4062 1272 4111 dili-

74 4147 190 4209 gentiam
209 4146 325 4210 requirit.

236 4267 303 4330 Quid
319 4283 423 4318 caussae
441 4283 492 4316 csse
509 4267 638 4330 dumus,
657 4275 685 4318 ιιι
700 4269 804 4336 possim
818 4268 874 4335 scre
890 4277 1012 4336 rapantur
1029 4269 1167 4319 moiun?
1270 4267 1322 4318 479

19 4415 26 4424 ·
112 4384 188 4434 aad.
210 4385 395 4435 Gubernatoris
412 4391 439 4434 et
453 4391 592 4433 nautarum
610 4401 669 4434 curn
684 4387 795 4435 civitatis
813 4386 1028 4436 administratione
1042 4386 1204 4452 comparatio.
1228 4386 1271 4434 Vs·

74 4486 124 4518 ras
144 4471 318 4536 philosophias
335 4473 400 4521 ursle
416 4471 573 4520 existimatio.
593 4471 761 4538 Philosophse
774 4472 867 4521 indolis
881 4473 1020 4538 corruptio.
