<?xml version="1.0" encoding="UTF-8"?>
<!DOCTYPE html PUBLIC "-//W3C//DTD XHTML 1.0 Transitional//EN"
    "http://www.w3.org/TR/xhtml1/DTD/xhtml1-transitional.dtd">
<html xmlns="http://www.w3.org/1999/xhtml" xml:lang="en" lang="en">
 <head>
  <title>
</title>
<meta http-equiv="Content-Type" content="text/html;charset=utf-8" />
  <meta name='ocr-system' content='tesseract 3.04.00' />
  <meta name='ocr-capabilities' content='ocr_page ocr_carea ocr_par ocr_line ocrx_word'/>
</head>
<body>
  <div class='ocr_page' id='page_1' title='image "./initiaphilosoph02heusgoog_0062.png"; bbox 0 0 2950 5134; ppageno 0'>
   <div class='ocr_carea' id='block_1_1' title="bbox 477 1494 944 1588">
    <p class='ocr_par' dir='ltr' id='par_1_1' title="bbox 477 1494 944 1588">
     <span class='ocr_line' id='line_1_1' title="bbox 477 1494 944 1588; baseline 0.002 -3"><span class='ocrx_word' id='word_1_1' title='bbox 477 1494 944 1588; x_wconf 82' lang='lat' dir='ltr'><strong>nrinrro.</strong></span> 
     </span>
    </p>
   </div>
   <div class='ocr_carea' id='block_1_2' title="bbox 200 1831 1203 1894">
    <p class='ocr_par' dir='ltr' id='par_1_2' title="bbox 200 1831 1203 1894">
     <span class='ocr_line' id='line_1_2' title="bbox 200 1831 1203 1894; baseline 0.005 -15"><span class='ocrx_word' id='word_1_2' title='bbox 200 1833 326 1882; x_wconf 67' lang='lat' dir='ltr'><strong>ustos</strong></span> <span class='ocrx_word' id='word_1_3' title='bbox 354 1831 649 1886; x_wconf 73' lang='lat' dir='ltr'><strong>ruinosot’tttatt</strong></span> <span class='ocrx_word' id='word_1_4' title='bbox 678 1835 925 1886; x_wconf 69' lang='lat' dir='ltr'><strong>Platonicis</strong></span> <span class='ocrx_word' id='word_1_5' title='bbox 955 1835 1203 1894; x_wconf 68' lang='lat' dir='ltr'><strong>repetition.</strong></span> 
     </span>
    </p>
   </div>
   <div class='ocr_carea' id='block_1_3' title="bbox 100 2419 1321 3892">
    <p class='ocr_par' dir='ltr' id='par_1_3' title="bbox 100 2419 1321 3892">
     <span class='ocr_line' id='line_1_3' title="bbox 135 2419 1320 2521; baseline 0.005 -39"><span class='ocrx_word' id='word_1_6' title='bbox 135 2422 262 2484; x_wconf 83' lang='lat' dir='ltr'><strong>Nobilem</strong></span> <span class='ocrx_word' id='word_1_7' title='bbox 285 2421 413 2484; x_wconf 82' lang='lat' dir='ltr'><strong>Platonis</strong></span> <span class='ocrx_word' id='word_1_8' title='bbox 440 2419 476 2485; x_wconf 91' lang='lat' dir='ltr'><strong>de</strong></span> <span class='ocrx_word' id='word_1_9' title='bbox 507 2428 603 2489; x_wconf 90' lang='lat' dir='ltr'><strong>animo</strong></span> <span class='ocrx_word' id='word_1_10' title='bbox 633 2429 804 2489; x_wconf 82' lang='lat' dir='ltr'><strong>sententiam</strong></span> <span class='ocrx_word' id='word_1_11' title='bbox 830 2444 862 2489; x_wconf 92' lang='lat' dir='ltr'><strong>ut</strong></span> <span class='ocrx_word' id='word_1_12' title='bbox 885 2421 1095 2510; x_wconf 88' lang='lat' dir='ltr'><strong>quodammodo</strong></span> <span class='ocrx_word' id='word_1_13' title='bbox 1120 2441 1320 2521; x_wconf 73' lang='lat' dir='ltr'><strong>assequamur1</strong></span> 
     </span>
     <span class='ocr_line' id='line_1_4' title="bbox 100 2519 1319 2612; baseline 0.005 -32"><span class='ocrx_word' id='word_1_14' title='bbox 100 2519 284 2601; x_wconf 84' lang='lat' dir='ltr'><strong>disquisitioni</strong></span> <span class='ocrx_word' id='word_1_15' title='bbox 302 2533 414 2582; x_wconf 88' lang='lat' dir='ltr'><strong>nostrae</strong></span> <span class='ocrx_word' id='word_1_16' title='bbox 433 2543 499 2583; x_wconf 88' lang='lat' dir='ltr'><strong>curn</strong></span> <span class='ocrx_word' id='word_1_17' title='bbox 519 2523 662 2587; x_wconf 88' lang='lat' dir='ltr'><strong>Socratica</strong></span> <span class='ocrx_word' id='word_1_18' title='bbox 681 2525 948 2604; x_wconf 71' lang='lat' dir='ltr'><strong>adhibendumne,</strong></span> <span class='ocrx_word' id='word_1_19' title='bbox 969 2539 1030 2588; x_wconf 88' lang='lat' dir='ltr'><strong>tum</strong></span> <span class='ocrx_word' id='word_1_20' title='bbox 1048 2525 1234 2612; x_wconf 80' lang='lat' dir='ltr'><strong>Pythagorica</strong></span> <span class='ocrx_word' id='word_1_21' title='bbox 1251 2526 1319 2608; x_wconf 91' lang='lat' dir='ltr'><strong>pla-</strong></span> 
     </span>
     <span class='ocr_line' id='line_1_5' title="bbox 100 2618 1317 2708; baseline 0.006 -31"><span class='ocrx_word' id='word_1_22' title='bbox 100 2621 158 2680; x_wconf 88' lang='lat' dir='ltr'><strong>cita.</strong></span> <span class='ocrx_word' id='word_1_23' title='bbox 193 2618 222 2699; x_wconf 85' lang='grc'><strong>1)</strong></span> <span class='ocrx_word' id='word_1_24' title='bbox 254 2621 438 2681; x_wconf 80' lang='lat' dir='ltr'><strong>&#39;Persuaserat</strong></span> <span class='ocrx_word' id='word_1_25' title='bbox 455 2623 511 2682; x_wconf 86' lang='lat' dir='ltr'><strong>sihi</strong></span> <span class='ocrx_word' id='word_1_26' title='bbox 532 2623 660 2686; x_wconf 80' lang='lat' dir='ltr'><strong>Socrates</strong></span> <span class='ocrx_word' id='word_1_27' title='bbox 687 2624 723 2684; x_wconf 91' lang='lat' dir='ltr'><strong>de</strong></span> <span class='ocrx_word' id='word_1_28' title='bbox 747 2627 837 2685; x_wconf 88' lang='lat' dir='ltr'><strong>animi</strong></span> <span class='ocrx_word' id='word_1_29' title='bbox 857 2621 977 2686; x_wconf 88' lang='lat' dir='ltr'><strong>h&#39;umani</strong></span> <span class='ocrx_word' id='word_1_30' title='bbox 997 2623 1169 2708; x_wconf 81' lang='lat' dir='ltr'><strong>praestantia</strong></span> <span class='ocrx_word' id='word_1_31' title='bbox 1189 2637 1217 2686; x_wconf 90' lang='lat' dir='ltr'><strong>et</strong></span> <span class='ocrx_word' id='word_1_32' title='bbox 1235 2622 1317 2688; x_wconf 83' lang='lat' dir='ltr'><strong>divi-</strong></span> 
     </span>
     <span class='ocr_line' id='line_1_6' title="bbox 100 2711 1321 2807; baseline 0.008 -33"><span class='ocrx_word' id='word_1_33' title='bbox 100 2717 189 2779; x_wconf 82' lang='lat' dir='ltr'><strong>nitate.</strong></span> <span class='ocrx_word' id='word_1_34' title='bbox 239 2711 325 2778; x_wconf 63' lang='lat' dir='ltr'><strong>{oti</strong></span> <span class='ocrx_word' id='word_1_35' title='bbox 350 2713 426 2800; x_wconf 65' lang='grc' dir='ltr'><strong>μήν,</strong></span> <span class='ocrx_word' id='word_1_36' title='bbox 457 2721 626 2799; x_wconf 83' lang='lat' dir='ltr'><strong>contendit,</strong></span> <span class='ocrx_word' id='word_1_37' title='bbox 656 2721 706 2784; x_wconf 76' lang='lat' dir='ltr'><strong>stoi</strong></span> <span class='ocrx_word' id='word_1_38' title='bbox 730 2713 895 2807; x_wconf 66' lang='grc' dir='ltr'><strong>ἀνθρώπου</strong></span> <span class='ocrx_word' id='word_1_39' title='bbox 920 2747 950 2806; x_wconf 77' lang='grc' dir='ltr'><strong>γε</strong></span> <span class='ocrx_word' id='word_1_40' title='bbox 978 2719 1083 2807; x_wconf 56' lang='lat' dir='ltr'><strong>pogii,</strong></span> <span class='ocrx_word' id='word_1_41' title='bbox 1108 2718 1188 2807; x_wconf 74' lang='grc' dir='ltr'><strong>εἴνέρ</strong></span> <span class='ocrx_word' id='word_1_42' title='bbox 1216 2746 1244 2785; x_wconf 85' lang='grc' dir='ltr'><strong>τι</strong></span> <span class='ocrx_word' id='word_1_43' title='bbox 1270 2721 1321 2785; x_wconf 81' lang='grc' dir='ltr'><strong>καῖ</strong></span> 
     </span>
     <span class='ocr_line' id='line_1_7' title="bbox 100 2809 1318 2910; baseline 0.009 -35"><span class='ocrx_word' id='word_1_44' title='bbox 100 2809 165 2876; x_wconf 71' lang='lat' dir='ltr'><strong>itai</strong></span> <span class='ocrx_word' id='word_1_45' title='bbox 183 2819 243 2880; x_wconf 77' lang='lat' dir='ltr'><strong>seio</strong></span> <span class='ocrx_word' id='word_1_46' title='bbox 264 2815 474 2904; x_wconf 68' lang='grc' dir='ltr'><em>ἀνθρωπίνων,</em></span> <span class='ocrx_word' id='word_1_47' title='bbox 496 2819 552 2883; x_wconf 75' lang='lat' dir='ltr'><strong>toti</strong></span> <span class='ocrx_word' id='word_1_48' title='bbox 570 2819 656 2886; x_wconf 71' lang='grc' dir='ltr'>θείου</span> <span class='ocrx_word' id='word_1_49' title='bbox 683 2817 807 2906; x_wconf 62' lang='grc' dir='ltr'><strong>μετέχει,</strong></span> <span class='ocrx_word' id='word_1_50' title='bbox 847 2827 905 2887; x_wconf 84' lang='lat' dir='ltr'><strong>Nec</strong></span> <span class='ocrx_word' id='word_1_51' title='bbox 934 2827 1029 2886; x_wconf 89' lang='lat' dir='ltr'><strong>minus</strong></span> <span class='ocrx_word' id='word_1_52' title='bbox 1056 2827 1135 2910; x_wconf 88' lang='lat' dir='ltr'><strong>apud</strong></span> <span class='ocrx_word' id='word_1_53' title='bbox 1162 2846 1226 2886; x_wconf 92' lang='lat' dir='ltr'><strong>eum</strong></span> <span class='ocrx_word' id='word_1_54' title='bbox 1252 2848 1318 2886; x_wconf 90' lang='lat' dir='ltr'><strong>con·</strong></span> 
     </span>
     <span class='ocr_line' id='line_1_8' title="bbox 100 2917 1318 3004; baseline 0.007 -29"><span class='ocrx_word' id='word_1_55' title='bbox 100 2917 183 2980; x_wconf 86' lang='lat' dir='ltr'><strong>stabat</strong></span> <span class='ocrx_word' id='word_1_56' title='bbox 210 2923 246 2982; x_wconf 91' lang='lat' dir='ltr'><strong>de</strong></span> <span class='ocrx_word' id='word_1_57' title='bbox 276 2923 365 2983; x_wconf 88' lang='lat' dir='ltr'><strong>animi</strong></span> <span class='ocrx_word' id='word_1_58' title='bbox 393 2921 613 2989; x_wconf 80' lang='lat' dir='ltr'><strong>immortalitate.</strong></span> <span class='ocrx_word' id='word_1_59' title='bbox 654 2929 719 2988; x_wconf 85' lang='lat' dir='ltr'><strong>Non</strong></span> <span class='ocrx_word' id='word_1_60' title='bbox 747 2925 818 3004; x_wconf 85' lang='lat' dir='ltr'><strong>ille,</strong></span> <span class='ocrx_word' id='word_1_61' title='bbox 846 2924 887 2987; x_wconf 87' lang='lat' dir='ltr'><strong>ait</strong></span> <span class='ocrx_word' id='word_1_62' title='bbox 915 2927 1033 3002; x_wconf 81' lang='lat' dir='ltr'><strong>Cicero,</strong></span> <span class='ocrx_word' id='word_1_63' title='bbox 1062 2940 1124 2986; x_wconf 92' lang='lat' dir='ltr'><strong>tum</strong></span> <span class='ocrx_word' id='word_1_64' title='bbox 1155 2925 1230 3002; x_wconf 88' lang='lat' dir='ltr'><strong>hoc,</strong></span> <span class='ocrx_word' id='word_1_65' title='bbox 1256 2939 1318 2985; x_wconf 88' lang='lat' dir='ltr'><strong>tum</strong></span> 
     </span>
     <span class='ocr_line' id='line_1_9' title="bbox 100 3013 1318 3108; baseline 0.01 -36"><span class='ocrx_word' id='word_1_66' title='bbox 100 3013 186 3094; x_wconf 89' lang='lat' dir='ltr'><strong>illud,</strong></span> <span class='ocrx_word' id='word_1_67' title='bbox 206 3035 237 3081; x_wconf 91' lang='lat' dir='ltr'><strong>ut</strong></span> <span class='ocrx_word' id='word_1_68' title='bbox 254 3023 287 3082; x_wconf 89' lang='lat' dir='ltr'><strong>in</strong></span> <span class='ocrx_word' id='word_1_69' title='bbox 304 3020 447 3105; x_wconf 89' lang='lat' dir='ltr'><strong>plerisque</strong></span> <span class='ocrx_word' id='word_1_70' title='bbox 457 3069 466 3098; x_wconf 91' lang='lat'><em>‚</em></span> <span class='ocrx_word' id='word_1_71' title='bbox 487 3022 538 3082; x_wconf 92' lang='lat' dir='ltr'><strong>sed</strong></span> <span class='ocrx_word' id='word_1_72' title='bbox 563 3019 640 3084; x_wconf 90' lang='lat' dir='ltr'><strong>idem</strong></span> <span class='ocrx_word' id='word_1_73' title='bbox 659 3026 775 3090; x_wconf 88' lang='lat' dir='ltr'><strong>dicebat</strong></span> <span class='ocrx_word' id='word_1_74' title='bbox 802 3047 911 3108; x_wconf 86' lang='lat' dir='ltr'><strong>semper</strong></span> <span class='ocrx_word' id='word_1_75' title='bbox 922 3071 930 3100; x_wconf 90' lang='lat'><em>,</em></span> <span class='ocrx_word' id='word_1_76' title='bbox 951 3025 1060 3084; x_wconf 91' lang='lat' dir='ltr'><strong>animos</strong></span> <span class='ocrx_word' id='word_1_77' title='bbox 1085 3023 1235 3083; x_wconf 91' lang='lat' dir='ltr'><strong>hominum</strong></span> <span class='ocrx_word' id='word_1_78' title='bbox 1261 3045 1318 3084; x_wconf 88' lang='lat' dir='ltr'><strong>esse</strong></span> 
     </span>
     <span class='ocr_line' id='line_1_10' title="bbox 100 3103 1318 3204; baseline 0.007 -32"><span class='ocrx_word' id='word_1_79' title='bbox 100 3103 234 3196; x_wconf 42' lang='lat' dir='ltr'><strong>divinos)</strong></span> <span class='ocrx_word' id='word_1_80' title='bbox 246 3121 356 3200; x_wconf 87' lang='lat' dir='ltr'><strong>iisque,</strong></span> <span class='ocrx_word' id='word_1_81' title='bbox 377 3141 442 3180; x_wconf 90' lang='lat' dir='ltr'><strong>cum</strong></span> <span class='ocrx_word' id='word_1_82' title='bbox 465 3143 479 3181; x_wconf 97' lang='lat' dir='ltr'><strong>e</strong></span> <span class='ocrx_word' id='word_1_83' title='bbox 504 3141 621 3204; x_wconf 89' lang='lat' dir='ltr'><strong>corpore</strong></span> <span class='ocrx_word' id='word_1_84' title='bbox 641 3127 843 3201; x_wconf 87' lang='lat' dir='ltr'><strong>excessissent,</strong></span> <span class='ocrx_word' id='word_1_85' title='bbox 864 3121 988 3184; x_wconf 87' lang='lat' dir='ltr'><strong>reditum</strong></span> <span class='ocrx_word' id='word_1_86' title='bbox 1007 3123 1038 3181; x_wconf 93' lang='lat' dir='ltr'><strong>in</strong></span> <span class='ocrx_word' id='word_1_87' title='bbox 1065 3118 1175 3180; x_wconf 87' lang='lat' dir='ltr'><strong>coelum</strong></span> <span class='ocrx_word' id='word_1_88' title='bbox 1202 3135 1318 3204; x_wconf 87' lang='lat' dir='ltr'><strong>patere,</strong></span> 
     </span>
     <span class='ocr_line' id='line_1_11' title="bbox 100 3217 1316 3303; baseline 0.006 -31"><span class='ocrx_word' id='word_1_89' title='bbox 100 3217 197 3293; x_wconf 91' lang='lat' dir='ltr'><strong>optimo</strong></span> <span class='ocrx_word' id='word_1_90' title='bbox 216 3231 244 3276; x_wconf 89' lang='lat' dir='ltr'><strong>et</strong></span> <span class='ocrx_word' id='word_1_91' title='bbox 258 3219 415 3296; x_wconf 88' lang='lat' dir='ltr'><strong>justissimo</strong></span> <span class='ocrx_word' id='word_1_92' title='bbox 433 3219 536 3299; x_wconf 89' lang='lat' dir='ltr'><strong>cuique</strong></span> <span class='ocrx_word' id='word_1_93' title='bbox 555 3223 811 3303; x_wconf 86' lang='lat' dir='ltr'><strong>expeditissimum.</strong></span> <span class='ocrx_word' id='word_1_94' title='bbox 853 3223 1001 3284; x_wconf 85' lang='lat' dir='ltr'><strong>Caeterum</strong></span> <span class='ocrx_word' id='word_1_95' title='bbox 1024 3219 1061 3281; x_wconf 87' lang='lat' dir='ltr'><strong>de</strong></span> <span class='ocrx_word' id='word_1_96' title='bbox 1079 3219 1203 3302; x_wconf 88' lang='lat' dir='ltr'><strong>pristino</strong></span> <span class='ocrx_word' id='word_1_97' title='bbox 1227 3221 1316 3279; x_wconf 91' lang='lat' dir='ltr'><strong>animi</strong></span> 
     </span>
     <span class='ocr_line' id='line_1_12' title="bbox 101 3311 1318 3403; baseline 0.007 -33"><span class='ocrx_word' id='word_1_98' title='bbox 101 3325 166 3372; x_wconf 87' lang='lat' dir='ltr'><strong>statu</strong></span> <span class='ocrx_word' id='word_1_99' title='bbox 184 3328 211 3374; x_wconf 87' lang='lat' dir='ltr'><strong>et</strong></span> <span class='ocrx_word' id='word_1_100' title='bbox 228 3311 448 3396; x_wconf 82' lang='lat' dir='ltr'><strong>migrationibus</strong></span> <span class='ocrx_word' id='word_1_101' title='bbox 465 3317 497 3376; x_wconf 94' lang='lat' dir='ltr'><strong>in</strong></span> <span class='ocrx_word' id='word_1_102' title='bbox 517 3318 573 3378; x_wconf 89' lang='lat' dir='ltr'><strong>alia</strong></span> <span class='ocrx_word' id='word_1_103' title='bbox 592 3320 728 3403; x_wconf 86' lang='lat' dir='ltr'><strong>deinceps</strong></span> <span class='ocrx_word' id='word_1_104' title='bbox 746 3336 774 3381; x_wconf 89' lang='lat' dir='ltr'><strong>et</strong></span> <span class='ocrx_word' id='word_1_105' title='bbox 791 3320 848 3381; x_wconf 89' lang='lat' dir='ltr'><strong>alia</strong></span> <span class='ocrx_word' id='word_1_106' title='bbox 867 3341 1003 3402; x_wconf 87' lang='lat' dir='ltr'><strong>corpora,</strong></span> <span class='ocrx_word' id='word_1_107' title='bbox 1022 3319 1102 3378; x_wconf 93' lang='lat' dir='ltr'><strong>haud</strong></span> <span class='ocrx_word' id='word_1_108' title='bbox 1119 3313 1318 3398; x_wconf 84' lang='lat' dir='ltr'><strong>disquisivisse</strong></span> 
     </span>
     <span class='ocr_line' id='line_1_13' title="bbox 101 3409 1316 3500; baseline 0.008 -33"><span class='ocrx_word' id='word_1_109' title='bbox 101 3409 206 3470; x_wconf 85' lang='lat' dir='ltr'><strong>ridetur</strong></span> <span class='ocrx_word' id='word_1_110' title='bbox 224 3411 368 3473; x_wconf 90' lang='lat' dir='ltr'><strong>subtilius.</strong></span> <span class='ocrx_word' id='word_1_111' title='bbox 395 3415 531 3474; x_wconf 80' lang='lat' dir='ltr'><strong>Alienum</strong></span> <span class='ocrx_word' id='word_1_112' title='bbox 548 3416 603 3476; x_wconf 89' lang='lat' dir='ltr'><strong>hoc</strong></span> <span class='ocrx_word' id='word_1_113' title='bbox 623 3431 681 3476; x_wconf 89' lang='lat' dir='ltr'><strong>erat</strong></span> <span class='ocrx_word' id='word_1_114' title='bbox 701 3414 737 3476; x_wconf 88' lang='lat' dir='ltr'><strong>ab</strong></span> <span class='ocrx_word' id='word_1_115' title='bbox 756 3421 864 3499; x_wconf 80' lang='lat' dir='ltr'><strong>insigni</strong></span> <span class='ocrx_word' id='word_1_116' title='bbox 883 3417 935 3478; x_wconf 89' lang='lat' dir='ltr'><strong>illa</strong></span> <span class='ocrx_word' id='word_1_117' title='bbox 956 3418 1012 3480; x_wconf 83' lang='lat' dir='ltr'><strong>viri</strong></span> <span class='ocrx_word' id='word_1_118' title='bbox 1033 3419 1065 3477; x_wconf 92' lang='lat' dir='ltr'><strong>in</strong></span> <span class='ocrx_word' id='word_1_119' title='bbox 1084 3413 1316 3500; x_wconf 86' lang='lat' dir='ltr'><strong>philosophando</strong></span> 
     </span>
     <span class='ocr_line' id='line_1_14' title="bbox 101 3507 1317 3599; baseline 0.009 -35"><span class='ocrx_word' id='word_1_120' title='bbox 101 3507 281 3588; x_wconf 84' lang='lat' dir='ltr'><strong>simplicitate.</strong></span> <span class='ocrx_word' id='word_1_121' title='bbox 333 3511 474 3587; x_wconf 88' lang='lat' dir='ltr'><strong>Quaerere</strong></span> <span class='ocrx_word' id='word_1_122' title='bbox 499 3513 641 3591; x_wconf 87' lang='lat' dir='ltr'><strong>malebat,</strong></span> <span class='ocrx_word' id='word_1_123' title='bbox 662 3516 734 3594; x_wconf 89' lang='lat' dir='ltr'><strong>quid</strong></span> <span class='ocrx_word' id='word_1_124' title='bbox 760 3519 841 3599; x_wconf 92' lang='lat' dir='ltr'><strong>pium</strong></span> <span class='ocrx_word' id='word_1_125' title='bbox 871 3530 960 3591; x_wconf 87' lang='lat' dir='ltr'><strong>esset,</strong></span> <span class='ocrx_word' id='word_1_126' title='bbox 981 3515 1052 3596; x_wconf 92' lang='lat' dir='ltr'><strong>quid</strong></span> <span class='ocrx_word' id='word_1_127' title='bbox 1077 3517 1214 3597; x_wconf 86' lang='lat' dir='ltr'><strong>impium,</strong></span> <span class='ocrx_word' id='word_1_128' title='bbox 1244 3513 1317 3595; x_wconf 92' lang='lat' dir='ltr'><strong>quid</strong></span> 
     </span>
     <span class='ocr_line' id='line_1_15' title="bbox 101 3605 1318 3695; baseline 0.007 -31"><span class='ocrx_word' id='word_1_129' title='bbox 101 3605 238 3684; x_wconf 87' lang='lat' dir='ltr'><strong>pulcrum,</strong></span> <span class='ocrx_word' id='word_1_130' title='bbox 266 3611 338 3688; x_wconf 89' lang='lat' dir='ltr'><strong>quid</strong></span> <span class='ocrx_word' id='word_1_131' title='bbox 357 3625 459 3694; x_wconf 83' lang='lat' dir='ltr'><strong>turpe,</strong></span> <span class='ocrx_word' id='word_1_132' title='bbox 488 3611 560 3692; x_wconf 90' lang='lat' dir='ltr'><strong>quid</strong></span> <span class='ocrx_word' id='word_1_133' title='bbox 585 3615 709 3691; x_wconf 82' lang='lat' dir='ltr'><strong>justum,</strong></span> <span class='ocrx_word' id='word_1_134' title='bbox 737 3611 809 3694; x_wconf 92' lang='lat' dir='ltr'><strong>quid</strong></span> <span class='ocrx_word' id='word_1_135' title='bbox 837 3617 995 3694; x_wconf 83' lang='lat' dir='ltr'><strong>injustum,</strong></span> <span class='ocrx_word' id='word_1_136' title='bbox 1016 3613 1047 3695; x_wconf 86' lang='grc'><strong>2)</strong></span> <span class='ocrx_word' id='word_1_137' title='bbox 1068 3636 1124 3694; x_wconf 92' lang='lat' dir='ltr'><strong>quo</strong></span> <span class='ocrx_word' id='word_1_138' title='bbox 1143 3615 1247 3673; x_wconf 75' lang='lat' dir='ltr'><strong>oertius</strong></span> <span class='ocrx_word' id='word_1_139' title='bbox 1271 3635 1318 3672; x_wconf 91' lang='lat' dir='ltr'><strong>se-</strong></span> 
     </span>
     <span class='ocr_line' id='line_1_16' title="bbox 102 3701 1317 3794; baseline 0.01 -33"><span class='ocrx_word' id='word_1_140' title='bbox 102 3701 240 3786; x_wconf 86' lang='lat' dir='ltr'><strong>metipsum</strong></span> <span class='ocrx_word' id='word_1_141' title='bbox 268 3723 295 3768; x_wconf 88' lang='lat' dir='ltr'><strong>et</strong></span> <span class='ocrx_word' id='word_1_142' title='bbox 321 3709 392 3769; x_wconf 85' lang='lat' dir='ltr'><strong>alios</strong></span> <span class='ocrx_word' id='word_1_143' title='bbox 425 3711 597 3771; x_wconf 88' lang='lat' dir='ltr'><strong>emendaret.</strong></span> <span class='ocrx_word' id='word_1_144' title='bbox 647 3709 836 3789; x_wconf 82' lang='lat' dir='ltr'><strong>Existimari‚</strong></span> <span class='ocrx_word' id='word_1_145' title='bbox 866 3711 995 3790; x_wconf 87' lang='lat' dir='ltr'><strong>dicebat,</strong></span> <span class='ocrx_word' id='word_1_146' title='bbox 1031 3703 1248 3794; x_wconf 72' lang='grc' dir='ltr'><em>φιλοσοφοῦντα</em></span> <span class='ocrx_word' id='word_1_147' title='bbox 1278 3734 1317 3792; x_wconf 56' lang='grc' dir='ltr'><strong>με</strong></span> 
     </span>
     <span class='ocr_line' id='line_1_17' title="bbox 102 3795 982 3892; baseline 0.013 -32"><span class='ocrx_word' id='word_1_148' title='bbox 102 3795 154 3861; x_wconf 74' lang='lat' dir='ltr'><strong>dciv</strong></span> <span class='ocrx_word' id='word_1_149' title='bbox 175 3803 194 3878; x_wconf 85' lang='grc' dir='ltr'><em>ζ</em></span> <span class='ocrx_word' id='word_1_150' title='bbox 192 3804 233 3890; x_wconf 73' lang='grc' dir='ltr'><strong>ᾖν</strong></span> <span class='ocrx_word' id='word_1_151' title='bbox 252 3803 301 3866; x_wconf 72' lang='grc' dir='ltr'><strong>καὶ</strong></span> <span class='ocrx_word' id='word_1_152' title='bbox 322 3799 493 3883; x_wconf 74' lang='grc' dir='ltr'><em>ἔξετᾶζοντα</em></span> <span class='ocrx_word' id='word_1_153' title='bbox 514 3799 645 3889; x_wconf 76' lang='grc' dir='ltr'><em>ἕμαντδν</em></span> <span class='ocrx_word' id='word_1_154' title='bbox 664 3807 714 3872; x_wconf 75' lang='grc' dir='ltr'><strong>καὶ</strong></span> <span class='ocrx_word' id='word_1_155' title='bbox 734 3799 802 3886; x_wconf 68' lang='lat' dir='ltr'><strong>eoric</strong></span> <span class='ocrx_word' id='word_1_156' title='bbox 823 3806 934 3887; x_wconf 76' lang='grc' dir='ltr'><strong><em>ἄλλους.</em></strong></span> <span class='ocrx_word' id='word_1_157' title='bbox 951 3809 982 3892; x_wconf 89' lang='grc'><strong>3)</strong></span> 
     </span>
    </p>
   </div>
   <div class='ocr_carea' id='block_1_4' title="bbox 104 3951 1317 4241">
    <p class='ocr_par' dir='ltr' id='par_1_4' title="bbox 104 3951 1317 4241">
     <span class='ocr_line' id='line_1_18' title="bbox 133 3951 1317 4068; baseline 0.009 -27"><span class='ocrx_word' id='word_1_158' title='bbox 133 3989 155 4052; x_wconf 84' lang='grc'><strong>1)</strong></span> <span class='ocrx_word' id='word_1_159' title='bbox 171 3991 208 4043; x_wconf 85' lang='lat' dir='ltr'><strong>De</strong></span> <span class='ocrx_word' id='word_1_160' title='bbox 223 3995 308 4044; x_wconf 84' lang='lat' dir='ltr'><strong>animo</strong></span> <span class='ocrx_word' id='word_1_161' title='bbox 329 3997 424 4061; x_wconf 84' lang='lat' dir='ltr'><strong>passim</strong></span> <span class='ocrx_word' id='word_1_162' title='bbox 447 3951 506 4066; x_wconf 68' lang='lat' dir='ltr'><strong>egli</strong></span> <span class='ocrx_word' id='word_1_163' title='bbox 515 3997 605 4051; x_wconf 79' lang='lat' dir='ltr'><strong>Plato:</strong></span> <span class='ocrx_word' id='word_1_164' title='bbox 621 4013 678 4050; x_wconf 85' lang='lat' dir='ltr'><strong>nom</strong></span> <span class='ocrx_word' id='word_1_165' title='bbox 692 4017 724 4052; x_wconf 91' lang='lat' dir='ltr'><strong>eo</strong></span> <span class='ocrx_word' id='word_1_166' title='bbox 740 3997 796 4052; x_wconf 82' lang='lat' dir='ltr'><strong>lere</strong></span> <span class='ocrx_word' id='word_1_167' title='bbox 810 4001 897 4052; x_wconf 83' lang='lat' dir='ltr'><strong>retulit</strong></span> <span class='ocrx_word' id='word_1_168' title='bbox 911 3960 1101 4068; x_wconf 73' lang='lat' dir='ltr'><strong>philosophiam</strong></span> <span class='ocrx_word' id='word_1_169' title='bbox 1116 4017 1226 4053; x_wconf 88' lang='lat' dir='ltr'><strong>omnem.</strong></span> <span class='ocrx_word' id='word_1_170' title='bbox 1241 3991 1317 4053; x_wconf 83' lang='lat' dir='ltr'><strong>Clas-</strong></span> 
     </span>
     <span class='ocr_line' id='line_1_19' title="bbox 104 4073 1317 4138; baseline 0.008 -12"><span class='ocrx_word' id='word_1_171' title='bbox 104 4073 149 4124; x_wconf 74' lang='lat' dir='ltr'><strong>tiot</strong></span> <span class='ocrx_word' id='word_1_172' title='bbox 168 4087 250 4130; x_wconf 79' lang='lat' dir='ltr'><strong>autem</strong></span> <span class='ocrx_word' id='word_1_173' title='bbox 272 4080 330 4131; x_wconf 87' lang='lat' dir='ltr'><strong>loca</strong></span> <span class='ocrx_word' id='word_1_174' title='bbox 351 4090 411 4132; x_wconf 83' lang='lat' dir='ltr'><strong>sont</strong></span> <span class='ocrx_word' id='word_1_175' title='bbox 434 4082 541 4134; x_wconf 66' lang='lat' dir='ltr'><strong>renco.</strong></span> <span class='ocrx_word' id='word_1_176' title='bbox 564 4083 621 4136; x_wconf 60' lang='lat' dir='ltr'><strong>m.</strong></span> <span class='ocrx_word' id='word_1_177' title='bbox 642 4084 670 4136; x_wconf 80' lang='grc'><strong>0.</strong></span> <span class='ocrx_word' id='word_1_178' title='bbox 691 4112 721 4123; x_wconf 61' lang='lat'><strong>-2</strong></span> <span class='ocrx_word' id='word_1_179' title='bbox 740 4087 831 4138; x_wconf 69' lang='lat' dir='ltr'><strong>Phoeni.</strong></span> <span class='ocrx_word' id='word_1_180' title='bbox 849 4086 891 4138; x_wconf 75' lang='lat' dir='ltr'><strong>ot.</strong></span> <span class='ocrx_word' id='word_1_181' title='bbox 910 4084 939 4138; x_wconf 82' lang='lat' dir='ltr'><strong>G.</strong></span> <span class='ocrx_word' id='word_1_182' title='bbox 959 4115 989 4123; x_wconf 89' lang='lat'>-</span> <span class='ocrx_word' id='word_1_183' title='bbox 1007 4087 1104 4138; x_wconf 80' lang='lat' dir='ltr'><strong>Menon.</strong></span> <span class='ocrx_word' id='word_1_184' title='bbox 1121 4085 1163 4138; x_wconf 85' lang='lat' dir='ltr'><strong>8l.</strong></span> <span class='ocrx_word' id='word_1_185' title='bbox 1181 4085 1210 4138; x_wconf 90' lang='lat' dir='ltr'><strong>B.</strong></span> <span class='ocrx_word' id='word_1_186' title='bbox 1229 4117 1260 4126; x_wconf 90' lang='lat'>—</span> <span class='ocrx_word' id='word_1_187' title='bbox 1279 4085 1317 4136; x_wconf 80' lang='lat' dir='ltr'><strong>De</strong></span> 
     </span>
     <span class='ocr_line' id='line_1_20' title="bbox 105 4157 1316 4241; baseline 0.006 -28"><span class='ocrx_word' id='word_1_188' title='bbox 105 4157 155 4226; x_wconf 71' lang='lat' dir='ltr'><strong>dep·</strong></span> <span class='ocrx_word' id='word_1_189' title='bbox 172 4161 228 4214; x_wconf 81' lang='lat' dir='ltr'><strong>t35.</strong></span> <span class='ocrx_word' id='word_1_190' title='bbox 244 4163 273 4214; x_wconf 82' lang='lat' dir='ltr'><strong>C.</strong></span> <span class='ocrx_word' id='word_1_191' title='bbox 294 4194 326 4206; x_wconf 86' lang='lat'>-</span> <span class='ocrx_word' id='word_1_192' title='bbox 354 4167 448 4218; x_wconf 79' lang='lat' dir='ltr'><strong>Timaeo</strong></span> <span class='ocrx_word' id='word_1_193' title='bbox 462 4166 504 4220; x_wconf 82' lang='lat'><strong>30.</strong></span> <span class='ocrx_word' id='word_1_194' title='bbox 518 4168 550 4220; x_wconf 77' lang='lat' dir='ltr'><strong>A.</strong></span> <span class='ocrx_word' id='word_1_195' title='bbox 568 4169 609 4222; x_wconf 79' lang='lat'><strong>42.</strong></span> <span class='ocrx_word' id='word_1_196' title='bbox 627 4170 658 4222; x_wconf 77' lang='lat' dir='ltr'><strong>A.</strong></span> <span class='ocrx_word' id='word_1_197' title='bbox 674 4202 706 4212; x_wconf 89' lang='lat'><strong>—-</strong></span> <span class='ocrx_word' id='word_1_198' title='bbox 721 4170 762 4222; x_wconf 87' lang='grc'><strong>69.</strong></span> <span class='ocrx_word' id='word_1_199' title='bbox 780 4171 808 4224; x_wconf 83' lang='lat' dir='ltr'><strong>C.</strong></span> <span class='ocrx_word' id='word_1_200' title='bbox 826 4203 857 4212; x_wconf 87' lang='lat'><em>-</em></span> <span class='ocrx_word' id='word_1_201' title='bbox 873 4171 1008 4224; x_wconf 86' lang='lat' dir='ltr'><strong>Caeterum</strong></span> <span class='ocrx_word' id='word_1_202' title='bbox 1022 4172 1228 4241; x_wconf 74' lang='lat' dir='ltr'><strong>praestionesde</strong></span> <span class='ocrx_word' id='word_1_203' title='bbox 1240 4172 1316 4222; x_wconf 85' lang='lat' dir='ltr'><strong>animi</strong></span> 
     </span>
    </p>
   </div>
   <div class='ocr_carea' id='block_1_5' title="bbox 106 4245 1318 4402">
    <p class='ocr_par' dir='ltr' id='par_1_5' title="bbox 106 4245 1318 4402">
     <span class='ocr_line' id='line_1_21' title="bbox 106 4245 1318 4326; baseline 0.007 -28"><span class='ocrx_word' id='word_1_204' title='bbox 106 4245 209 4313; x_wconf 72' lang='lat' dir='ltr'><strong>origne,</strong></span> <span class='ocrx_word' id='word_1_205' title='bbox 232 4249 364 4316; x_wconf 76' lang='lat' dir='ltr'><strong>panthus,</strong></span> <span class='ocrx_word' id='word_1_206' title='bbox 389 4253 579 4306; x_wconf 78' lang='lat' dir='ltr'><strong>immortalitate</strong></span> <span class='ocrx_word' id='word_1_207' title='bbox 600 4255 658 4308; x_wconf 73' lang='lat' dir='ltr'><strong>data</strong></span> <span class='ocrx_word' id='word_1_208' title='bbox 680 4258 761 4324; x_wconf 77' lang='lat' dir='ltr'><strong>oport</strong></span> <span class='ocrx_word' id='word_1_209' title='bbox 782 4257 905 4326; x_wconf 78' lang='lat' dir='ltr'><strong>deinceps</strong></span> <span class='ocrx_word' id='word_1_210' title='bbox 927 4258 1106 4311; x_wconf 80' lang='lat' dir='ltr'><strong>tractabimus:</strong></span> <span class='ocrx_word' id='word_1_211' title='bbox 1128 4270 1196 4309; x_wconf 84' lang='lat' dir='ltr'><strong>nunc</strong></span> <span class='ocrx_word' id='word_1_212' title='bbox 1218 4257 1251 4307; x_wconf 80' lang='lat' dir='ltr'><strong>do</strong></span> <span class='ocrx_word' id='word_1_213' title='bbox 1266 4257 1318 4308; x_wconf 77' lang='lat' dir='ltr'><strong>troc</strong></span> 
     </span>
     <span class='ocr_line' id='line_1_22' title="bbox 106 4336 587 4402; baseline 0.017 -18"><span class='ocrx_word' id='word_1_214' title='bbox 106 4341 242 4398; x_wconf 70' lang='lat' dir='ltr'><strong>tigamenta</strong></span> <span class='ocrx_word' id='word_1_215' title='bbox 258 4336 379 4388; x_wconf 82' lang='lat' dir='ltr'><strong>universe</strong></span> <span class='ocrx_word' id='word_1_216' title='bbox 396 4339 524 4402; x_wconf 66' lang='lat' dir='ltr'><strong>agendum</strong></span> <span class='ocrx_word' id='word_1_217' title='bbox 540 4349 587 4392; x_wconf 80' lang='lat' dir='ltr'><strong>ost.</strong></span> 
     </span>
    </p>
   </div>
   <div class='ocr_carea' id='block_1_6' title="bbox 132 4413 501 4572">
    <p class='ocr_par' dir='ltr' id='par_1_6' title="bbox 132 4413 501 4572">
     <span class='ocr_line' id='line_1_23' title="bbox 133 4413 501 4485; baseline 0.019 -20"><span class='ocrx_word' id='word_1_218' title='bbox 133 4413 154 4478; x_wconf 84' lang='grc'><strong>2)</strong></span> <span class='ocrx_word' id='word_1_219' title='bbox 171 4419 233 4470; x_wconf 80' lang='lat' dir='ltr'><strong>Xon.</strong></span> <span class='ocrx_word' id='word_1_220' title='bbox 252 4421 323 4472; x_wconf 81' lang='lat' dir='ltr'><strong>Mem.</strong></span> <span class='ocrx_word' id='word_1_221' title='bbox 342 4424 362 4471; x_wconf 88' lang='grc' dir='ltr'><strong>Ι.</strong></span> <span class='ocrx_word' id='word_1_222' title='bbox 383 4421 404 4474; x_wconf 90' lang='lat' dir='ltr'><strong>l.</strong></span> <span class='ocrx_word' id='word_1_223' title='bbox 424 4423 442 4485; x_wconf 64' lang='grc' dir='ltr'><strong>δ</strong></span> <span class='ocrx_word' id='word_1_224' title='bbox 463 4423 501 4475; x_wconf 81' lang='lat' dir='ltr'><strong>to.</strong></span> 
     </span>
     <span class='ocr_line' id='line_1_24' title="bbox 132 4498 389 4572; baseline 0.043 -23"><span class='ocrx_word' id='word_1_225' title='bbox 132 4498 153 4564; x_wconf 90' lang='grc'><strong>3)</strong></span> <span class='ocrx_word' id='word_1_226' title='bbox 170 4505 238 4572; x_wconf 77' lang='lat' dir='ltr'><strong>Apol.</strong></span> <span class='ocrx_word' id='word_1_227' title='bbox 256 4507 281 4556; x_wconf 81' lang='lat' dir='ltr'><strong>S.</strong></span> <span class='ocrx_word' id='word_1_228' title='bbox 301 4505 341 4558; x_wconf 78' lang='lat'><strong>28.</strong></span> <span class='ocrx_word' id='word_1_229' title='bbox 360 4508 389 4559; x_wconf 86' lang='lat' dir='ltr'><strong>E.</strong></span> 
     </span>
    </p>
   </div>
   <div class='ocr_carea' id='block_1_7' title="bbox 0 0 1490 5134">
    <p class='ocr_par' dir='ltr' id='par_1_7' title="bbox 0 0 1490 5134">
     <span class='ocr_line' id='line_1_25' title="bbox 0 0 1490 5134; baseline 0 0"><span class='ocrx_word' id='word_1_230' title='bbox 0 0 1490 5134; x_wconf 95' lang='lat' dir='ltr'><strong> </strong></span> 
     </span>
    </p>
   </div>
  </div>
 </body>
</html>
