2872 5122
644 277 697 332 lll

62 432 188 490 Similiter
207 431 286 510 apud
306 430 527 514 Xenophontem
550 433 581 494 id
606 435 775 516 praedicant
798 438 955 512 conviva-e,
977 439 1055 516 quod
1073 440 1192 519 quisque
1218 441 1274 501 sibi

61 531 186 610 optimum
207 543 321 588 censet:
344 552 464 609 quorum
484 532 651 593 Critobulus
668 536 776 608 formet
787 577 795 606 ,
817 534 1002 599 Antisthenes
1030 539 1166 614 divitur,
1187 541 1274 598 Nice-

60 643 126 686 ratus
153 636 317 687 ome'eorum
348 630 454 688 virtute
483 644 510 688 et
538 632 706 690 auctoritate
736 652 765 690 sc
792 632 914 692 manime
942 635 1029 696 effert.
1054 634 1083 716 1)
1103 637 1164 696 Sub
1186 639 1273 698 finem

59 726 250 808 Xenophontei
269 727 406 787 Convivii
426 728 462 786 de
482 751 575 788 amore
594 731 705 808 agitur:
736 729 812 808 quod
833 751 922 788 unum
941 746 982 792 est
999 750 1198 814 argumentum
1217 759 1272 796 ser·

58 847 161 882 monum
190 826 337 899 omnium,
367 827 416 904 qui
444 829 522 908 apud
540 826 688 886 Platonem
709 842 832 888 exstant.
864 829 980 890 Habent
1000 847 1093 892 autem
1113 851 1272 911 sermones,

59 939 84 982 ut
102 926 158 1006 ipsa
178 917 294 998 σκόλια,
327 927 469 1010 poeticum
496 925 636 1000 colorem,
661 925 779 986 ductum
792 927 888 986 illum
908 951 924 987 a
942 931 1051 1010 poetis,
1072 934 1194 992 maxime
1212 949 1273 994 tra-

57 1025 123 1100 gicis.
151 1028 339 1106 Agnoscimus
364 1025 450 1084 facile
480 1023 667 1104 Euripideum
687 1026 858 1085 sententiam
875 1027 907 1084 in
927 1027 1050 1088 Phaedri
1070 1045 1097 1090 et
1115 1032 1272 1112 Agathonis
1326 1033 1332 1046 ’

57 1138 187 1182 oratione:

283 1216 381 1296 Ὅστις
396 1215 511 1302 Ἔριοτα
533 1213 577 1301 με)
599 1214 692 1298 μόνον
713 1218 798 1302 κρίνει
820 1216 907 1300 θεόν,

289 1319 310 1406 ἢ
332 1305 547 1398 σκαιόςέστιν,
569 1315 591 1403 ι)
611 1321 709 1384 uoluit]
730 1317 846 1405 ἄπειρος
867 1319 921 1399 clv,

12 1505 13 1508 ρ
288 1421 339 1486 οὐκ
362 1419 422 1485 οἶδε
444 1418 499 1485 τόν
519 1419 655 1504 μέγιστον
676 1419 847 1504 ἀνθρώποις
868 1421 951 1488 θεόν.
974 1429 1005 1511 2)

55 1527 156 1607 inipso
184 1531 271 1587 etiam
297 1528 483 1609 Eryximachi
513 1549 641 1587 sermone
670 1527 808 1588 nonnihil
837 1532 979 1605 occurrit,
1005 1533 1083 1610 quod
1112 1549 1176 1615 apte
1204 1557 1268 1596 curn

12 1671 14 1688 2
54 1625 181 1708 Euripide
201 1641 395 1708 comparetur,
416 1649 446 1686 v.
466 1647 491 1685 c.

289 1723 345 1810 ἐρᾷ
367 1721 422 1804 μὲν
445 1718 561 1805 ὄμβρον
582 1718 651 1805 γαῖ’,
675 1717 746 1785 ὅταν
767 1720 860 1808 {poda
881 1721 986 1802 πέδον,

288 1822 419 1911 ιίκοιριισν
441 1821 566 1910 αὐχμῷ,
587 1824 701 1901 νοτίδος
723 1825 830 1901 ἐνδεῶς
852 1822 918 1914 ἔχῃ·

286 1929 343 2016 ἕρρῖ
364 1925 391 1990 d'
413 1923 431 1990 o‘
453 1923 559 2008 σεμνός
580 1924 718 2010 οὕρανὸς,
741 1925 940 2010 πληρούμενος

287 2027 417 2114 ὄμβρον,
439 2034 534 2092 πεσεῖν
555 2031 595 2105 εἰς
615 2035 700 2113 γαῖαν
720 2026 898 2114 Ἀφροδίτης
918 2027 984 2121 rino.
1007 2037 1038 2117 3)

53 2137 148 2209 Quodsi
167 2149 345 2218 superessent
363 2135 446 2194 nohis
467 2133 624 2214 Agathonis
641 2133 887 2213 tragoediae,tum
903 2137 987 2194 etiam
1003 2136 1165 2218 deperdita,
1181 2163 1265 2220 quam

53 2237 275 2310 memoravimus,
297 2233 496 2313 Aristophanis
516 2231 632 2290 fabula:
661 2233 731 2291 hinc
751 2247 826 2291 certe
845 2255 1013 2315 magnopere
1035 2239 1181 2316 utriusque
1201 2248 1265 2322 poe·

54 2346 89 2390 tae
114 2333 190 2414 apud
219 2334 367 2392 Platonem
396 2330 472 2390 dieta
501 2330 644 2389 illustrare
673 2331 780 2390 liceret.
831 2331 1002 2412 Superstites
1030 2337 1129 2394 comici
1149 2339 1265 2398 fabulae

55 2431 133 2489 lucem
160 2430 314 2491 affundunt
341 2430 469 2488 Platonis
494 2429 624 2509 scriptis,
655 2443 686 2488 ut
714 2427 870 2508 diligenter
888 2431 1153 2496 animadverterunt
1172 2439 1265 2496 inter-

54 2544 148 2607 pretes:
179 2531 212 2588 in
240 2529 301 2588 illis
321 2542 414 2587 autem
435 2541 611 2601 occurrunt,
633 2549 704 2607 quae
725 2529 784 2607 ipse
802 2529 834 2588 in
854 2528 1002 2610 Symposio
1021 2534 1165 2594 narrando
1185 2558 1264 2594 usur·

54 2642 108 2704 pat,
130 2652 156 2690 v.
178 2650 202 2688 e.

284 2723 315 2796 ἐξ
337 2714 424 2805 οὗπερ
447 2717 529 2803 ὑμεῖς
551 2719 670 2810 ριίιίσατε
692 2718 745 2784 τόν
767 2718 853 2806 ιίέρα·

284 2821 352 2889 θύει
373 2821 546 2909 γὰροῦὃεὶς
568 2823 654 2914 οὐδὲν
676 2820 846 2908 ἀνθρώπων
865 2823 906 2888 ἔτι

283 2931 407 2992 θεοῖσιν·
431 2924 501 2990 οὐδὲ
521 2927 621 2990 κνίσσσ
642 2926 758 3012 μηρίων
780 2924 840 2989 αἰιό

189 3093 193 3104 ,
283 3028 411 3115 ἀνῆλθεν
433 3025 473 3106 uic
495 3027 574 3114 ἡμᾶς
596 3027 644 3092 ἀπ’
665 3029 772 3092 ἐκείνου
793 3031 848 3093 τοῦ
869 3027 989 3116 χρόνον.
1005 3041 1036 3122 4)

57 3133 100 3193 Sed
117 3138 182 3197 haec
202 3138 282 3198 alias.
519 3129 525 3138 -

87 3236 175 3315 ltaque
196 3258 256 3294 non
276 3233 438 3294 mirandum
462 3256 631 3315 magnopere
652 3249 711 3309 est,
733 3236 874 3315 symposia
894 3237 1037 3317 scripsisse
1057 3254 1165 3301 veteres
1189 3242 1259 3322 phi-

57 3329 177 3413 losophos.
220 3331 306 3392 Haud
333 3347 491 3392 tractarunt
518 3334 549 3392 in
573 3334 609 3391 iis
629 3332 770 3391 abstrusas
797 3335 992 3411 quaestiones,
1013 3359 1082 3415 quas
1109 3337 1258 3401 dialectica

57 3430 195 3492 subtilitate
222 3448 249 3492 et
277 3426 407 3514 ἀκριβείᾳ
432 3432 620 3512 explicarent.
670 3432 712 3489 De
734 3453 826 3491 amore
851 3431 1076 3512 disquisiverunt
1087 3483 1095 3512 ,
1121 3454 1152 3498 ut
1181 3439 1256 3499 idern

58 3525 136 3588 lecisse
169 3530 284 3592 videtur
312 3531 497 3603 Aristoteles,
528 3531 609 3607 cujus
643 3543 671 3587 et
698 3523 868 3607 Συμπόσιον
904 3549 1060 3593 memorant
1089 3537 1199 3615 antiqui
1229 3553 1256 3598 et

57 3616 180 3704 Ἑρωτικιί.
202 3631 233 3712 5)
254 3632 279 3690 E
298 3631 393 3690 seoliis
410 3627 580 3710 prodierunt
600 3651 742 3689 sermones
760 3632 806 3690 illi
816 3657 824 3708 3
859 3632 909 3691 sed
924 3632 1002 3691 Plato
1017 3633 1053 3689 iis
1067 3633 1177 3694 indidit
1196 3638 1255 3695 vim

59 3729 180 3802 quandam
198 3729 415 3811 philosopham,
436 3741 467 3786 ut
486 3725 583 3785 multis
602 3749 667 3786 curn
686 3730 759 3806 jocis
778 3745 806 3789 et
824 3731 951 3811 facetiis,
979 3732 1010 3788 in
1030 3735 1136 3790 Summa
1152 3732 1255 3793 dicen-

60 3823 85 3881 tis
108 3827 336 3906 audientiumque
359 3826 520 3899 hilaritate,
542 3825 647 3905 placita
670 3829 851 3888 continerent
879 3829 1021 3887 interioris
1047 3828 1074 3887 e't
1092 3831 1253 3892 reconditae

60 3919 191 3986 doetrinae.
233 3927 331 4004 Itaque
350 3925 507 4006 respiciunt
526 3924 603 4003 apud
622 3945 687 3982 eum
706 3940 733 3984 et
751 3926 895 3986 Phaedrus
913 3941 940 3984 et
958 3915 1110 3987 Pausanias
1129 3929 1253 3989 nobilis-

85 4146 106 4212 1)
120 4151 231 4220 Xenoph.
249 4155 329 4220 SaJmp.
349 4168 370 4202 c.
387 4149 413 4201 3.
466 4157 469 4164 “

87 4231 108 4296 ²)
123 4237 191 4304 apua
209 4240 300 4300 athei.
316 4237 383 4288 τοι.
399 4229 457 4287 σοι.
478 4235 508 4286 u.

88 4316 110 4380 3)
125 4321 192 4389 Apud
206 4325 281 4376 csend.
301 4340 326 4390 p.
350 4319 408 4370 600.
431 4321 464 4372 Α.
483 4319 525 4371 u'hi
545 4320 578 4370 cl.
595 4322 710 4388 proxima
726 4339 757 4372 ex
770 4321 908 4388 Aeschylo·

89 4405 110 4468 1)
125 4406 245 4478 Aristoph.
263 4409 355 4461 lutus
369 4424 408 4459 vs.
425 4405 498 4458 1515.
522 4403 559 4456 Cl.
574 4407 655 4474 Symp.
677 4405 734 4457 190.
751 4405 779 4458 G.

91 4487 111 4548 5)
125 4491 173 4546 vit.
191 4513 264 4564 supra
279 4513 304 4564 p.
318 4495 358 4546 tt.
