2886 5118
552 310 558 323 ·
657 279 727 376 4.ἰὸΙ

68 439 177 514 habet,
206 461 263 519 quo
290 432 429 500 mentem'
445 441 585 500 continuo
605 453 731 500 noscam
750 437 901 514 advertat,
931 461 985 500 nec
1010 441 1093 504 orent
1110 453 1157 505 est.
1169 462 1237 503 sane
1248 487 1257 516 ,
1277 445 1303 502 si

67 539 160 598 vitam
179 536 331 615 hominum
350 557 498 616 moresque
515 536 709 613 attendimus,
729 537 989 599 verisimilitudine
1010 537 1188 600 destitutum.
1231 539 1305 602 Nam

65 612 181 699 lantoni
199 634 296 710 abest,
317 648 349 694 ιιι
368 655 437 696 suus
454 634 596 694 habeatur
610 636 741 712 justitiae
761 635 871 710 honos,
891 651 923 696 ιιι
942 637 1064 714 injusti,
1085 639 1136 715 qui
1155 639 1222 700 item
1244 638 1302 698 cal·

65 731 122 792 lidi
151 732 229 806 sint,
260 731 294 792 in
321 731 434 792 coelum
456 733 587 794 ferantur
607 732 763 809 laudibus,
787 744 1010 794 contemnantur
1029 755 1098 794 vero
1112 736 1186 812 justi
1206 757 1240 794 ac
1259 738 1304 798 ri·-

65 829 202 889 deantur.
244 829 282 890 Et
299 849 368 890 vero
385 829 465 889 nihil
485 817 619 890 accidere
637 832 670 890 in
690 832 749 893 vita
770 830 899 892 crebrius
916 829 1068 905 videmus,
1097 853 1183 910 quam
1204 847 1236 892 ιιι
1252 834 1304 894 in·

60 928 151 1006 justis
171 927 265 1002 hene,
293 928 382 1006 justis
399 927 473 988 male
490 929 537 988 sit.
579 929 707 1005 Verum,
737 942 786 1004 ut,
808 929 924 1010 cognito
941 929 1055 1004 caused,
1082 950 1142 990 rem
1158 929 1303 1010 dijudico·

63 1045 132 1086 mus
155 1037 251 1100 recte,
280 1027 377 1105 ipsum
394 1023 546 1085 audiamus
565 1026 833 1108 Tltasymachum,
863 1027 896 1086 in
914 1027 1035 1086 Politia
1053 1025 1183 1102 Platonis
1201 1041 1230 1088 et
1249 1029 1305 1088 ista

64 1137 93 1182 et
112 1121 173 1181 alia
193 1121 301 1202 placita
319 1121 556 1203 profundentem.
659 1187 665 1204 ‚

104 1219 143 1278 In
172 1219 288 1300 dialogo
307 1219 415 1295 hocce,
443 1219 585 1299 quamde
603 1220 659 1282 hoc
680 1225 744 1304 ipso
762 1235 947 1303 argumento,
968 1220 1005 1280 de
1021 1221 1135 1300 justitia
1155 1236 1183 1283 et
1201 1222 1300 1286 felici-

63 1330 142 1391 tate,
171 1316 361 1401 philosophus
381 1318 514 1398 scripsit,
545 1333 577 1378 ut
606 1334 809 1390 convenerunt
833 1319 1009 1400 in,Gephali
1028 1321 1105 1382 senis
1122 1319 1228 1395 aedes,
1245 1321 1298 1399 qui

65 1416 97 1474 in
128 1415 230 1475 Piraeo
257 1412 426 1489 habitabat,
451 1436 516 1474 eum
545 1417 596 1478 alii
613 1417 719 1492 multi,
738 1431 801 1478 tum
819 1416 949 1478 Socrates
968 1431 996 1476 et
1014 1416 1145 1492 Glauco,
1166 1419 1307 1482 oriuntur.

65 1513 211 1572 continuo
229 1511 266 1573 de
282 1514 362 1592 jusoo
382 1512 465 1572 etde
480 1515 595 1592 justitia
618 1501 762 1576 sermones
772 1561 781 1590 ,
808 1513 969 1593 inquibus
984 1516 1114 1594 primum
1131 1514 1303 1594 Thrasyma-

63 1610 156 1686 chus„
183 1625 246 1669 turn
274 1611 334 1691 ipse
365 1630 431 1673 cum
450 1611 823 1686 Glaucone-certionem
841 1612 971 1678 Socrates
989 1611 1222 1693 partes.dicend.i
1239 1633 1303 1676 ma-

63 1707 143 1766 xime
164 1707 262 1768 habet.
303 1708 376 1793 Nam
395 1721 577 1791 posteaquam
597 1731 660 1784 cum
679 1709 838 1776 Simonidis
849 1756 857 1786 ‚
886 1725 948 1770 tum
965 1711 1088 1776 aliorum
1109 1710 1306 1788 injusticiam

2 1830 3 1838 ¹
63 1804 145 1866 dicta
167 1805 390 1886 interrogando,
412 1821 444 1866 ut
462 1805 592 1882 solebat,
613 1807 780 1889 exploravit
794 1806 928 1883 Socrates
938 1853 947 1882 ‚
965 1806 1200 1888 Thrasymachus
1220 1807 1302 1870 huno

65 1903 225 1989 derepente
251 1916 279 1965 ot
296 1903 360 1978 inl,
389 1917 422 1962 ut
440 1905 619 1986 apparebat,
645 1905 859 1973 excandescens
879 1905 968 1985 plano
989 1905 1175 1986 aggreditur:
1198 1905 1303 1966 nulll-

64 2022 120 2080 que
143 2014 274 2060 retentus
293 2000 490 2077 verecundil,
508 2002 582 2081 quid
602 2004 707 2065 sentiat
727 2003 763 2062 de
779 2003 915 2080 justitia,
937 2003 1078 2084 liber-eet
1096 2003 1192 2089 palam
1210 2002 1301 2082 proli-

64 2113 154 2161 totur.
184 2099 360 2162 Exclamans
382 2099 471 2182 igitur
490 2080 631 2192 coutinpo
654 2121 748 2180 cquae
769 2090 1026 2184 vos,'0soerares‚
1047 2101 1163 2179 inquit,
1185 2099 1308 2164 domem,

63 2198 103 2258 tia
121 2209 223 2273 tenet,
236 2195 371 2258 cedentes
380 2198 465 2262 vobis
475 2197 624 2260 invicem?
642 2198 765 2286 ‚Quodsi
785 2219 815 2258 re
833 2219 901 2260 vera
918 2205 999 2262 nosse
1013 2199 1097 2279 cupis
1108 2198 1302 2276 justumquid

64 2295 117 2370 sit,
140 2316 178 2354 ne
200 2295 342 2376 interroga
361 2295 454 2356 solum
472 2316 547 2357 neve
569 2297 686 2373 vincere
704 2297 876 2377 concupisce
887 2295 1137 2376 reprehendendo,
1154 2309 1302 2376 postquam

54 2392 118 2462 ¹tibi
138 2413 309 2472 responsum
330 2395 420 2483 lqerit
438 2392 516 2455 -id
533 2393 645 2454 scilicet
664 2407 776 2468 tenens,
793 2393 1196 2486 facilius,qsseriuterrogaru
1215 2413 1303 2471 quarn

64 2489 285 2580 respondere-
304 2489 357 2553 sed
371 2505 403 2558 tu
422 2493 484 2575 ipse
504 2489 654 2570 responde
667 2511 699 2554 ao
720 2491 785 2565 dic,
804 2513 924 2570 quaeso,
942 2491 1016 2570 quid
1037 2513 1094 2553 esse
1101 2493 1112 2569 j
1120 2505 1215 2556 ustum
1226 2492 1309 2551 eris-ff

64 2587 169 2644 times:
190 2607 246 2646 nec
267 2609 336 2648 vero
351 2588 425 2650 mihi
445 2588 545 2662 dicas,
562 2609 621 2648 esse
640 2587 720 2649 illud
737 2590 816 2666 quod
835 2598 964 2666 oportet,
979 2589 1031 2657 ¹vel
1044 2590 1217 2666 prandicula
1237 2599 1301 2660 eet,

64 2683 209 2772 veliqucd
216 2694 381 2763 ppnuonit,
399 2686 446 2766 pel
460 2687 537 2764 quod
555 2681 676 2744 luorum
695 2686 806 2763 offert,
827 2685 971 2773 vellquod
985 2688 1108 2765 prodest
1115 2707 1129 2755 ;
1145 2685 1198 2752 sed
1213 2685 1301 2766 plone

64 2785 140 2844 mihi
159 2764 346 2862 accllra'teque
364 2783 431 2858 dic,
458 2782 708 2863 quidesseillnd
728 2797 830 2863 potos:
862 2805 930 2846 nam
947 2782 1027 2848 haud
1047 2783 1307 2860 admittamequi-.

65 2882 131 2941 dein
143 2927 151 2956 ,
178 2880 229 2940 uhi
260 2882 329 2940 talia
355 2881 444 2971 ¹prbis
472 2895 641 2962 argumenta
668 2881 835 2944 attuleris.»
853 2879 882 2962 l)
910 2881 1026 2956 Quibus
1044 2879 1131 2942 dictis
1148 2881 1323 2962 ,perculsus

65 2979 197 3048 Socrates
216 3007 252 3018 -
269 2999 337 3038 nam
358 2979 435 3056 serae
456 2979 509 3057 iste
529 2981 621 3040 instar
639 2979 672 3040 in
692 2981 787 3060 ipsum
805 2993 986 3058 caeterosque
996 2979 1085 3057 ,quasi
1103 2976 1300 3058 discerpturus

1 3089 3 3095 ’
66 3089 215 3156 pror-uerat
227 3121 236 3151 ‚
249 3089 289 3146 ,ιιι
305 3077 452 3157 perterriti
470 3090 658 3160 pavescerent
676 3109 713 3120 -
728 3076 769 3138 ad
786 3076 856 3138 haec
875 3077 964 3156 igitur
977 3076 1152 3138 tremiscens
1167 3074 1298 3138 Socrates

68 3196 82 3226 u
93 3196 111 3233 o
131 3173 361 3253 Thrasymacho,
381 3174 493 3252 inquit,
511 3195 549 3234 ne
568 3187 601 3234 tn
620 3175 660 3232 ita
680 3172 777 3234 innos
793 3176 919 3240 sacries:
942 3175 1044 3234 namsi
1056 3171 1298 3252 iudiequimndis

1 3318 2 3356 3
66 3262 331 3352 rationibus‘lapsi
343 3291 477 3348 ,sumum
493 3291 605 3352 ,egoque
625 3283 654 3328 et
674 3270 738 3346 hic,
760 3293 815 3352 pro
832 3286 911 3334 cerro
926 3271 1046 3347 habeto,
1066 3271 1175 3332 invitos
1191 3289 1300 3336 errrore

66 3389 128 3428 uos.
172 3367 239 3427 Noli
261 3369 339 3447 cn'un
356 3369 540 3444 existimare,
563 3367 588 3426 si
607 3388 710 3427 aurum
729 3390 946 3446 quaereremus,
972 3390 1024 3432 nos
1041 3391 1103 3428 non
1123 3381 1225 3448 sponte
1245 3388 1301 3426 no-

64 3465 171 3528 bismet
198 3465 275 3545 ipsos
301 3466 335 3527 iu
358 3465 567 3546 disquisitione
588 3485 716 3541 cessuros
736 3487 796 3525 esse
816 3480 846 3526 ot
864 3467 1067 3532 inventionem
1088 3465 1298 3545 impedituros:

65 3552 288 3638 runcantem,
318 3585 385 3628 cum
397 3565 541 3643 justitiam
560 3583 728 3640 quaeramus
738 3607 747 3636 ,
768 3583 827 3622 rem
843 3563 938 3631 multo
954 3583 1026 3624 auro
1046 3562 1132 3640 louge
1152 3562 1299 3642 pretiosio·

65 3682 125 3723 rem
135 3707 144 3736 ‚
166 3662 265 3742 inepte
286 3659 357 3724 adeo
375 3661 453 3723 inter
473 3682 526 3724 nos
546 3659 661 3734 cedere,
683 3680 736 3724 noo
756 3661 837 3720 omni
855 3659 1087 3732 studiuanniti,
1109 3671 1140 3716 ut
1160 3657 1245 3736 quale
1265 3659 1313 3716 is·.

64 3757 119 3818 tud
137 3759 175 3836 sir
192 3771 345 3840 appareat..
370 3758 479 3822 rerum
495 3757 637 3832 arbitror,
654 3757 791 3832 oanioe,
812 3759 947 3819 invenire
964 3754 1044 3818 illud
1060 3775 1121 3816 uon
1140 3773 1299 3834 possumus.

66 3855 384 3934 Quamob1·em,n0sut
401 3857 543 3920 misereri
564 3876 632 3930 vos,
661 3857 769 3936 quippe
786 3856 950 3936 sapientes,
978 3853 1069 3914 multo
1087 3853 1178 3931 magis
1197 3850 1281 3912 decet
1291 3898 1299 3927 ‚

65 3953 267 4031 quamirasci.
298 3953 354 4021 Ille
376 3975 463 4028 vero,
481 3951 593 4016 audiris,
607 3953 705 4028 hisce,
727 3953 936 4014 incaehinnos
955 3952 1062 4012 effusus
1078 3964 1108 4013 et
1123 3948 1218 4031 ‚plane
1229 3949 1299 4010 Sar-

69 4050 195 4110 donium
223 4051 343 4126 ridens,
372 4073 389 4111 o
416 4051 575 4127 Hercules,
604 4052 663 4126 ait,
691 4050 763 4109 haee
792 4049 902 4110 scilicet
929 4049 1013 4109 solita
1042 4062 1084 4108 est
1103 4048 1156 4107 illa
1175 4047 1298 4108 Socratis

68 4149 182 4208 ironia!
226 4149 367 4211 Noveram
386 4149 418 4209 id
438 4149 572 4228 equidem
592 4162 620 4207 et
638 4148 718 4207 hisce
737 4147 955 4228 praedixeram,
987 4144 1152 4225 tequidem
1173 4167 1232 4204 non
1253 4167 1302 4203 re-

66 4266 259 4326 sponsurum,
286 4245 336 4305 sed
364 4267 483 4306 usurum
504 4245 597 4306 ironia
616 4266 675 4305 esse
693 4259 779 4324 arque
797 4245 893 4312 omnia
913 4245 1058 4308 facturum
1078 4243 1193 4322 potius,
1212 4263 1300 4320 quam

71 4381 252 4390 -n-aea--a--o
259 4383 316 4392 ..κ-ι-

101 4443 128 4509 1)
146 4445 184 4496 De
202 4447 263 4513 llep.
282 4445 301 4495 l.
321 4443 381 4496 3³6.
399 4445 428 4497 G.
445 4445 475 4496 Ι).
