2908 5114
401 1349 474 1415 Dll
518 1349 750 1418 MUNDO
793 1353 1025 1418 ΝΟΗἸΩι

680 1607 737 1646 ΕΜ

276 1827 320 1874 ur
350 1828 461 1890 vuar,
501 1805 640 1874 αὐτοῦ
671 1811 748 1875 τοῦ
779 1803 915 1884 ὄντος,
946 1827 1139 1877 scituris.

568 2191 737 2279 sjyoopatqg
759 2191 800 2277 dri
822 2191 968 2278 ἅληθξιάς
989 2192 1042 2260 oria
1063 2189 1100 2258 iis
1119 2220 1206 2273 ποτε,
1228 2191 1325 2277 οἶμαι,

568 2301 680 2378 φαῖμεν
706 2293 786 2384 αὐτῇ
811 2291 906 2379 χορὸν
935 2297 1033 2360 κακῶν
1057 2293 1269 2382 derhestiam.
1289 2343 1325 2354 -

569 2401 645 2474 Πῶς
663 2394 738 2482 paim·
752 2437 788 2450 -

120 2788 312 2879 Philosophia
334 2811 366 2858 ut
386 2797 443 2858 sihi
461 2811 591 2875 constet,
613 2798 781 2878 fructusque
801 2797 929 2880 proferat
954 2799 1049 2880 ipsius
1064 2798 1195 2860 uhertate
1214 2812 1249 2860 et·
1262 2819 1319 2860 am·

76 2895 233 2978 plitudine
262 2896 386 2977 dignos,
416 2895 505 2956 finem
535 2895 640 2956 haheat
665 2916 732 2956 cum
759 2909 871 2955 certum
891 2915 1006 2956 necesse
1027 2910 1088 2973 est,
1108 2911 1171 2956 tum
1192 2899 1321 2959 faculta-

76 2995 164 3054 tibus
194 3005 314 3052 naturae
350 2994 494 3052 humanae
524 2993 685 3074 studiisque
716 3006 953 3054 consentaneum.
1005 2992 1092 3067 Quod
1124 2993 1195 3054 licet
1233 2989 1320 3055 nemo

78 3111 213 3170 unquam
233 3092 396 3151 mortalium
416 3093 448 3151 in
468 3091 593 3152 dubium
611 3092 779 3167 vocaverit,
807 3092 927 3150 luerunt
945 3103 1043 3150 tamen
1062 3091 1142 3151 omni
1163 3112 1235 3154 aevo
1253 3093 1319 3173 phi·

77 3187 216 3268 losophi,
237 3190 288 3268 qui
306 3189 374 3264 vel,
400 3187 473 3268 quid
503 3189 559 3270 ipsi
581 3187 817 3270 philosophando
846 3201 1028 3268 spectarent,
1049 3209 1110 3249 non
1138 3190 1207 3249 satis
1233 3189 1322 3251 vide-

77 3297 184 3346 rentur
212 3300 375 3367 reputasse,
406 3286 455 3349 vel
480 3286 533 3346 illa
561 3299 742 3368 spectarent,
762 3305 836 3366 quae
863 3286 969 3346 mentis
997 3284 1141 3346 humanae
1169 3285 1325 3348 facultates

77 3395 263 3464 superarent.
311 3381 513 3465 Philosophari
541 3384 672 3459 scilicet,
693 3385 789 3465 ipsum
814 3403 867 3464 per
887 3403 936 3459 se,
957 3382 1045 3444 dulce
1075 3397 1118 3444 est
1137 3383 1326 3466 philosophis

77 3480 248 3560 negotium,
286 3492 454 3560 tantamque
488 3481 646 3543 multorum
664 3469 782 3541 ⁴animis
815 3479 1039 3542 oblectationem
1077 3481 1321 3563 voluptatemque

77 3577 181 3652 affert,
203 3589 235 3635 ut
252 3577 332 3636 nihil
353 3580 504 3658 requirant
532 3593 689 3661 praeterea.
738 3578 827 3639 Unde
854 3580 1056 3657 theoreticae,
1076 3599 1150 3659 quae
1179 3592 1322 3656 vocatur,

77 3674 110 3732 in
132 3674 236 3754 primis
255 3683 402 3754 mysticus
420 3676 622 3758 philosophiae
641 3675 870 3752 commendatio,
896 3697 988 3757 quae,
1008 3691 1123 3758 praeter
1140 3676 1217 3736 hanc
1239 3695 1323 3736 men·

76 3771 115 3830 tis
146 3771 294 3852 animique
325 3774 563 3850 oblectationem,
593 3775 647 3837 vix
678 3775 775 3835 ullum
806 3774 895 3835 hahet
921 3776 1110 3856 propositum.
1136 3803 1139 3812 ·
1161 3775 1205 3835 De
1233 3773 1324 3835 rehus

77 3887 151 3928 vcro
169 3871 346 3948 gravissimis
363 3891 520 3952 carumque
538 3873 646 3934 caussis
664 3895 726 3934 non
745 3873 892 3953 inquirere
913 3885 1095 3948 constanter,
1113 3871 1166 3933 sed
1180 3885 1323 3960 statuere,

77 3964 131 4024 sed
160 3987 198 4026 ex
226 3967 341 4048 tripode
367 3971 581 4050 pronunciare,
610 3969 645 4032 id
673 3971 761 4032 unice
779 3970 918 4032 audaciae
938 3969 1147 4052 superbiaeque
1167 3969 1321 4032 hominum

77 4064 230 4125 convenit.
265 4067 332 4142 Quo
348 4067 475 4144 accidit,
497 4081 529 4128 ut
547 4067 585 4128 de
604 4067 691 4128 rebus
707 4069 822 4133 divinis
840 4068 1026 4150 philosophi,
1046 4068 1127 4150 apud
1145 4069 1324 4129 recentiores

78 4159 219 4238 quidem,
249 4153 380 4224 crebrius
412 4167 473 4226 iere
504 4186 537 4225 ac
572 4166 713 4226 subtilius
747 4167 967 4248 copiosiusque,
997 4186 1084 4245 quam
1113 4166 1151 4226 de
1181 4165 1321 4224 humanis

79 4255 272 4320 disseruerint
301 4282 334 4320 ac
363 4265 537 4324 sententiam
566 4262 708 4325 dixerint.
750 4263 827 4340 Sed,
856 4279 889 4324 ut
915 4265 1106 4324 facultatibus
1127 4278 1247 4324 naturae
1266 4283 1322 4322 no·

79 4368 170 4431 strae,
201 4358 242 4416 ita
267 4362 372 4420 nostris
403 4361 488 4421 ctiam
519 4363 703 4424 naturalibus
722 4361 828 4423 studiis
847 4382 1005 4443 congruere
1027 4361 1229 4443 philosophiae
1249 4360 1319 4420 finis

80 4449 174 4512 dehet.
217 4455 341 4517 Veritati
369 4459 517 4519 studemus
544 4462 664 4537 natura,
692 4461 823 4521 sednon
844 4461 943 4520 minus
960 4461 1084 4535 virtuti,
1106 4458 1227 4540 fierique
1247 4457 1318 4544 phi-
