2832 5120
619 293 677 354 1⁷5

226 455 284 516 De
312 457 534 517 scribendi
573 465 768 530 ratione,
797 475 898 534 quoe
927 463 1073 534 praeit

510 557 760 615 bonrinibue.

81 752 147 814 Fuse
174 753 283 834 egimus
307 753 343 814 de
368 751 536 831 eloquentia
563 751 693 812 Platonis
721 773 779 810 nou
811 771 898 811 unam
929 750 966 810 oh
995 771 1132 812 caussam.
1175 752 1267 824 Nam,

45 853 175 933 primum,
206 851 287 912 locus
310 853 358 912 hie
386 865 427 911 est
453 851 486 910 in
516 852 578 928 ejus
606 848 792 932 philosophia
822 849 1025 930 gravissimus,
1046 868 1160 929 quoque
1189 850 1267 910 idem

45 966 224 1032 perpurgatur
244 949 435 1032 diligentius,
457 950 498 1008 ita
517 949 641 1008 interius
657 949 783 1031 perspici
798 949 859 1026 ejus
873 947 1059 1030 philosophia
1074 962 1183 1030 potest:
1205 964 1266 1009 tum

48 1071 109 1110 vero
127 1050 291 1129 eloquentia
307 1045 387 1129 apud
404 1067 469 1106 eum
487 1047 618 1129 proxime
636 1061 678 1107 est
696 1067 763 1106 cum
786 1045 929 1106 Socratica
955 1045 1113 1128 disciplina
1141 1049 1269 1126 conjun-

45 1162 103 1223 cta,
123 1162 172 1222 ut,
190 1148 246 1207 rite
265 1147 336 1207 hinc
356 1145 463 1220 ducta,
485 1144 579 1206 lucem
598 1145 624 1205 ei
646 1145 775 1206 vicissim
795 1144 934 1206 affundat.
976 1144 1034 1206 Sed
1063 1146 1096 1206 id
1122 1159 1268 1229 praeterea

44 1246 173 1326 spectavit
200 1245 300 1320 Plato,
322 1258 355 1304 ut
385 1265 494 1307 novum
521 1242 675 1304 induceret
694 1243 876 1323 eloquentiae
902 1265 1011 1325 genus,
1039 1243 1117 1323 quod
1143 1258 1267 1304 totuma

43 1345 98 1404 reri
113 1343 243 1423 justique
260 1363 354 1403 amore
374 1343 549 1424 repetitum,
570 1343 649 1402 hunc
670 1362 794 1401 amorem
811 1342 845 1401 in
864 1341 1034 1402 hominibus
1053 1343 1191 1402 excitaret
1210 1343 1266 1404 ale·

41 1456 148 1520 ratque,
169 1456 199 1501 et
225 1441 266 1501 sic
296 1442 381 1502 unice
408 1455 481 1502 esset
503 1439 673 1502 civitatibus
693 1440 765 1499 utile
783 1454 812 1500 et
839 1440 989 1500 salutare..
1015 1440 1264 1522 Progrediendum

42 1562 111 1600 nunc
128 1539 213 1600 nobis
230 1538 268 1598 ad
287 1521 459 1622 disciplinas
477 1552 519 1598 est
529 1583 538 1615 ,
559 1537 665 1619 quibus
689 1539 768 1599 idem
788 1539 841 1599 ille
860 1559 939 1600 amor
959 1540 1090 1602 veritatis
1119 1537 1266 1619 indagan-

42 1637 86 1698 dae
103 1651 162 1697 arte
180 1636 358 1698 excolendus
377 1653 436 1714 est5
459 1657 561 1701 verum
580 1650 612 1695 ut
630 1638 770 1713 dicendi,
801 1639 842 1698 ita
868 1639 1019 1699 tendendi
1045 1639 1130 1696 etiam
1149 1638 1265 1719 princi-

41 1738 81 1816 pia
94 1758 169 1799 nova
186 1736 327 1816 quaedam
344 1736 424 1796 Plato
437 1735 574 1817 protulit,
595 1737 801 1816 pertinentque
815 1737 885 1796 haec
907 1736 1050 1819 inprimis
1060 1758 1113 1813 eo,
1131 1750 1162 1796 ut
1170 1737 1265 1818 puris·

42 1837 115 1895 simos
133 1834 353 1918 philosophiae,
372 1855 446 1913 quae
467 1854 568 1896 verum
586 1846 714 1914 spectat,
735 1835 830 1894 fontes
849 1832 1029 1915 indagemus.
1070 1835 1265 1910 Quamobrem

42 1955 92 1993 non
118 1931 354 1994 committendum
383 1933 468 1992 uobis
497 1945 557 2007 est,
587 1946 620 1991 ut
644 1931 724 1992 bunc
750 1932 845 1992 locum
871 1933 1066 2012 negligamus:
1096 1932 1265 1994 tractandus

41 2031 101 2092 adeo
119 2032 228 2091 summa
247 2030 402 2111 diligentia
418 2029 553 2104 videtur,
578 2050 645 2089 cum
661 2045 780 2111 propter
798 2032 888 2112 ipsius
906 2033 939 2091 in
958 2031 1143 2112 philosophia
1160 2031 1263 2104 Plato-

4 2169 6 2212 3
42 2131 79 2188 nis
96 2131 264 2210 gravitatem
292 2129 565 2208 auctoritatemque,
589 2142 653 2188 tum
679 2131 765 2189 etiam
793 2143 963 2211 propterea,
990 2130 1068 2209 quod
1097 2130 1262 2191 Platonicae

42 2227 178 2288 docrinae
199 2213 364 2287 amantibus
382 2225 463 2286 baud
479 2228 558 2288 leves
576 2228 718 2294 continuo
737 2226 926 2289 difficultates
946 2228 1058 2306 objicit.

72 2328 139 2386 Nam
159 2341 317 2388 occurrunt
334 2329 367 2386 in
387 2328 502 2408 scriptis
519 2327 648 2386 Platonis
667 2324 830 2401 nonnulla,
848 2327 907 2385 huc
928 2329 1105 2408 spectantia,
1127 2348 1200 2406 quae
1214 2327 1266 2387 mi·

44 2439 111 2484 retur
127 2426 233 2505 aliquis
252 2425 391 2485 continuo
409 2438 438 2484 et
457 2443 526 2508 terp
547 2422 671 2484 absurda
691 2439 791 2506 putet:
814 2426 846 2485 in
866 2425 913 2485 his
926 2426 1018 2506 ipsius
1032 2426 1180 2487 scribendi
1196 2427 1267 2486 artis

45 2523 223 2605 vituperatio,
242 2524 372 2582 nocuisse
392 2543 453 2582 earu
472 2522 624 2582 bominum
646 2523 745 2603 generi
766 2523 875 2603 magis,
896 2545 983 2603 quam
1011 2525 1171 2604 profuisse:
1192 2539 1263 2584 tum

44 2619 87 2680 hoc
103 2624 270 2704 praesertim
279 2667 288 2696 ,
309 2621 394 2680 fateri
410 2621 560 2682 Platonem
579 2623 612 2680 in
631 2622 770 2703 epistola,
790 2643 863 2701 quae
882 2625 939 2704 ipsi
960 2622 1100 2682 tribuitur
1109 2668 1118 2696 ,
1139 2645 1168 2681 se
1185 2622 1264 2681 nihil

45 2721 192 2801 scripsisse,
212 2741 286 2801 quae
307 2740 377 2780 vero
397 2721 489 2801 ipsius
507 2721 624 2780 nomine
642 2720 808 2795 ferrentur,
829 2720 953 2780 Socratis
980 2742 1048 2780 esse.
1090 2722 1213 2781 Disertis
1232 2719 1265 2780 id

45 2819 128 2878 verbis
146 2818 273 2881 dicitur:
296 2811 346 2879 did
367 2818 462 2879 ταῦτα
484 2812 572 2878 οὐδὲν
592 2806 707 2879 πώποτ’
727 2812 786 2898 ἐγώ
808 2807 1011 2900 capiceriam
1031 2813 1179 2900 γέγραφα·
1203 2813 1268 2881 otid'

7 2967 8 2972 ,
45 2909 95 2976 ἔστι
121 2913 300 3000 σύγγραμμα
327 2915 491 2995 Πλάτωνος
517 2916 605 2982 οὐδὲν
626 2915 690 2982 oo'd’
711 2915 807 2982 ἔσται·
829 2917 866 2983 ed
889 2918 1000 2984 δὲ’νῦν
1019 2915 1175 3001 λεγόμενα,
1197 2925 1267 2984 Eur-

45 3014 156 3098 κράτους
177 3020 256 3097 ἐστὶ,
277 3024 369 3085 καλοῦ
388 3022 439 3084 καὶ
458 3018 525 3084 νέου
545 3018 706 3104 γεγονότος.
721 3021 750 3103 l)
771 3025 808 3085 Et
821 3025 954 3104 quamvis
968 3026 1044 3085 hanc
1055 3024 1266 3106 epistolamali·

47 3125 100 3199 quis
118 3125 221 3186 haheat
238 3147 299 3186 non
318 3128 433 3209 abipso
452 3127 590 3203 Platone,
611 3127 662 3188 sed
681 3148 697 3185 a
717 3126 866 3186 Platonico
886 3123 1004 3184 homine
1019 3123 1174 3204 scriptam,
1186 3123 1265 3182 unde
1342 3149 1352 3168 ·

47 3218 73 3278 id
80 3221 126 3280 ille
135 3223 264 3284 hauserit
273 3271 282 3300 ,
301 3225 428 3306 quidque
444 3247 476 3286 eo
493 3228 681 3308 spectaverit,
692 3223 890 3305 quaerendum
903 3223 1029 3284 videtur.
1051 3222 1267 3304 Obstupescunt

48 3314 84 3375 his
107 3319 256 3398 homines,
284 3325 336 3403 qui
365 3324 514 3384 Platonem
539 3324 658 3404 legunt,
680 3337 712 3383 ut
732 3322 915 3383 Aristotelem
934 3321 1028 3382 solent
1055 3335 1083 3381 et
1111 3321 1267 3381 hodiernos
1289 3373 1292 3384 ,

48 3414 236 3502 philosophos:
255 3421 471 3482 dissertationes
490 3443 519 3482 se
536 3435 673 3497 tractare,
688 3443 778 3500 quum
794 3420 923 3501 dialogos
938 3420 1053 3500 legunt,
1070 3417 1265 3494 arbitrantur,

48 3518 276 3600 confunduntque
294 3541 360 3579 cum
381 3522 509 3598 cujusvis
528 3522 676 3602 scriptoris
694 3521 854 3580 rhetorisve
873 3518 1010 3586 divinum
1037 3519 1166 3579 Platonis
1187 3519 1265 3598 inge·

49 3615 124 3675 tium.
155 3619 212 3678 Nos
231 3639 319 3694 vero,
341 3641 411 3700 age,
432 3640 541 3679 novum
561 3617 639 3680 illud
658 3606 845 3698 exquiramus
873 3617 1023 3678 scribendi
1044 3636 1153 3697 genus,
1186 3614 1266 3694 quod
1345 3603 1351 3620 ⁸

50 3713 119 3772 unice
143 3717 280 3798 probavit
298 3715 398 3794 Plato,
420 3721 559 3797 cujusque
585 3716 623 3778 ad
641 3717 807 3799 exemplum
837 3737 897 3776 non
926 3713 1141 3775 dissertationes
1169 3714 1267 3774 nescio

49 3827 120 3887 quas,
139 3814 189 3874 sed
208 3815 338 3897 dialogos
359 3817 483 3898 scripsit.
511 3816 718 3898 Suppeditahit
737 3830 832 3875 autem
853 3815 938 3874 nobis
956 3813 1051 3888 illud,
1071 3814 1103 3874 ni
1121 3813 1266 3888 fallimur,

50 3905 155 3970 Phaedri
173 3912 282 3995 dialogi
300 3935 366 3996 pars
384 3931 536 3996 postrema.
573 3915 630 3978 Sed
649 3916 775 3996 primum
795 3915 832 3974 de
850 3914 919 3973 artis
936 3912 1085 3973 scribendi
1106 3914 1268 3994 reprehen-

50 4007 114 4067 sione
132 4008 363 4096 disceptandum.

85 4107 188 4170 «Utilis
197 4157 205 4188 ,
227 4113 269 4171 ait
289 4111 417 4172 Socrates
432 4113 515 4188 illic,
537 4113 643 4194 scripta
660 4115 751 4173 oratio
768 4127 809 4172 est
819 4111 1026 4172 admonitionis
1034 4111 1132 4170 caussa
1138 4135 1146 4186 5
1163 4109 1266 4189 quodsi

53 4200 83 4260 ad
98 4210 319 4288 cognoscendum
337 4212 518 4287 destinatur,
539 4232 624 4272 omne
650 4214 705 4271 erit
734 4212 886 4272 scribentis
912 4211 1042 4270 studium
1071 4232 1131 4269 nou
1161 4207 1267 4268 inutile

57 4299 147 4379 solum,
166 4309 215 4368 sed
244 4311 364 4370 noxium
392 4297 587 4390 legentibus.»
633 4312 785 4392 Colloquio
805 4310 860 4370 hoc
881 4311 995 4370 effatum
1016 4309 1161 4381 illustrat,
1188 4305 1267 4386 quod

59 4433 287 4459 x—

87 4506 106 4570 t)
124 4515 195 4583 uve.
217 4519 248 4571 u.
266 4518 324 4573 arr.
354 4520 382 4572 c.
