2898 5120
719 209 779 270 540

126 375 214 434 cratis
238 371 418 434 sermonibus
445 373 576 454 perfecit.
617 375 716 455 lpsnm
746 373 831 435 nobis
859 373 1004 438 Socratem
1033 375 1064 434 in
1094 373 1149 434 boc
1178 373 1350 434 tanausis

125 473 293 552 proposuit,
314 485 346 530 ut
372 491 490 530 cernere
508 471 540 531 in
565 493 599 534 ea
614 474 725 550 justum
753 472 856 547 illum,
879 471 1061 552 eundemque
1082 473 1259 552 sapientem,
1278 493 1352 550 quem

126 570 159 628 in
177 569 296 630 Politia
321 570 546 643 informaverat,
570 568 733 641 videamur.
775 569 925 650 Expressit
951 569 1002 630 hle
1028 570 1175 650 imagine,
1197 568 1273 648 quad
1298 569 1354 628 illie

125 665 212 727 uobis
240 666 432 746 disquirendo
462 665 746 746 demonstrandaque
776 667 948 747 persuadere
980 672 1101 728 conatus
1131 669 1235 728 luerat.
1284 665 1355 740 Quid

124 763 221 826 dicam
250 765 287 826 dc
316 763 441 824 Socratis
461 764 495 822 in
521 763 626 824 iisdem
655 764 836 824 sermonibus
865 766 1008 840 oratione,
1041 764 1092 824 ubi
1112 764 1150 824 de
1181 765 1272 824 animi
1296 783 1355 844 prae

125 883 245 943 corpore
269 861 462 943 praestantia,
488 859 525 918 de
553 859 659 937 divina
686 863 748 939 ejus
771 876 924 922 natureae
943 864 996 938 vi,
1018 861 1054 922 de
1074 859 1180 922 officiis
1199 860 1356 942 philosophi

124 957 195 1020 hinc
216 958 332 1033 ductis,
351 978 384 1018 ae
413 956 450 1017 de
476 958 568 1039 ipsius
595 958 799 1040 philosophiae
828 957 925 1021 officio
953 980 986 1019 ac
1006 959 1125 1020 sublimi
1148 958 1208 1018 fine
1226 958 1355 1019 deant?

124 1056 234 1118 Divina
260 1054 331 1115 haec
361 1055 452 1114 oratio
481 1068 542 1130 est,
571 1070 599 1116 et
629 1069 781 1136 postquam
795 1056 897 1118 'finem
914 1057 966 1116 ille
985 1056 1106 1118 dicendi
1125 1057 1254 1132 fecerat,
1274 1070 1356 1116 ortum

124 1153 234 1214 dieitur
262 1173 315 1234 per
345 1152 462 1233 longum
490 1166 603 1234 tempus
631 1155 664 1214 in
691 1175 805 1214 carcere
837 1155 1008 1230 silentium,
1040 1166 1071 1212 ut
1103 1154 1154 1232 qui
1184 1152 1356 1214 audivissent

123 1251 257 1310 commoti
275 1251 392 1332 penitus
411 1272 444 1312 ac
463 1252 552 1311 ferme
573 1251 701 1332 perculsi
721 1266 826 1314 essent.
852 1251 882 1332 1)
933 1254 991 1314 Nos
1011 1271 1099 1326 sane,
1120 1251 1167 1310 his
1186 1251 1290 1325 lectis,
1306 1271 1355 1310 aar

122 1368 272 1428 mamus
292 1370 350 1410 uon
368 1349 474 1423 fateri,
495 1349 528 1408 in
546 1349 601 1410 hoc
623 1348 739 1409 demum
767 1349 883 1431 dialogo
903 1350 1071 1425 Platonem,
1095 1347 1229 1410 nandum
1250 1370 1315 1408 vero
1329 1350 1354 1406 ia

121 1445 258 1520 Politia,
278 1444 493 1528 philosophiam
511 1447 583 1525 justi
611 1449 729 1526 ejusque
756 1448 916 1508 ubertatem
941 1469 974 1507 ac
1004 1447 1217 1508 sublimitatem
1245 1452 1354 1526 expres·

122 1547 191 1606 sisse
221 1542 319 1624 plane.
361 1541 420 1602 Sed
448 1545 514 1623 quis
537 1558 684 1625 praeterea
711 1546 744 1604 iu
774 1546 891 1627 scriptis
918 1545 1047 1606 Platonis
1070 1542 1205 1623 dialogus
1231 1556 1290 1618 est,
1309 1563 1355 1620 qua

27 1621 35 1636 ¹
122 1658 181 1704 tam
198 1655 282 1722 apte,
303 1661 388 1719 quam
415 1642 446 1700 in
476 1641 566 1701 hocce
587 1642 673 1718 fecit,
696 1643 877 1723 Pythagorae
898 1644 1006 1724 placita
1024 1661 1089 1702 cum
1108 1641 1254 1702 Socratica
1266 1637 1355 1722 'phito-

120 1740 223 1823 sophia
250 1741 461 1817 conjunxerit?
503 1740 584 1800 Hinc
618 1755 716 1802 autem
738 1742 770 1800 in
797 1742 899 1823 primis
918 1741 1069 1802 doctrinae
1091 1723 1259 1798 Platonicae
1277 1737 1355 1796 subli-

121 1840 206 1900 mitas
230 1836 366 1898 ducenda
394 1837 521 1899 ridetur.
578 1837 614 1896 In
636 1833 777 1898 Phaedra
805 1852 920 1898 exstant
949 1836 1139 1919 Pythagorica
1176 1835 1284 1910 multa;
1313 1833 1356 1893 sed

121 1937 234 2018 poetica
269 1949 338 1994 sunt
366 1935 418 1995 illa
448 1935 527 2010 fere,
558 1955 631 2013 quae
659 1936 808 2016 primum,
839 1950 870 1996 ut
896 1957 950 2016 par
976 1948 1037 2008 est,
1064 1948 1092 1994 et
1120 1932 1250 2012 juvenili
1277 1945 1355 1998 aetate

121 2032 280 2096 admiratus
299 2032 381 2120 Plato
409 2037 468 2095 est:
490 2048 551 2094 tum
578 2035 692 2116 copiose
717 2035 781 2094 illic
811 2032 848 2093 de
876 2034 1000 2114 pristina
1025 2033 1189 2092 animarum
1210 2030 1272 2093 rita
1291 2031 1356 2110 agit,

121 2134 248 2196 laturam
278 2135 340 2210 ejus
366 2131 566 2198 conditionem
592 2134 645 2192 rix
672 2131 799 2212 attingit.
855 2132 890 2192 Iu
915 2130 1029 2212 Gorgia
1048 2128 1166 2188 demum
1186 2141 1215 2187 et
1232 2124 1356 2198 Palatia,

121 2229 200 2308 quod
224 2230 374 2290 maturiori
399 2231 486 2290 aetati
511 2229 726 2305 conveniebat,
748 2230 875 2288 futuram
895 2227 1079 2290 hancaaimi
1101 2225 1301 2308 conditionem
1318 2224 1354 2284 di·

122 2321 246 2407 ligenter
269 2325 443 2406 descripsit:
475 2328 506 2386 in
535 2324 695 2386 Phaedone
719 2347 787 2387 vero
805 2326 862 2385 huc
882 2339 970 2386 totam
990 2326 1159 2407 principum
1176 2323 1357 2403 Pythagorea·

121 2443 186 2484 rum
203 2422 367 2483 doctrinam
388 2423 540 2485 adhibuit.
571 2422 657 2499 Quod
676 2445 713 2482 ex
733 2425 795 2504 ipsa
813 2422 925 2504 dialogi
942 2424 1056 2482 ratione
1075 2421 1265 2502 intelligitur.
1295 2421 1356 2478 Nam

121 2521 172 2600 qui
202 2521 326 2582 maxime
354 2541 420 2580 cum
444 2520 560 2580 Sacrate
591 2541 737 2580 sermones
762 2521 902 2594 miscent,
925 2519 1016 2580 Cebes
1035 2533 1064 2578 et
1084 2518 1239 2592 Simmias,
1261 2517 1354 2598 Pytha·

121 2619 199 2698 gorei
219 2632 306 2678 sunt:
328 2632 423 2693 certe,
447 2633 478 2678 ut
495 2619 552 2700 ipsi
573 2619 703 2698 fatentur
712 2664 720 2693 ‚
742 2618 907 2680 Philolaum
921 2616 1132 2696 Pythagoreum
1149 2616 1262 2676 Thebis
1278 2614 1355 2675 audi-

122 2729 243 2792 verant3
267 2713 299 2794 2)
318 2736 462 2802 sermones
481 2731 576 2776 autem
596 2717 652 2797 ipsi
676 2739 692 2776 a
715 2717 823 2798 placito
842 2714 1048 2797 Pythagoricae
1073 2713 1189 2774 scholae
1209 2714 1356 2794 primario,

121 2811 201 2892 quod
230 2827 272 2873 est
300 2812 337 2872 de
362 2814 623 2895 metempsychosi,
644 2814 814 2890 ducuntur,
843 2828 906 2874 tum
930 2813 1069 2898 princeps
1096 2812 1129 2870 in
1156 2812 1194 2894 iis
1223 2811 1355 2892 longeque

120 2910 351 2990 elegantissimus
378 2911 459 2971 lacus
484 2911 536 2972 ille
558 2925 619 2987 est,
642 2912 692 2971 ubi
718 2911 755 2972 de
775 2912 926 2972 harmonia
945 2911 1059 2990 agitur,
1080 2909 1128 2967 cui
1152 2910 1283 2968 animum
1302 2910 1358 2968 assi·

120 3008 264 3069 milabant
290 3009 472 3090 Pythagorei.
491 3008 522 3089 3)
563 3009 612 3070 Fit
637 3012 698 3086 ita,
721 3023 755 3069 ut
779 3009 988 3070 sublimitatem
1017 3005 1143 3066 scholae
1161 3007 1357 3088 Pythagoricae

119 3127 186 3166 cum
206 3107 353 3167 Socratica
374 3104 537 3167 disserendi
562 3107 716 3187 diligentia
736 3107 776 3166 sic
797 3109 1001 3184 conjunctam,
1025 3119 1057 3163 ut
1078 3106 1110 3164 in
1128 3101 1291 3164 Phaedone
1307 3119 1357 3180 est,

121 3204 155 3265 in
181 3204 247 3264 aliis
276 3204 406 3265 Platonis
441 3202 564 3285 dialogis
592 3204 674 3266 baad
702 3193 887 3286 reperiamus.
931 3204 976 3263 'In
1005 3203 1059 3263 hoc
1086 3203 1224 3282 equidem
1252 3203 1356 3282 dialogo

121 3302 214 3382 ipsam
235 3302 308 3360 mihi
337 3299 439 3362 ridear
468 3303 580 3382 ingenii
610 3302 754 3363 Platonici
782 3303 977 3360 maturitatem
1007 3320 1178 3382 agnoscere:
1206 3323 1280 3380 quae
1306 3323 1357 3362 nau

120 3397 214 3458 solum
241 3401 273 3458 in
300 3398 547 3480 philosophandi,
570 3399 622 3460 sed
651 3401 738 3460 etiam
762 3398 910 3460 scribendi
939 3399 1069 3474 ratione,
1090 3419 1176 3476 quam
1198 3400 1356 3481 usurparit,

119 3499 260 3558 cernitur.
301 3498 338 3556 In
368 3496 483 3556 Politia
512 3496 667 3558 scribenda
687 3496 770 3558 Plato
787 3517 883 3556 rerum
903 3497 1045 3576 gravitate
1057 3541 1066 3570 ,
1086 3508 1157 3574 quas
1180 3497 1357 3578 inquirebat,

121 3609 277 3676 occupatus
303 3595 496 3676 abreptasque
516 3594 653 3672 videtur,
674 3617 731 3675 quo
760 3595 858 3654 minus
886 3593 1023 3652 dramatis
1043 3594 1185 3660 rationem
1203 3606 1357 3656 constanter

120 3707 294 3771 sequeretur.
345 3693 527 3755 Praeclarum
556 3695 733 3774 prooemium
762 3706 823 3769 est,
855 3707 903 3768 et,
930 3690 1071 3771 quamdiu
1103 3693 1284 3753 sermonibus
1318 3691 1356 3748 in·

120 3803 207 3851 terest
233 3791 484 3872 Thrasymachus,
507 3792 598 3851 forma
626 3790 735 3872 dialogi
764 3811 881 3872 prorsus
907 3805 949 3850 est
971 3790 1149 3870 dramatico,
1172 3791 1205 3850 in
1225 3789 1355 3871 proximis

120 3908 190 3952 vero
217 3908 306 3966 usque
335 3889 372 3949 ad
399 3891 510 3952 exitum
530 3890 625 3971 operis
652 3887 751 3950 drama
772 3909 832 3948 esse
848 3887 957 3948 desinit
973 3887 1123 3970 dialogus,
1145 3910 1206 3950 non
1227 3902 1285 3962 est,
1303 3885 1353 3944 nisi

154 4215 181 4278 1)
200 4217 295 4270 Phaed.
314 4172 356 4271 dl.
375 4219 405 4270 B.

154 4299 181 4365 2)
199 4303 262 4356 aaa
280 4302 323 4356 bl.
342 4303 374 4355 D.

154 4385 181 4449 3)
200 4389 262 4440 Eud.
279 4389 321 4441 85.
341 4389 372 4440 E.
