2840 5124
611 231 650 290 95

45 394 134 456 nutari
161 407 188 452 et
216 393 393 474 pessumdari
421 393 553 454 civitates
585 403 728 452 statueret.
763 374 791 468 1')
819 393 888 452 Nara
919 394 1055 452 musicam
1069 408 1193 452 ,omnem
1220 406 1249 450 et

43 493 127 570 po'e'sin
147 492 185 552 ed
202 490 390 550 excolendum
412 513 469 550 non
491 491 582 550 solum
601 491 766 568 ingenium,
793 489 844 550 sed
868 489 904 550 ad
928 489 1062 550 moralem
1081 491 1247 570 praesertim

44 589 162 649 adhibuit
180 590 289 648 ciuium
308 589 530 668 perfectionem:
552 610 611 666 qua,
633 586 691 646 dola
717 589 772 646 niti
792 588 922 650 civitates
947 602 1065 669 oportet.
1107 589 1247 661 Quocirca

43 709 187 766 perversam
217 687 529 765 utriusque‘rationem
549 708 607 744 non
627 687 721 746 minus
749 705 851 746 nocere
870 687 909 746 rei
929 685 1065 766 publicae
1090 686 1247 758 statuebat,

42 807 111 862 quam
125 789 232 864 justam
250 785 391 866 prodesse.

73 882 123 941 Sed
145 884 275 962 quamvis
299 904 358 942 non
375 881 407 940 id
425 881 567 940 studuerit
586 880 685 954 Plato,
706 879 782 959 quod
806 896 923 960 egerunt
948 882 1055 944 deinde
1083 880 1249 941 Aristoteles

42 994 62 1036 ct
74 981 270 1061 Peripatetici,
290 981 395 1059 quique
421 999 456 1036 ex
475 979 520 1038 his
548 980 732 1060 profecerunt
742 980 871 1052 ,Cicero
899 994 927 1039 et
954 980 1173 1055 Quintilianus,
1197 989 1249 1054 ut,

41 1078 105 1156 quod
133 1080 165 1138 in
195 1067 307 1137 artibus
331 1078 459 1136 cernitur
485 1077 635 1156 pulcrum,
657 1077 819 1156 siugulatim
848 1077 1027 1158 exploraret,
1044 1080 1175 1158 justeque
1194 1079 1249 1138 hoc

41 1175 112 1234 modo
130 1176 165 1235 de
185 1177 264 1257 poesi
284 1174 510 1254 eteloquentia,
532 1174 568 1234 de
588 1175 676 1234 variis
697 1177 843 1253 utriusque
868 1189 895 1234 et
915 1175 1068 1255 generibus
1093 1190 1121 1236 et
1149 1191 1249 1238 aucto-

41 1273 108 1332 ribus
133 1275 357 1355 pronunciaret,
387 1287 480 1332 tamen
507 1273 615 1331 fontem
642 1288 815 1354 aperuerunt
844 1275 904 1351 eius
932 1275 1056 1355 scripta,
1084 1296 1098 1333 e
1125 1298 1181 1354 quo
1211 1277 1249 1338 ad

42 1370 98 1430 haec
116 1372 210 1433 studia
229 1370 387 1430 excolenda
405 1370 555 1430 haurirent
572 1372 686 1450 posteri.
714 1372 754 1431 Ne
772 1370 877 1452 placita
897 1373 957 1449 ejus
976 1373 1074 1430 iterem
1092 1373 1128 1432 de
1144 1375 1248 1434 artium

43 1483 150 1545 natma,
172 1471 207 1529 de
229 1470 388 1554 imitatione
408 1471 523 1548 ejusque
546 1470 656 1528 ratione
679 1484 706 1530 et
727 1469 866 1544 consilio,
887 1471 996 1551 primus
1026 1471 1076 1530 ille
1101 1473 1176 1547 fuit,
1198 1475 1248 1552 qui

43 1568 246 1646 exprimendam
280 1573 338 1626 arte
372 1581 543 1662 proponeret
574 1565 669 1626 ideam
695 1567 814 1647 pulcri,
845 1569 907 1650 sive
932 1569 1090 1649 perlectum
1116 1571 1194 1652 illud
1222 1587 1250 1632 et

43 1666 192 1739 excellens,
216 1681 246 1725 ut
276 1667 316 1725 ait
345 1667 471 1738 Cicero,
484 1663 515 1744 2)
535 1666 616 1742 cujus
636 1665 673 1726 ad
693 1667 843 1744 cogitatam
868 1667 991 1747 speciem
1017 1668 1159 1730 imitando
1170 1671 1249 1738 ¹refe·

43 1778 132 1822 runtur
157 1765 227 1850 illa,
249 1785 320 1844 quae
339 1763 392 1822 sub
411 1763 514 1822 oculos·
526 1763 642 1823 cadunt.
675 1763 759 1837 Quod
778 1763 936 1844 placitum,
958 1778 990 1822 ut
1007 1787 1023 1824 a
1041 1767 1248 1826 recentioribus

43 1843 197 1940 diligentius
217 1877 300 1942 atque
319 1883 355 1920 ex
373 1863 433 1943 ipsa
453 1863 557 1922 mentis
576 1876 678 1922 natura
698 1864 859 1942 expositum
873 1869 936 1936 est,
956 1865 996 1922 ita
1015 1866 1174 1943 antiquitus
1187 1868 1249 1943 jam

44 1957 74 2016 sic
93 1963 167 2041 cepit
188 1953 371 2034 Ciceronem,
393 1973 424 2018 ut
442 1959 479 2018 ad
498 1959 572 2018 banc
592 1981 722 2018 normam
741 1961 899 2040 perfectum
918 1961 1091 2020 describeret
1108 1977 1136 2022 et
1156 1963 1249 2024 veluti
1290 2028 1297 2042 Ι

45 2054 198 2139 depingeret
224 2071 370 2118 oratorem.
413 2059 477 2116 Non
504 2057 590 2136 hujus
618 2073 659 2116 est
687 2058 762 2132 loci,
788 2058 954 2118 methodum
977 2080 1138 2140 exponere,
1163 2083 1249 2141 quam

44 2158 110 2232 sequi
123 2158 384 2235 jussit‚quotquot
407 2155 526 2216 dicendi
547 2155 750 2235 scribendique
770 2157 824 2214 arti
844 2156 1010 2233 studerent,
1030 2159 1148 2240 petitam
1168 2160 1265 2219 illam'

45 2270 72 2307 ex
90 2254 220 2314 interiore
249 2254 450 2335 philosophia,
476 2255 617 2334 magisque
645 2255 683 2314 ad
705 2255 785 2329 reri,
806 2275 890 2333 quam
915 2254 1009 2336 pulcri
1035 2257 1249 2337 indagationem

46 2353 245 2444 pertinentem..
271 2357 344 2433 Apte
365 2352 396 2412 id
414 2366 475 2410 tum
494 2351 691 2432 intelligetur,
712 2375 800 2431 quum
818 2352 856 2412 ad
874 2353 1019 2413 doctrinas
1042 2368 1069 2414 et
1086 2346 1249 2438 principem

46 2466 145 2526 earum,
172 2444 371 2525 dialecticam,
401 2441 631 2531 pervenerimus.¹
668 2451 723 2510 Hic
753 2473 820 2512 vero
847 2473 948 2531 operae
975 2455 1101 2533 pretium
1120 2469 1161 2513 est
1183 2457 1250 2514 aui-

47 2547 207 2610 mdvenere
218 2597 226 2624 ‚
248 2552 308 2631 ipsa
327 2549 454 2609 Platonis
478 2549 582 2629 scripta
606 2550 775 2608 documenta
794 2543 852 2608 esse
871 2564 898 2609 et
916 2552 997 2628 quasi
1016 2552 1146 2636 exempla
1165 2553 1249 2612 disci·

47 2643 151 2722 plinae,
171 2671 253 2728 quam
282 2649 373 2730 poetis
402 2662 429 2707 et
458 2647 617 2730 oratoribus
646 2646 775 2707 tradidit.
818 2647 903 2721 Quod
930 2649 984 2706 rite
1011 2649 1191 2725 observasse,
1212 2650 1249 2710 ad

9 2827 10 2832 ἵ
48 2747 138 2826 scripta
158 2727 216 2807 illa*
228 2746 418 2828 intelligenda
437 2745 516 2806 haud
535 2746 608 2807 levis
628 2767 685 2804 esse
703 2747 839 2808 momenti
857 2744 982 2805 videtur.

207 2909 255 3003 De
276 2945 405 3024 dialogis
423 2943 565 3002 Plutonia
574 2988 582 3016 ,
604 2950 656 3020 qui
674 2943 715 2998 od
727 2943 833 3033 pelori
847 2943 1064 3018 philosophiam

465 3049 631 3118 pertenent¹
638 3047 785 3116 proxime.

80 3237 207 3296 Pulcrum
227 3239 338 3322 spirant
354 3236 462 3316 dialogi
483 3236 610 3297 Platonis
626 3241 725 3296 omnes
734 3261 741 3312 3
766 3236 816 3296 sed
834 3236 937 3295 iisdem
956 3239 1035 3315 quasi
1059 3257 1189 3317 expressa
1208 3251 1249 3298 est

51 3333 149 3396 virtutis
168 3330 251 3416 atque
270 3335 425 3402 honestatis
442 3336 542 3414 imago.
584 3336 620 3395 In
638 3335 752 3394 eroticis
777 3348 930 3408 occurrunt
944 3337 1067 3413 juvenes
1090 3336 1197 3414 insigni
1221 3350 1249 3394 et

51 3428 124 3492 lormh
142 3449 169 3494 et
185 3433 377 3509 amabilitate,
399 3434 558 3492 Phaedrus
567 3478 576 3507 ,
597 3433 718 3514 Agatho
729 3479 741 3510 ,Ι
760 3433 952 3508 Charmidee;
975 3453 1010 3492 ex
1025 3433 1177 3492 bisantem
1192 3456 1248 3512 quo

51 3534 123 3610 magis
141 3531 344 3611 interrogando*
360 3531 440 3590 elicit
462 3531 607 3606 Socrates,
628 3553 698 3610 quae
718 3532 753 3589 iis
779 3533 879 3590 insunt
898 3533 1019 3606 natura,
1041 3553 1073 3592 eo
1091 3535 1151 3595 sere
1170 3533 1249 3592 intus

52 3645 172 3708 apparant
200 3631 375 3711 pulcriores:
407 3629 484 3708 quod
503 3629 591 3688 rubor
619 3629 744 3690 subinde
772 3629 887 3710 prodit,
916 3627 1037 3711 pudoris¹
1064 3631 1247 3710 generosique

52 3728 125 3786 enini
144 3729 295 3788 indicium.
330 3717 483 3790 'Sermones
502 3742 570 3787 sunt
590 3728 626 3787 de
651 3727 771 3808 pulcro,
793 3727 829 3789 de
857 3750 963 3808 amore,
989 3729 1039 3788 sed
1068 3729 1191 3788 maxime
1211 3728 1247 3787 de

53 3829 238 3912 temperantia,
265 3827 395 3906 justitia,
421 3827 609 3902 fortitudine,
636 3827 794 3908 sapientia;
824 3828 877 3908 ipsi
904 3828 1031 3886 amatorii
1052 3849 1192 3887 sermones
1210 3828 1248 3888 ad

54 3927 249 4003 temperantiam
270 3925 382 3985 ducunt
400 3939 428 3984 et
445 3924 542 3984 nullas
563 3947 623 3984 non
645 3928 774 3986 virtutes.
801 3925 910 4000 Quodsi
929 3939 1083 3985 occurrunt
1103 3925 1246 4000 subinde,

53 4039 111 4096 quae
127 4022 257 4084 lascivius
277 4023 431 4101 videantur
450 4023 526 4082 dicta
544 4023 681 4102 nobisque
701 4024 890 4104 displiceant:
912 4037 1069 4104 temporum
1091 4024 1123 4084 id
1141 4027 1247 4084 rationi

54 4131 76 4174 et
90 4126 225 4199 poitarum
244 4122 399 4202 exemplis,
426 4144 484 4182 uon
504 4123 649 4202 scriptoris
667 4122 810 4202 proposito
829 4120 1016 4182 tribuendum
1034 4137 1083 4184 est.
1125 4125 1247 4184 Exstant

83 4360 104 4510 L}
120 4365 152 4416 lle
166 4367 224 4430 Rep.
244 4366 284 4418 lV.
306 4364 364 4417 att.
385 4364 413 4417 0.
429 4365 484 4416 Vid.
502 4365 556 4416 Dara
581 4365 629 4416 Ter
654 4383 678 4432 p.
697 4362 731 4416 34
755 4372 780 4414 et
802 4362 858 4416 132.

123 4451 186 4503 orac
200 4451 224 4502 3.
