2832 5120
616 271 672 334 169

46 435 193 508 sustulerit,
224 432 296 512 quid
324 434 378 492 erit
406 434 502 510 illud,
523 435 601 514 qnod
629 434 772 496 restabit?
800 453 899 495 nonne
928 439 1096 496 semones?
1120 477 1151 490 -
1180 437 1262 498 Nihil

45 534 121 594 aliud.
140 557 172 568 ·-
193 534 233 592 Hi
254 545 349 592 autem
367 551 511 593 sermones
538 553 636 593 nonne
656 530 693 592 ad
722 531 836 593 turbam
866 533 1063 615 populumque
1091 537 1262 598 habentur?

45 636 134 692 Nonne
150 632 244 714 poesis
263 629 301 690 sit
320 632 424 690 iccirco
449 619 571 724 oratqiia
594 630 735 711 quaedam
746 630 924 712 populeris?
964 653 1064 693 nonne
1082 635 1206 706 forensis
1226 636 1264 695 sit

45 732 106 792 adeo
124 729 312 809 eloquentia?
334 732 381 788 An
401 747 469 788 vcro
487 729 541 790 tibi
561 729 644 790 aliud
664 728 737 810 quid
763 747 845 809 agere
872 731 905 789 in
925 731 1096 812 spectaculis
1123 732 1264 793 uidentur

46 836 151 910 petitae,
170 847 257 908 quam
274 820 464 910 incontrium?
481 859 513 871 -
535 829 600 888 Non
620 826 712 888 aliud.
735 848 767 860 ··
789 828 872 886 Nunc
903 829 991 908 igitur
1018 831 1186 890 invenimus
1211 851 1265 891 nos

45 928 245 1007 eloquentiam,
265 951 338 1008 quae
358 930 445 990 taleni
464 941 573 1009 spectat
591 926 751 1008 populum,
772 926 867 1006 qualis
886 929 984 1007 pueris
1002 929 1193 1008 foeminisquc
1213 949 1262 1011 pa·

45 1027 103 1084 riter
121 1049 152 1086 ac
172 1028 262 1102 viris,
284 1042 312 1088 et
331 1029 421 1088 serris
440 1028 599 1110 pariterue
624 1025 724 1085 liberis
748 1025 918 1085 hominibus
943 1040 1074 1086 constat:
1095 1047 1182 1107 quam
1201 1049 1262 1089 non

44 1143 201 1205 magnopere
221 1124 409 1185 admiramur:
439 1118 591 1204 roioetmqb
616 1117 673 1206 psit)
696 1118 790 1205 aristis
812 1120 912 1205 φαμὲν
936 1117 1022 1185 εἶναι·
1052 1128 1264 1187 adulatorium

45 1232 113 1280 enim
131 1246 192 1284 esre
207 1234 491 1318 pronuntiavimus.
533 1226 613 1301 Quid
634 1247 702 1286 vero
726 1227 778 1285 illa
797 1227 981 1306 eloquentia,
1003 1245 1075 1305 quae
1104 1225 1141 1284 ad
1168 1245 1267 1308 popu-

44 1321 94 1380 lum
111 1323 334 1382 Atheniensium
353 1338 534 1404 caeterosque
550 1327 582 1385 iu
605 1324 671 1384 eliis
689 1325 859 1386 ciuitatibus
878 1325 1020 1407 populos,
1040 1326 1175 1406 ingenuis
1192 1327 1266 1387 civi·
1354 1319 1360 1326 ’

44 1419 88 1480 bus
105 1433 287 1496 constanter,
310 1435 483 1504 usurpatur,
504 1421 576 1502 quid
601 1423 685 1482 nobis
702 1423 772 1482 haec
791 1426 858 1484 esti
878 1423 1028 1502 Numquid
1047 1424 1105 1484 tibi
1125 1425 1266 1485 videntur

43 1532 154 1579 oratores
174 1521 284 1601 optimo
301 1519 396 1580 dicere
406 1522 553 1602 proposito
563 1565 571 1596 ,
583 1520 654 1580 illuc
670 1522 856 1583 intendentes
875 1523 984 1598 aciem,
1006 1537 1038 1582 ut
1057 1539 1143 1602 quam
1162 1525 1262 1604 optimi

5 1669 6 1674 ,
44 1616 105 1678 fiant
122 1639 176 1700 per
201 1621 328 1700 ipsorum
347 1633 490 1679 sermones
518 1620 622 1685 civcsi
644 1623 778 1680 Anicio
807 1620 839 1678 hi
867 1621 936 1680 item
965 1621 1120 1701 gratificari
1149 1621 1265 1684 civibus

5 1705 6 1716 ¹
44 1717 184 1792 nituntur,
206 1729 234 1777 et
252 1719 353 1778 salotis
371 1739 439 1778 suae
458 1718 599 1792 studiosi,
620 1717 755 1799 publicae
775 1719 973 1800 negligentes,
994 1732 1027 1779 ut
1045 1723 1144 1801 pueris
1173 1734 1265 1780 utun-

43 1830 81 1874 tur
106 1817 242 1899 populis,
264 1827 348 1897 utque
375 1815 528 1897 indulgere
555 1818 616 1876 illis
641 1817 786 1877 duntaxat
806 1831 833 1876 et
851 1817 966 1898 placere
984 1833 1145 1894 conantur3
1169 1832 1266 1878 utrum

6 1943 7 1948 ¹
43 1935 99 1974 sero
126 1914 261 1976 meliores
281 1917 321 1975 ita
350 1939 389 1977 an
417 1917 572 1978 deteriores
601 1916 690 1990 liant,
722 1915 800 1976 nihil
828 1920 954 1977 curanti
976 1939 1007 1952 -··
1029 1917 1085 1977 Hic
1113 1917 1266 1993 Callicles,

42 2033 111 2093 aegre
130 2013 203 2074 haec
217 2033 418 2090 concessurus,
440 2033 499 2074 non
516 2014 641 2095 simplex
661 2028 720 2090 est,
742 2015 856 2092 inquit,
877 2015 957 2092 quod
972 2035 1051 2074 nunc
1076 2033 1176 2096 rogas:
1198 2028 1267 2075 sunt

43 2113 126 2187 euim,
158 2114 228 2190 qui,
260 2111 405 2194 quidquid
433 2113 537 2173 dicunt
548 2156 557 2186 ,
589 2097 627 2171 ad
655 2112 776 2172 salutem
804 2113 916 2173 cisium
945 2112 1069 2174 dicunt:
1099 2125 1168 2174 sunt
1197 2133 1267 2174 uero

5 2229 7 2262 f
43 2212 134 2285 ctiam,
155 2212 312 2290 quales-tu
332 2210 464 2272 narrasti.
486 2232 519 2246 ···
539 2214 614 2272 Tum
634 2210 780 2270 Socrates:
805 2223 834 2270 at
856 2211 982 2288 sufficit,
1011 2214 1069 2288 ait;
1099 2229 1167 2270 nam
1184 2212 1210 2271 si
1238 2224 1268 2273 et

44 2307 86 2367 hoc
103 2326 194 2389 genus
214 2308 328 2394 duplex
350 2323 409 2384 est,
431 2311 550 2369 alterius
579 2322 671 2368 totum
697 2311 844 2389 negotium
873 2313 1011 2369 adulatio
1030 2311 1085 2370 erit
1111 2311 1265 2389 ‘turpisque

44 2409 230 2466 concionatio:
253 2408 372 2468 alterius
400 2429 468 2470 vero
498 2429 542 2468 res
569 2408 762 2489 pulcerrima,
794 2409 910 2470 studere
939 2409 1096 2484 videlicet,
1119 2423 1150 2467 ut
1179 2426 1266 2487 quam

5 2541 7 2546 -
45 2507 131 2584 optimi
151 2507 245 2565 futuri
267 2507 327 2566 sint
351 2508 461 2566 civium
484 2509 595 2581 animi,
616 2507 806 2586 certatimque
831 2508 938 2588 optima
963 2501 1079 2583 dicere,
1105 2509 1166 2568 sive
1187 2519 1266 2587 grata

45 2603 164 2663 accidant
185 2604 373 2664 audientibus
393 2608 454 2666 sive
474 2607 614 2686 ingratast

76 2701 118 2762 Sic
139 2704 288 2778 Socrates,
309 2705 423 2782 rejectis
442 2705 598 2766 vilioribus
617 2703 771 2784 quibusvis
786 2702 905 2762 dicendi
924 2707 1097 2786 propositis,
1117 2703 1165 2778 id,
1186 2702 1265 2782 quod
1336 2781 1339 2788 Ι

7 2855 8 2858 ,
46 2801 70 2858 in
88 2799 251 2882 eloquentia
269 2815 410 2862 summum
426 2813 487 2878 cst,
508 2816 536 2862 ct
556 2801 712 2883 distinguit
734 2801 771 2861 ab
795 2801 841 2861 his
858 2801 1017 2882 diligenter
1043 2817 1072 2863 et
1091 2804 1179 2862 unice
1198 2801 1266 2861 lau-

47 2897 101 2958 dat:
119 2921 176 2979 quo
198 2912 300 2982 sponte
315 2903 375 2979 jam
390 2903 446 2982 ipsi
467 2901 659 2982 intelligimus
669 2921 739 2976 ,cur
757 2900 794 2962 de
811 2902 944 2982 pristinis
960 2901 1184 2962 Atheniensium
1205 2919 1265 2958 ora·

47 2999 141 3057 toribus
150 3046 159 3075 ,
175 2998 214 3058 de
234 3000 297 3081 ipso
315 3000 387 3059 adeo
406 3000 530 3076 Pericle,
552 3001 649 3059 minus
663 2997 808 3080 praeclare
823 3001 1001 3062 existimasse
1022 3000 1157 3063 videatur
1175 2994 1265 3056 Plato.

50 3097 256 3176 «Huiusmodi,
279 3100 333 3172 ait,
355 3111 449 3158 oretor
473 3117 526 3158 nec
553 3097 718 3173 hodieest,
739 3098 1035 3178 necunquamfui13
1057 3095 1160 3175 quodsi
1182 3113 1265 3172 quae·

48 3195 94 3270 uis,
112 3197 206 3275 qualis
227 3199 283 3272 sit,
310 3217 379 3277 age,
409 3197 504 3256 bonus
533 3198 598 3272 uir,
618 3198 726 3275 quique
756 3200 865 3278 optimo
895 3197 1018 3257 consilio
1045 3196 1140 3271 dicit,
1166 3213 1266 3253 nonne

48 3296 133 3372 procul
159 3297 260 3370 abest,
282 3309 314 3356 ut
337 3310 442 3356 temere
471 3296 624 3374 loquatur,
645 3294 696 3354 scd
726 3295 839 3375 aliquid
867 3295 1010 3377 respicit?
1041 3297 1140 3356 Prouti
1162 3295 1265 3354 caeteri

48 3395 155 3454 artifices
173 3414 291 3468 omnes,
312 3394 350 3453 ad
369 3415 452 3454 suum
471 3396 592 3473 quisque
617 3414 689 3475 opus
705 3396 909 3476 respicientes,
931 3418 992 3457 nou
1011 3410 1116 3456 temere
1136 3394 1265 3475 eligunt,

49 3493 113 3568 quod
130 3496 209 3576 operi
228 3512 279 3554 suo
298 3493 461 3553 adhibituri
478 3507 546 3552 sunt
556 3537 565 3566 ,
586 3491 636 3552 sed
657 3507 688 3552 ut
713 3495 836 3575 speciem
855 3495 1031 3574 formamque
1050 3495 1155 3554 habeat
1173 3511 1266 3571 quan·

50 3587 103 3648 dam
121 3593 171 3667 id,
192 3591 271 3672 quod
290 3592 459 3666 elaborant,
490 3592 659 3650 enituntur:
690 3592 782 3652 veluti
794 3639 803 3668 ,
830 3594 853 3653 si
881 3595 1004 3674 pictores
1024 3594 1068 3653 vis
1097 3592 1266 3665 attendere,

51 3689 220 3766 architectos,
242 3691 361 3750 nuvium
380 3704 607 3765 constructores,
628 3704 752 3749 caeteros
770 3691 895 3751 artifices
916 3711 1031 3766 omnes,
1053 3692 1150 3770 quivis
1167 3709 1266 3749 eorum

8 3783 10 3848 Ϊ
53 3785 76 3843 in
92 3787 370 3871 ordinem'disponit
388 3788 502 3869 singula
512 3834 520 3863 ,
541 3806 614 3867 quae
632 3788 781 3870 disponit,
802 3792 934 3871 cogitque
952 3791 1010 3850 alia
1036 3789 1103 3848 aliis
1123 3786 1265 3869 quadrare

53 3897 255 3968 etcongmere,
275 3888 368 3947 donec
383 3901 475 3946 totum
501 3887 646 3966 neg'otium
666 3899 731 3969 apte
752 3889 917 3950 ordinatum
937 3903 1165 3966 exornatumque
1194 3905 1268 3946 con-

54 3983 150 4044 tutent.
190 3988 226 4046 ld
246 4007 343 4047 omncs
368 3985 511 4060 artifices,
532 3997 579 4060 et,
600 4005 670 4064 quos
695 3986 781 4048 modo
809 3988 957 4062 diximus,
978 4009 1133 4070 puerorum
1158 3985 1267 4046 educa-

56 4089 115 4141 tores
132 4100 158 4144 et
175 4087 280 4146 mediol
302 4097 390 4166 agunt
408 4095 567 4166 perpetuo,
588 4105 692 4166 corpus
712 4085 828 4166 fingunt
843 4107 875 4145 uc
890 4103 1086 4168 componunt:
1110 4088 1150 4146 sic
1170 4096 1265 4144 autem

57 4191 79 4234 tt
95 4179 188 4243 domus
206 4199 233 4244 et
262 4186 346 4244 navis
375 4197 403 4242 et
427 4203 531 4264 corpus
548 4183 676 4242 hominis
706 4197 738 4243 ut
765 4185 885 4245 formam
912 4185 1100 4266 habitumque
1127 4185 1265 4244 idoneum

59 4281 167 4358 acc'epit,
187 4282 260 4342 hene
281 4303 309 4341 se
332 4281 461 4341 habebit.
512 4279 591 4356 Quid
612 4303 681 4342 vero
701 4283 814 4342 animus
841 4283 993 4345 hominis?
1026 4287 1155 4365 Corpus,
1186 4278 1266 4359 quod

60 4369 119 4433 bene
144 4399 171 4437 se
190 4379 296 4455 habet,
318 4401 426 4440 cunum
444 4393 563 4439 vocatur
591 4394 618 4438 et
638 4383 802 4441 robustum.
846 4384 949 4446 Nonne
975 4385 1015 4448 ita
1035 4383 1168 4454 animus,
1188 4376 1266 4438 ordi-

63 4489 300 4558 uenomutumque
316 4493 500 4552 consecutus,
517 4470 627 4555 νόμον,
643 4478 717 4558 legis
733 4501 860 4541 normam
877 4483 1040 4556 obtinebit,
1052 4477 1130 4540 unde
1143 4470 1267 4555 νόμιμοι
