2872 5122
761 277 800 336 86

162 430 318 517 γενόμενον
345 425 430 516 ἄνδρ’
456 429 548 498 utlaio
574 431 682 498 adlatur
707 427 778 498 εἶναι
803 435 858 520 τῆς
878 430 1127 519 τοῦπράγματος
1148 434 1262 522 ἀρετῆς.
1294 445 1377 521 Caput

1423 4 1429 333 l

165 561 226 600 assa
253 546 459 599 institutionis
486 541 616 600 dicimus
641 549 757 598 rectam
790 541 1012 615 educationem,
1041 562 1118 619 quaa
1145 543 1278 601 ludentia
1302 547 1378 618 pueri
1428 589 1429 602 ,

165 646 301 696 animum
319 638 359 695 nd
377 658 507 696 amoram
524 639 609 696 ducit
625 639 727 713 illiue,
741 641 818 716 quod
836 640 925 696 uirili
937 649 1036 701 aetate
1053 653 1222 699 tramutata
1240 662 1299 699 aare
1312 657 1378 716 opor·
1428 661 1429 698 1

164 747 224 810 tat,
244 744 273 795 ti
285 739 443 813 perfectus
461 744 495 793 in
514 747 583 794 orto
602 758 657 795 suo
669 739 807 811 futurus
826 749 878 796 tat.
892 749 911 794 ιι·
929 734 958 816 Ι)

207 834 297 894 Festis
317 833 601 914 igitursolemnihus
618 833 695 894 nihil
715 833 800 894 facile
819 856 877 894 esse
896 835 991 916 aptius
1008 833 1209 916 efficaciusque
1229 848 1336 918 poterat
1351 833 1380 892 ad

165 933 252 992 insita
277 932 372 1012 pulcri
400 932 568 1012 honestique
588 933 683 992 studia
702 933 856 994 excitanda
874 947 902 992 et
921 931 1128 1007 confirmanda.
1167 936 1239 994 Nam
1264 931 1380 993 ludendo

164 1029 375 1111 peragebantur
394 1031 519 1088 maxime
537 1043 565 1090 et
581 1030 689 1090 summa
704 1030 869 1104 hilaritate,
884 1051 937 1090 nec
952 1031 1044 1090 solum
1060 1032 1204 1095 emrendo
1213 1078 1221 1107 ,
1238 1030 1380 1101 luctando,

164 1125 326 1207 aurigando
354 1128 529 1206 caeterisque
556 1127 634 1188 ludis
661 1129 816 1208 amnicis,
838 1129 889 1189 sed
915 1129 1033 1188 musicis
1060 1130 1146 1191 etiam
1162 1129 1381 1200 certaminibus,

165 1246 257 1304 quac,
277 1224 314 1284 ad
333 1225 480 1304 Apollinis
509 1225 712 1306 Musarumque
732 1226 920 1312 exemplum,
935 1227 974 1293 jn
994 1227 1089 1285 choris
1108 1226 1345 1299 celebrabantur,
1361 1240 1382 1284 et

166 1323 331 1383 ludentium
350 1324 600 1403 spectantiumque
620 1324 729 1384 animos
747 1323 784 1383 ad
802 1325 937 1384 sublimia
955 1345 1083 1404 quaeque
1107 1324 1279 1386 evehebant.
1310 1324 1381 1384 Chori

165 1420 278 1495 autem,
299 1419 376 1499 quod
403 1419 452 1478 hic
477 1419 560 1482 nobis
588 1421 706 1480 minime
731 1421 936 1502 negligendum
956 1436 1011 1497 est,
1032 1436 1064 1482 ut
1082 1422 1200 1502 hymnis
1217 1423 1383 1483 extollebant

165 1521 289 1578 Deorum
309 1517 410 1578 laudes
430 1532 458 1577 et
478 1519 552 1578 facta
570 1518 715 1599 praeclara
734 1519 854 1580 heroum
864 1565 872 1593 ,
893 1519 933 1578 ita
952 1541 997 1578 res
1015 1519 1100 1578 simul
1118 1521 1243 1580 Deorum
1261 1521 1382 1580 heroum-

165 1637 220 1696 que
244 1614 377 1676 canendo
403 1615 592 1695 saltandoque
620 1617 817 1684 imitabantur.
849 1618 937 1695 Cujus
960 1618 1002 1676 rei
1026 1617 1205 1698 praeclarum
1223 1633 1316 1678 exstat
1332 1639 1382 1676 mo-

167 1711 356 1790 numentum,
378 1713 504 1793 hymnus
519 1714 551 1774 in
566 1714 746 1796 Apollinem,
762 1715 885 1775 Homero
902 1715 990 1794 vulgo
1004 1715 1183 1797 adscriptus,
1200 1718 1252 1796 qni
1267 1718 1382 1776 nativam
1427 1757 1429 1780 2

165 1813 295 1874 continet
321 1812 401 1872 chori
426 1811 670 1894 descriptionem,
689 1835 747 1893 quo
765 1815 849 1873 lones
868 1812 999 1872 solebant
1016 1814 1049 1872 in
1065 1813 1191 1873 Deliacis
1208 1815 1291 1874 lestis
1308 1814 1382 1895 lpot-

164 1910 254 1970 liuem
271 1924 306 1969 'ac
326 1911 450 1970 Dianam
470 1910 624 1972 celebrare.
655 1912 720 1972 Non
734 1913 830 1971 minus
848 1910 911 1970 illic
931 1911 1054 1970 imitatio
1071 1910 1220 1971 hominnm
1240 1935 1291 1974 seu
1305 1913 1381 1984 aetio,

164 2030 250 2088 quam
268 2022 368 2068 cantus
387 2023 415 2068 et
440 2007 553 2068 saltatio
570 2009 714 2070 laudatur.

365 2095 535 2167 advrmo'd'
555 2101 728 2189 ἀνθρώπων
748 2101 850 2188 φωνὰς
870 2104 918 2166 καὶ
938 2101 1171 2189 κρεμβαλιαστύν

366 2203 504 2287 μιμεῖσθ’
523 2205 632 2270 lituum·
654 2206 729 2290 φαίη
752 2201 788 2270 dd
806 2231 854 2270 κεν
874 2202 965 2282 ariade
985 2204 1104 2284 ἕκαστος

370 2305 550 2392 nenotea-
572 2305 651 2373 οὕτω
673 2332 743 2392 σφιν
762 2306 836 2392 καλή
858 2305 1020 2393 συνάρηρεν
1040 2304 1136 2392 ἀοιδή.
1152 2311 1184 2393 2)

156 2437 171 2447 ⁴·
205 2413 245 2472 Ut
270 2427 370 2493 sponte
400 2435 449 2472 sua
472 2413 557 2472 homo
577 2433 679 2472 canere
699 2414 784 2492 gestit
802 2427 829 2472 et
848 2413 969 2487 saltare,
989 2413 1029 2472 ita
1048 2413 1159 2472 aceedit
1177 2412 1306 2472 naturali
1324 2409 1381 2470 huie

162 2508 371 2570 oblectamento
408 2509 543 2569 imitandi
582 2510 727 2585 studium,
763 2531 822 2573 non
851 2511 949 2570 minus
978 2531 1046 2570 sane
1078 2525 1196 2570 naturae
1222 2529 1380 2591 congruum.

162 2610 263 2667 Patent
282 2607 379 2667 haec
372 2631 403 2667 tn
429 2627 583 2690 puerorum
610 2607 820 2667 consuetudine
831 2652 840 2682 ,
861 2609 968 2689 pariter
993 2609 1025 2666 in
1053 2608 1226 2689 populorum
1245 2607 1382 2677 moribus,

162 2708 212 2785 qui
239 2707 420 2780 etiamnunc,
447 2721 487 2765 ut
505 2720 575 2765 tunc
603 2706 699 2800 Iones,
729 2707 871 2787 pueritiae
896 2706 1025 2766 referunt
1048 2705 1168 2788 gratiam
1196 2720 1224 2765 et
1253 2705 1381 2786 simplici

162 2818 257 2863 tatem.
309 2803 452 2863 Ludentes
477 2805 527 2863 illi
557 2825 710 2885 puerorum
731 2806 822 2863 instar
841 2804 975 2864 canendo
993 2803 1174 2863 delectantur
1191 2818 1219 2864 et
1238 2789 1428 2875 saltando,
1427 2845 1428 2884 5

160 2901 341 2981 chorosque
330 2915 479 2983 pungunt
476 2915 504 2961 et
522 2902 678 2961 homines
670 2904 820 2962 imitantur
833 2881 866 2961 ht
885 2921 928 2960 res
945 2901 1021 2960 ab''
1002 2922 1039 2960 us
1062 2916 1162 2982 gestas.
1183 2901 1269 2977 Quod
1290 2901 1381 2962 adver·
1427 2889 1428 2976 l

161 3013 253 3059 tentes
270 3001 512 3080 peregrinaturos,
534 3001 631 3079 quiin
651 3003 764 3061 remotis
785 2999 996 3080 regionibuss
988 3021 1020 3056 ιιι
1040 2997 1144 3060 insulis
1162 3001 1287 3062 maxime
1305 2999 1382 3058 maris

158 3098 309 3172 australis,
329 3097 401 3156 tales
429 3097 565 3158 adierunt
589 3097 712 3179 populos
723 3143 731 3172 ,
752 3097 958 3178 explicuerunt
971 3116 1008 3154 ex
1029 3117 1126 3158 aarum
1143 3092 1270 3157 moribus
1290 3097 1380 3158 chora·

159 3215 223 3252 rum
249 3196 327 3276 apud
355 3194 478 3254 Graecos
496 3196 644 3256 rationem.
676 3196 737 3274 Ego
756 3215 824 3255 vero
841 3195 950 3268 fateor,
972 3215 1008 3253 ex
1028 3215 1125 3254 eorum
1144 3193 1380 3276 descriptionibus

158 3293 282 3352 multum
310 3315 355 3352 me
382 3294 533 3374 profecisse
561 3293 599 3353 ad
623 3295 770 3354 Platonem
799 3291 1031 3372 intelligendum.
1064 3295 1135 3352 Nam
1164 3293 1312 3354 illustrant
1335 3292 1380 3352 illa

159 3390 300 3463 mirifice,
321 3411 395 3472 qnae
421 3390 611 3472 philosophus
637 3392 844 3473 pronunciavit
872 3389 908 3450 de
932 3393 1057 3452 musicae
1080 3405 1108 3450 et
1134 3391 1283 3450 chororum
1309 3406 1379 3462 ortu,

160 3509 213 3548 nec
241 3489 337 3548 minus
359 3473 457 3550 valent
475 3489 512 3549 ad
527 3489 671 3570 placita
647 3510 708 3568 equs
724 3488 910 3608 explicanda,
931 3509 1002 3567 quae
1020 3489 1057 3548 ad
1076 3489 1198 3569 tragicos
1216 3503 1245 3548 ot
1264 3491 1380 3550 comicos

159 3569 356 3646 reseruntur.

196 3684 383 3764 Tragoediam
409 3685 434 3742 si
460 3685 645 3765 respicimus,
684 3685 778 3764 qualis
813 3698 904 3744 exstat
934 3685 965 3742 in
994 3685 1126 3763 gentibus
1158 3684 1378 3754 recentioribus,

160 3782 218 3840 una
237 3782 379 3841 contineri
407 3785 483 3862 poesi
512 3782 644 3842 videtur:
662 3782 806 3841 comoedia
824 3803 891 3842 vero
911 3781 958 3841 vel
976 3783 1036 3862 ipsa
1054 3783 1190 3842 destituta
1210 3796 1253 3842 est
1270 3790 1379 3863 poeseos

159 3955 409 3964 —-.---..---—-—

189 4057 214 4123 1)
232 4060 270 4110 De
288 4059 359 4127 heyp.
382 4059 400 4110 l.
420 4058 478 4110 643.
497 4059 528 4112 A.
550 4058 578 4112 C.
594 4058 624 4112 Ι).
643 4059 685 4111 ubi
703 4058 755 4111 vid.
775 4058 831 4112 Ast.
852 4057 891 4111 ct
911 4061 949 4112 De
969 4062 1030 4128 step.
1051 4059 1092 4110 lV.
1113 4058 1173 4110 425.
1191 4059 1223 4112 A.

189 4143 215 4208 2)
233 4146 321 4212 Hymn.
346 4147 381 4200 in,
398 4145 490 4215 Apoll„
505 4143 562 4196 162.
606 4143 645 4196 De
672 4145 757 4197 choris
782 4145 915 4212 praeclare
944 4149 1103 4213 scripserunt
1126 4144 1215 4208 multi,
1244 4147 1269 4196 in
1294 4145 1375 4212 primis

154 4231 303 4294 schilterus,
330 4231 373 4299 qui
402 4231 434 4281 ad
461 4228 583 4282 Graecam
608 4232 733 4282 rationem
761 4247 807 4283 sua
831 4232 889 4298 ipae
909 4231 1024 4284 dramata
1043 4232 1222 4283 conformavit.
1257 4231 1295 4282 Ex
1320 4231 1375 4281 Pla·

154 4308 223 4370 tonis
241 4317 313 4370 laute
331 4332 384 4368 ram
406 4315 466 4366 data
495 4315 576 4382 opera
597 4315 724 4367 duxerunt
745 4317 799 4368 Dea
820 4317 869 4368 Ten
889 4325 916 4368 et
935 4318 1009 4380 Bae,
1029 4316 1160 4386 opusculis
1181 4316 1298 4367 laudatis.
1327 4313 1374 4364 llos

155 4404 290 4472 moninus
312 4401 385 4470 plura
405 4401 438 4452 de
460 4400 510 4453 hac
530 4410 681 4470 argumento
701 4401 863 4465 diceremus,
886 4403 1019 4469 utriusque
1036 4401 1099 4456 lecit
1115 4417 1172 4455 cunr
1195 4401 1374 4471 diligentiatam

157 4489 302 4542 disserendi
318 4487 455 4555 elegantia.
