2872 5122
60 459 307 541 componebantur,
336 456 527 533 Quamobrem
547 475 633 516 nemo
651 469 712 516 orat
728 454 850 516 Athenis
872 452 972 534 paullo
987 452 1108 533 quidem
1125 453 1276 514 liberalius
1322 441 1329 454 ⁸

58 561 218 633 institutus,
237 559 311 637 quin
330 558 466 616 musicae·
482 553 600 616 deberet
625 555 722 614 cultus
738 555 785 612 sui
801 551 1045 631 affinitatisque
1063 552 1159 612 initia.
1189 555 1275 616 tenea

58 657 138 716 debat
163 656 338 737 disciplinae
364 657 459 730 rstio,·
483 672 557 733 quae
584 653 684 714 eodem
711 643 849 712 tendebat
874 661 941 710 tota.
977 648 1153 738 Ediscebant
1177 651 1275 710 adole·

57 768 160 814 mentes
188 761 337 834 poetarum
362 755 509 826 carmina,
531 765 565 810 ut
591 752 668 814 vires
684 750 866 813 inniterentur
882 749 991 823 claros,
1010 749 1061 830 qui
1080 748 1192 809 inillis
1210 749 1276 809 lau-

55 851 211 926 darentur,
236 851 363 930 talesque
391 852 447 932 ipsi
473 849 537 908 steri
564 848 722 932 cuperent:
750 847 913 910 citharistae
942 860 1037 908 autem
1063 841 1204 906 citharam
1229 868 1276 910 eos

56 950 162 1030 pulsare
192 950 349 1024 docentes,
377 947 410 1010 id
438 947 594 1010 studebant
628 947 769 1020 maxime,
798 959 830 1003 ut
857 943 895 1006 ad
926 965 1060 1006 sonorum
1096 943 1275 1007 harmoniam

55 1069 145 1106 eorum
166 1050 279 1108 animos
302 1059 515 1128 componerem.
544 1043 607 1130 Καὶ
636 1039 705 1119 τούς
736 1035 873 1126 ῥυθμούς
904 1065 935 1104 τε
965 1039 1014 1106 καὶ
1045 1036 1100 1118 erig
1131 1037 1273 1124 ἁρμονίας

55 1139 258 1224 ἀναγκάζουσιν
282 1144 461 1226 clamem
486 1149 551 1221 ταῖς
576 1151 693 1228 ψυχαῖς
715 1147 776 1208 τῶν
802 1143 931 1220 παίδων,
957 1141 1008 1210 liro
1031 1138 1217 1227 η’μερώτιρνί
1241 1167 1273 1208 τι

54 1239 103 1308 udor
129 1247 178 1310 razi
205 1242 421 1330 ιιῖρνθμότιροι
446 1247 495 1310 καὶ
514 1244 759 1332 ιιῖαρμοσιότιροι
780 1242 956 1333 γιγνόμενοι,
976 1241 1122 1329 χρήσιμοι
1141 1241 1215 1310 αἷσιν
1235 1248 1275 1324 εἰς

54 1344 85 1410 τό
104 1345 195 1430 λέγειν
215 1373 246 1412 τι
267 1349 316 1411 καὶ
337 1344 574 1430 undeuuanda
599 1347 666 1434 yde
694 1345 713 1413 o‘
738 1349 816 1432 βίος
847 1352 913 1414 rod
942 1344 1140 1431 ἀνθρώπων
1169 1341 1274 1433 tripo-

55 1450 164 1530 dnr'oq
183 1475 219 1514 τι
241 1451 304 1514 καὶ·
320 1447 563 1532 εὐαρμνστίιις
589 1453 715 1518 δεῖται.
736 1454 766 1536 1)

146 1653 197 1712 De
224 1662 340 1714 musaea
363 1663 393 1712 et
418 1665 613 1734 gymnastico
637 1663 671 1712 in
694 1673 862 1741 puerariam
885 1662 1078 1714 institutione
1094 1663 1173 1714 reete

555 1755 759 1830 temperando.

90 1949 188 2009 Prout'r
205 1961 300 2008 autem
319 1948 351 2008 in
370 1948 431 2008 illis
455 1948 589 2008 omnibus
607 1948 795 2029 philosophus
814 1962 945 2008 naturam
963 1947 1113 2027 indagavit
1129 1947 1273 2020 hominis,

57 2057 93 2104 at·
109 2047 179 2106 inde
206 2059 348 2126 repeteret
376 2060 403 2106 et
432 2047 572 2126 originem
600 2049 720 2106 musices
748 2060 776 2104 et
804 2047 874 2106 attis
900 2045 986 2124 hujus
1014 2044 1212 2106 efficacitatem
1234 2044 1272 2105 ad
1336 2048 1342 2062 ‘

56 2145 154 2223 primos
179 2143 354 2204 excolendos
381 2165 535 2224 puerorum
566 2166 683 2220 sensus,
712 2145 752 2206 ita
779 2144 813 2202 in
840 2145 958 2204 caeteris
985 2145 1071 2204 etiam
1099 2143 1136 2204 de
1163 2145 1271 2202 musica

56 2241 300 2321 disquisitionibus
327 2263 363 2300 ex
388 2241 487 2302 eodem
509 2242 702 2306 hauriendum
720 2263 778 2302 esse
797 2244 910 2302 censuit
928 2256 956 2302 et
973 2242 1071 2304 hausit·
1086 2243 1175 2304 fonte.
1207 2243 1271 2300 Duo

57 2340 131 2398 nobis
148 2340 252 2400 naturd
269 2341 361 2398 inesse
382 2337 472 2414 dicit,
493 2340 634 2420 alterum,
655 2341 733 2420 quod
757 2335 792 2400 τό
815 2333 940 2424 ἥμερον,
962 2347 1030 2407 item
1048 2333 1085 2402 eti
1108 2333 1272 2422 φιλόσοφον

57 2451 147 2516 rorat,
168 2431 205 2498 ed
226 2432 537 2515 dopoatdimlterum.
558 2440 645 2498 Recte
664 2439 733 2498 haec
752 2441 963 2522 diligenterque
983 2439 1168 2526 temperanda
1188 2456 1269 2516 sunt,

60 2556 87 2592 ne
103 2537 187 2598 homo
205 2539 253 2599 vel
271 2539 384 2599 mollior
402 2538 469 2611 fiat,
491 2557 575 2615 quam
594 2559 646 2617 par
667 2551 725 2612 est,
747 2539 795 2600 rel
813 2541 929 2602 durior:
951 2565 1006 2621 quo
1026 2541 1102 2602 valet
1120 2542 1152 2599 in
1170 2541 1271 2621 primis
1339 2534 1343 2538 ⁵

59 2636 164 2696 musica.
194 2637 311 2696 Scilicet
331 2638 444 2715 utrique
463 2632 580 2692 illorum
599 2649 688 2693 artem
711 2636 823 2698 dedisse
842 2639 959 2700 videtur
982 2641 1074 2716 Deus,
1101 2637 1146 2722 τῷ
1165 2631 1270 2720 ἡμέρῳ

57 2743 280 2810 marosticam,
310 2743 455 2794 musicam
480 2729 531 2816 esp*
552 2731 720 2810 θυμοειδεῖ.-
749 2733 830 2795 illam
858 2738 959 2814 alteri,
981 2753 1012 2797 ut
1040 2739 1153 2800 indoles
1177 2761 1269 2800 corro-

59 2827 195 2892 boraretur
213 2832 327 2913 placida
345 2848 372 2892 et
390 2833 486 2908 mitis,
507 2833 590 2893 alteri
610 2834 706 2909 hanc,
728 2856 764 2894 ne
784 2836 870 2894 insita
890 2836 1022 2894 alacritas
1041 2837 1073 2896 in
1093 2838 1267 2896 ferocitatem

60 2928 150 2990 abiret.
179 2933 317 2990 Homines
344 2953 411 2991 vero
428 2951 562 3012 perverso
579 2933 638 2990 fere
656 2933 741 2992 modo
759 2933 811 2991 has
830 2947 905 2992 artes
925 2947 1077 3014 usurpant:
1100 2949 1172 2994 totos
1191 2937 1268 2996 enim

60 3047 82 3083 se
99 3029 144 3089 vel
160 3032 282 3090 musicae
302 3029 376 3104 soli,
396 3028 443 3090 rel
466 3031 659 3110 gymnasticae
679 3031 815 3091 tradunt:
837 3054 893 3112 quo
911 3054 970 3092 non
988 3046 1100 3092 tantum
1123 3056 1182 3093 non
1202 3056 1269 3094 cor-

61 3125 181 3204 riguntur
207 3142 256 3187 aut
282 3127 489 3208 perficiuntur,
519 3127 569 3186 sed
598 3143 820 3210 corrumpuntur
843 3128 939 3210 plane.
979 3131 1051 3190 Nam
1072 3133 1096 3191 si
1125 3132 1190 3210 quis
1216 3155 1269 3214 per

60 3242 130 3283 aures
143 3227 174 3284 in
192 3228 333 3300 animum,
353 3241 489 3304 tanquam
507 3247 557 3306 per
576 3227 784 3304 infundibula,
805 3217 925 3288 infundi
943 3231 1013 3289 sinit
1030 3230 1149 3306 dulces,
1168 3231 1268 3292 molles

61 3340 85 3377 ac
111 3319 218 3382 flebiles
245 3323 360 3400 modos,
382 3325 525 3402 vitamque
552 3337 639 3383 totam
656 3326 833 3387 modulando
851 3317 1156 3410 transigit'eantusque
1175 3333 1267 3410 perci·

61 3420 154 3496 piendd
176 3424 333 3484 suavitate:
365 3423 389 3482 is
416 3423 540 3503 primum
562 3423 697 3502 quidem,
719 3426 742 3482 si
761 3425 832 3504 quid
850 3427 952 3485 naturd
977 3423 1064 3486 habet
1093 3424 1265 3506 θυμοειδὲς,

61 3528 180 3597 tanquam
198 3522 320 3596 serrum,
342 3519 376 3580 id.
392 3519 501 3580 emollit
523 3534 607 3600 atque
631 3521 701 3579 utile
724 3521 830 3597 efficit,
851 3523 928 3604 quod
949 3523 1052 3585 durum
1069 3528 1162 3588 fuerat
1181 3545 1264 3610 atque

62 3611 169 3693 inutile;
191 3617 293 3700 quodsi
318 3617 481 3677 deliniendi
507 3617 622 3676 modum
641 3619 773 3695 excedit,
793 3623 954 3701 periculum
973 3644 1009 3681 ne
1027 3623 1110 3686 brevi
1136 3627 1265 3706 liquefiat

62 3711 134 3789 plane
159 3739 189 3775 ac
215 3710 372 3802 resolvatur
399 3716 529 3790 animus,
559 3713 651 3774 donce
677 3716 848 3798 eliquaverit
876 3715 930 3781 τόν
956 3715 1079 3799 θυμόν,
1106 3739 1152 3800 et,
1183 3728 1265 3802 quasi

63 3814 144 3870 nervis
173 3815 311 3890 exsectis,
342 3815 464 3873 effecerit
486 3807 646 3891 μαλθακόν
676 3811 835 3898 αἰχμητήν.
857 3821 890 3904 2)
917 3825 974 3882 Nec
998 3823 1087 3910 tnagis
1109 3824 1164 3884 sibi
1192 3846 1269 3884 con--

63 3909 130 3984 sulit,
151 3911 206 3972 imo
227 3934 295 3972 vero
319 3916 509 3996 corrumpitur
534 3917 659 3998 pariter,
679 3920 728 3997 qui
749 3921 801 3979 soli
822 3943 850 3981 se
868 3923 1060 4002 gymnasticae
1078 3920 1176 3983 tradit.
1207 3925 1265 3998 Qui

64 4008 125 4065 enim
151 4010 227 4070 nihil
250 4011 331 4070 aliud
353 4013 410 4094 agit
434 4033 525 4094 neque
547 3999 637 4074 iillum
657 4015 743 4076 habet
763 4020 822 4078 ulla
841 4022 873 4080 in
892 4041 921 4078 re
939 4041 1004 4080 oum
1023 4022 1113 4082 Musis
1130 4043 1264 4083 commer-

64 4101 139 4180 cium,
158 4110 180 4166 si
208 4108 281 4188 quid
308 4110 402 4169 animo
420 4110 522 4174 habuit
549 4108 730 4192 φιλομαθὲς,
753 4139 849 4176 nonne
869 4116 960 4193 illud,
980 4121 1086 4201 quippe
1107 4140 1158 4178 nec
1178 4114 1264 4179 disci·

65 4197 144 4275 plinas
167 4205 319 4285 degustans
342 4209 415 4268 ullas
437 4233 490 4270 nec
507 4212 720 4292 disquisitiones
744 4237 796 4275 nec
816 4237 976 4293 sermones,
997 4217 1144 4277 infirmum
1164 4217 1267 4280 reddet

67 4352 298 4371 *ns-*-

93 4425 114 4490 1)
130 4431 221 4501 rraq.
239 4431 298 4485 aas.
311 4433 339 4486 r.

94 4509 115 4574 ²)
130 4515 163 4566 re
175 4519 234 4588 ιφ.
250 4521 296 4569 111.
317 4519 374 4572 411.
392 4521 422 4572 a.
