2898 5120
488 1286 560 1350 Du
605 1286 763 1351 vlrn
809 1287 1035 1354 ΒΕΑΤΑ.

190 2211 270 2272 Ficta
301 2210 418 2269 civitate
445 2201 570 2289 uptimd,
601 2220 760 2286 exactoque
789 2207 827 2267 ad
853 2228 915 2266 cam
935 2208 1032 2267 animo
1052 2207 1198 2284 bominis,
1216 2199 1312 2290 patuit
1324 2209 1376 2286 jam

143 2310 252 2384 nobis,
282 2309 368 2388 longe
386 2308 587 2388 perfectiorem
612 2327 672 2366 esse
694 2308 805 2383 justum
832 2306 998 2380 hominem,
1027 2327 1114 2386 quam
1143 2307 1304 2385 injustum,
1329 2307 1376 2364 imo

147 2429 233 2482 vcro,
255 2427 324 2464 sano
345 2402 431 2463 illurn
449 2405 638 2484 integroque,
657 2404 737 2485 hunc
758 2417 854 2465 autem
873 2415 988 2484 aegroto
1004 2418 1196 2485 corruptoque
1207 2404 1376 2466 simillimum

148 2525 226 2564 esse:
256 2523 309 2562 nec
329 2521 398 2563 vero
422 2499 564 2560 affirmare
588 2501 774 2577 dubitamus,
791 2502 865 2580 justi
882 2501 1081 2562 conditionem
1099 2501 1185 2582 longe
1206 2523 1284 2578 esse,
1303 2519 1376 2582 quan

148 2601 268 2681 injusti,
286 2600 449 2660 beatiorem.
495 2598 578 2660 «Sed
601 2600 657 2660 hue
681 2619 747 2659 cum
766 2601 1003 2680 pervenerimus,
1021 2600 1063 2658 ait
1080 2597 1232 2676 Socrates,
1252 2599 1376 2661 oscetin

149 2699 296 2782 speculam
317 2698 409 2759 veluti
438 2696 585 2777 quandam
610 2697 810 2774 escendimus,
839 2695 918 2756 unde
937 2717 997 2757 non
1015 2709 1129 2756 tautum
1149 2697 1289 2779 optimam
1306 2697 1376 2756 illam

147 2797 356 2878 rempublicam
386 2797 572 2876 conspicere,
595 2795 646 2874 sed
674 2797 786 2875 assequi
825 2797 912 2856 etiam
941 2794 1027 2869 licet,
1056 2794 1299 2874 quemadmodum
1326 2815 1376 2854 eor·

148 2907 321 2977 rumpantur
347 2893 480 2953 civitates
506 2908 592 2974 atque
619 2892 657 2954 ad
687 2895 838 2975 pessimam
865 2894 1064 2954 conditionem
1089 2893 1280 2954 delabantur.
1328 2897 1376 2972 Age

147 2995 258 3076 igitur,
283 2991 398 3070 inquit,
424 2991 482 3052 huc
509 2993 632 3069 accede,
657 3015 674 3052 o
701 2992 832 3067 Glauco,
863 3005 895 3051 ut
923 2990 1044 3066 videas,
1062 3005 1132 3070 quot
1153 2992 1262 3052 habeat
1281 2992 1376 3074 species

151 3093 266 3154 vitium.
308 3091 362 3151 Cui
392 3089 522 3166 Glauco,
544 3111 606 3172 ego·
622 3111 692 3151 vero
700 3136 710 3167 ,
731 3092 848 3171 inquit,
865 3111 977 3170 sequor.
1019 3091 1074 3150 Dic
1100 3089 1196 3150 modo.
1240 3089 1314 3150 Tum
1331 3087 1375 3148 So-

149 3204 255 3264 crates,
273 3198 348 3248 sane'
368 3209 433 3247 cum
458 3188 516 3250 huc
541 3188 775 3264 ascenderimus,
798 3209 856 3248 una
882 3187 955 3247 mihi
975 3209 1035 3248 esse
1056 3187 1174 3249 videtur
1191 3189 1310 3250 virtutis
1325 3207 1373 3268 spe

150 3289 225 3367 cies,
257 3286 408 3368 pravitatis
439 3309 507 3348 vcro
540 3289 729 3364 innumerae3
763 3301 951 3348 veruntamen
987 3299 1111 3365 quatuor
1146 3300 1216 3346 sunt
1244 3288 1374 3358 maxime,

151 3406 272 3466 quarum
291 3387 398 3446 mentio
421 3386 556 3447 facienda
576 3387 622 3448 sit.
642 3419 678 3431 -
693 3387 843 3463 Quomodo
863 3385 941 3446 istud
958 3387 1025 3446 ais?
1041 3412 1076 3428 ·-
1090 3387 1168 3460 Quot
1188 3401 1259 3447 sunt
1277 3407 1375 3446 rerum·

151 3483 355 3566 publicarum,
386 3473 429 3545 tot
454 3506 513 3546 esse
540 3487 630 3545 animi
661 3487 770 3569 species
790 3484 938 3548 videntur.
958 3517 993 3530 —·
1010 3485 1113 3559 Quot?
1134 3515 1164 3524 —
1186 3487 1323 3566 Quinque
1343 3505 1374 3544 re

151 3581 414 3663 rempublicarum,
444 3585 574 3664 quinque
602 3585 670 3645 item
700 3586 801 3646 animi.
818 3609 853 3624 ·-
872 3585 1021 3659 Quaenam
1040 3583 1135 3644 illae?
1154 3611 1189 3624 -
1210 3585 1306 3646 Unam
1327 3603 1375 3644 esst

151 3684 196 3760 ajo
216 3680 340 3756 hancce,
361 3703 446 3760 quam
466 3685 667 3763 exposuimus:
688 3681 803 3743 duobus
821 3695 916 3742 autem
935 3680 1105 3742 nominibus
1122 3682 1267 3764 appellari
1284 3694 1373 3764 potest.

151 3781 225 3838 Nam
251 3779 275 3837 si
303 3779 379 3839 inter
407 3781 555 3863 principes
583 3783 711 3842 civitatis
736 3803 813 3841 unns
831 3780 951 3860 quidam
974 3780 1011 3839 sit
1027 3781 1157 3838 omnium
1177 3780 1374 3860 praestantissi-

151 3900 231 3954 mus,
260 3873 396 3956 βασιλεία
424 3879 548 3942 dicenda
579 3882 636 3956 sit,
665 3881 711 3941 sin
740 3895 835 3940 autem
866 3880 979 3961 plures,
1008 3871 1231 3960 ἀριστοκρατία
1254 3877 1374 3936 -Vera

151 3998 260 4038 narras.
289 4011 320 4021 —
347 3981 430 4039 Hanc
461 4001 548 4042 unam
574 3979 646 4040 adeo
671 3980 796 4061 speeiem
823 3999 882 4039 esse
908 3976 994 4056 dico,
1015 3981 1102 4060 quia,
1123 3982 1185 4042 sive
1213 3980 1310 4061 plures
1333 3997 1372 4057 gu·

151 4075 275 4137 bernent
286 4122 295 4150 ,
316 4078 377 4136 sive
400 4099 475 4137 unus
486 4122 494 4152 ,
514 4077 632 4154 nullus,
651 4079 703 4158 qui
730 4077 785 4152 ita,
808 4091 840 4136 ut
863 4075 1011 4155 diximus,
1032 4078 1172 4139 educatus
1201 4075 1374 4154 eruditusque

152 4175 260 4250 fuerit,
282 4174 440 4254 quidquam
469 4197 640 4258 magnopere
665 4175 698 4237 in
720 4174 899 4257 reipublicae
923 4176 1036 4258 legibus
1050 4175 1224 4239 innovabit»
1242 4172 1280 4256 l).
1296 4197 1329 4213 ··
1343 4171 1374 4232 Et

185 4469 215 4528 1)
235 4471 272 4521 Da
288 4471 349 4536 nep.
364 4469 405 4520 tv.
422 4469 481 4521 ⁴45.
499 4469 529 4520 C.
544 4471 576 4522 ad
591 4471 676 4556 duem.
