<?xml version="1.0" encoding="UTF-8"?>
<!DOCTYPE html PUBLIC "-//W3C//DTD XHTML 1.0 Transitional//EN"
    "http://www.w3.org/TR/xhtml1/DTD/xhtml1-transitional.dtd">
<html xmlns="http://www.w3.org/1999/xhtml" xml:lang="en" lang="en">
 <head>
  <title>
</title>
<meta http-equiv="Content-Type" content="text/html;charset=utf-8" />
  <meta name='ocr-system' content='tesseract 3.04.00' />
  <meta name='ocr-capabilities' content='ocr_page ocr_carea ocr_par ocr_line ocrx_word'/>
</head>
<body>
  <div class='ocr_page' id='page_1' title='image "./initiaphilosoph02heusgoog_0318.png"; bbox 0 0 2838 5120; ppageno 0'>
   <div class='ocr_carea' id='block_1_1' title="bbox 46 421 1273 4271">
    <p class='ocr_par' dir='ltr' id='par_1_1' title="bbox 46 421 1273 4271">
     <span class='ocr_line' id='line_1_1' title="bbox 55 421 1263 520; baseline 0 -20"><span class='ocrx_word' id='word_1_1' title='bbox 55 440 289 520; x_wconf 80' lang='lat' dir='ltr'><strong>breviloquentiee</strong></span> <span class='ocrx_word' id='word_1_2' title='bbox 304 441 403 501; x_wconf 74' lang='lat' dir='ltr'><strong>causei</strong></span> <span class='ocrx_word' id='word_1_3' title='bbox 421 439 560 500; x_wconf 90' lang='lat' dir='ltr'><strong>nonnihil</strong></span> <span class='ocrx_word' id='word_1_4' title='bbox 577 439 665 500; x_wconf 82' lang='lat' dir='ltr'><strong>hebet</strong></span> <span class='ocrx_word' id='word_1_5' title='bbox 680 438 878 516; x_wconf 78' lang='lat' dir='ltr'><strong>obscuritatis,</strong></span> <span class='ocrx_word' id='word_1_6' title='bbox 888 440 912 500; x_wconf 92' lang='lat' dir='ltr'><strong>si</strong></span> <span class='ocrx_word' id='word_1_7' title='bbox 933 421 1166 500; x_wconf 76' lang='lat' dir='ltr'><strong>commentarium</strong></span> <span class='ocrx_word' id='word_1_8' title='bbox 1182 459 1263 520; x_wconf 78' lang='lat' dir='ltr'><strong>quae·</strong></span> 
     </span>
     <span class='ocr_line' id='line_1_2' title="bbox 54 534 1266 621; baseline 0.002 -24"><span class='ocrx_word' id='word_1_9' title='bbox 54 540 151 614; x_wconf 83' lang='lat' dir='ltr'><strong>rimus,</strong></span> <span class='ocrx_word' id='word_1_10' title='bbox 172 539 288 602; x_wconf 87' lang='lat' dir='ltr'><strong>laudato</strong></span> <span class='ocrx_word' id='word_1_11' title='bbox 306 538 360 600; x_wconf 91' lang='lat' dir='ltr'><strong>illo</strong></span> <span class='ocrx_word' id='word_1_12' title='bbox 378 537 540 599; x_wconf 78' lang='lat' dir='ltr'><strong>Aristotelis</strong></span> <span class='ocrx_word' id='word_1_13' title='bbox 567 559 652 620; x_wconf 83' lang='lat' dir='ltr'><strong>opere</strong></span> <span class='ocrx_word' id='word_1_14' title='bbox 679 538 759 600; x_wconf 79' lang='lat' dir='ltr'><strong>lieud</strong></span> <span class='ocrx_word' id='word_1_15' title='bbox 788 534 874 598; x_wconf 81' lang='lat' dir='ltr'><strong>facile</strong></span> <span class='ocrx_word' id='word_1_16' title='bbox 903 539 1119 618; x_wconf 81' lang='lat' dir='ltr'><strong>diligentiorem</strong></span> <span class='ocrx_word' id='word_1_17' title='bbox 1139 541 1266 621; x_wconf 83' lang='lat' dir='ltr'><strong>reperie-</strong></span> 
     </span>
     <span class='ocr_line' id='line_1_3' title="bbox 54 636 1267 720; baseline 0.003 -26"><span class='ocrx_word' id='word_1_18' title='bbox 54 657 116 696; x_wconf 85' lang='lat' dir='ltr'>mus.</span> <span class='ocrx_word' id='word_1_19' title='bbox 155 636 264 712; x_wconf 81' lang='lat' dir='ltr'><strong>Quodsi</strong></span> <span class='ocrx_word' id='word_1_20' title='bbox 286 637 446 720; x_wconf 81' lang='lat' dir='ltr'><strong>pleniorem</strong></span> <span class='ocrx_word' id='word_1_21' title='bbox 466 637 551 696; x_wconf 86' lang='lat' dir='ltr'><strong>etiem</strong></span> <span class='ocrx_word' id='word_1_22' title='bbox 573 639 765 716; x_wconf 85' lang='lat' dir='ltr'><strong>requirimus,</strong></span> <span class='ocrx_word' id='word_1_23' title='bbox 787 657 844 716; x_wconf 91' lang='lat' dir='ltr'><strong>quo</strong></span> <span class='ocrx_word' id='word_1_24' title='bbox 864 650 892 697; x_wconf 91' lang='lat' dir='ltr'><strong>et</strong></span> <span class='ocrx_word' id='word_1_25' title='bbox 911 637 1050 697; x_wconf 86' lang='lat' dir='ltr'><strong>cernendi</strong></span> <span class='ocrx_word' id='word_1_26' title='bbox 1069 637 1221 718; x_wconf 77' lang='lat' dir='ltr'><strong>diligentia</strong></span> <span class='ocrx_word' id='word_1_27' title='bbox 1240 652 1267 698; x_wconf 86' lang='lat' dir='ltr'><strong>et</strong></span> 
     </span>
     <span class='ocr_line' id='line_1_4' title="bbox 54 735 1268 816; baseline 0.002 -22"><span class='ocrx_word' id='word_1_28' title='bbox 54 737 92 794; x_wconf 83' lang='lat' dir='ltr'><strong>vis</strong></span> <span class='ocrx_word' id='word_1_29' title='bbox 109 735 300 816; x_wconf 78' lang='lat' dir='ltr'><strong>persuadendi</strong></span> <span class='ocrx_word' id='word_1_30' title='bbox 319 749 348 797; x_wconf 90' lang='lat' dir='ltr'><strong>et</strong></span> <span class='ocrx_word' id='word_1_31' title='bbox 366 757 436 797; x_wconf 86' lang='lat' dir='ltr'><strong>vero</strong></span> <span class='ocrx_word' id='word_1_32' title='bbox 455 735 609 796; x_wconf 80' lang='lat' dir='ltr'><strong>flexanima</strong></span> <span class='ocrx_word' id='word_1_33' title='bbox 628 737 767 796; x_wconf 85' lang='lat' dir='ltr'><strong>orationis</strong></span> <span class='ocrx_word' id='word_1_34' title='bbox 786 738 879 796; x_wconf 79' lang='lat' dir='ltr'><strong>vimus</strong></span> <span class='ocrx_word' id='word_1_35' title='bbox 896 736 1044 796; x_wconf 71' lang='lat' dir='ltr'><strong>Platonici</strong></span> <span class='ocrx_word' id='word_1_36' title='bbox 1064 737 1192 810; x_wconf 81' lang='lat' dir='ltr'><strong>ratione,</strong></span> <span class='ocrx_word' id='word_1_37' title='bbox 1217 737 1268 796; x_wconf 86' lang='lat' dir='ltr'><strong>sed</strong></span> 
     </span>
     <span class='ocr_line' id='line_1_5' title="bbox 52 831 1268 916; baseline 0.001 -24"><span class='ocrx_word' id='word_1_38' title='bbox 52 835 135 892; x_wconf 81' lang='lat' dir='ltr'><strong>fusius</strong></span> <span class='ocrx_word' id='word_1_39' title='bbox 146 881 154 908; x_wconf 94' lang='lat'><strong>,</strong></span> <span class='ocrx_word' id='word_1_40' title='bbox 176 833 227 892; x_wconf 86' lang='lat' dir='ltr'><strong>sed</strong></span> <span class='ocrx_word' id='word_1_41' title='bbox 245 831 398 908; x_wconf 84' lang='lat' dir='ltr'><strong>disertius,</strong></span> <span class='ocrx_word' id='word_1_42' title='bbox 421 833 471 893; x_wconf 90' lang='lat' dir='ltr'><strong>sed</strong></span> <span class='ocrx_word' id='word_1_43' title='bbox 485 833 553 915; x_wconf 49' lang='lat' dir='ltr'><strong>*ipsi</strong></span> <span class='ocrx_word' id='word_1_44' title='bbox 572 834 752 914; x_wconf 81' lang='lat' dir='ltr'><strong>eloquentiae</strong></span> <span class='ocrx_word' id='word_1_45' title='bbox 773 836 803 895; x_wconf 86' lang='lat' dir='ltr'><strong>vi</strong></span> <span class='ocrx_word' id='word_1_46' title='bbox 823 849 851 894; x_wconf 91' lang='lat' dir='ltr'><strong>et</strong></span> <span class='ocrx_word' id='word_1_47' title='bbox 866 834 948 915; x_wconf 84' lang='lat' dir='ltr'><strong>copia</strong></span> <span class='ocrx_word' id='word_1_48' title='bbox 968 835 1148 916; x_wconf 83' lang='lat' dir='ltr'><strong>exprimatur·</strong></span> <span class='ocrx_word' id='word_1_49' title='bbox 1158 879 1167 909; x_wconf 96' lang='lat'><strong>,</strong></span> <span class='ocrx_word' id='word_1_50' title='bbox 1187 837 1268 894; x_wconf 83' lang='lat' dir='ltr'><strong>Cloe·</strong></span> 
     </span>
     <span class='ocr_line' id='line_1_6' title="bbox 52 930 1268 1013; baseline 0.003 -25"><span class='ocrx_word' id='word_1_51' title='bbox 52 932 122 990; x_wconf 89' lang='lat' dir='ltr'><strong>renis</strong></span> <span class='ocrx_word' id='word_1_52' title='bbox 140 933 175 990; x_wconf 87' lang='lat' dir='ltr'><strong>de</strong></span> <span class='ocrx_word' id='word_1_53' title='bbox 197 931 324 992; x_wconf 79' lang='lat' dir='ltr'><strong>Oratore</strong></span> <span class='ocrx_word' id='word_1_54' title='bbox 344 930 467 1012; x_wconf 81' lang='lat' dir='ltr'><strong>dialogis</strong></span> <span class='ocrx_word' id='word_1_55' title='bbox 494 931 595 992; x_wconf 87' lang='lat' dir='ltr'><strong>nullus</strong></span> <span class='ocrx_word' id='word_1_56' title='bbox 624 932 685 992; x_wconf 92' lang='lat' dir='ltr'><strong>ullo</strong></span> <span class='ocrx_word' id='word_1_57' title='bbox 711 953 781 992; x_wconf 81' lang='lat' dir='ltr'><strong>aevo</strong></span> <span class='ocrx_word' id='word_1_58' title='bbox 800 933 912 992; x_wconf 82' lang='lat' dir='ltr'><strong>exstitit</strong></span> <span class='ocrx_word' id='word_1_59' title='bbox 941 933 1104 1013; x_wconf 85' lang='lat' dir='ltr'><strong>perfectior.</strong></span> <span class='ocrx_word' id='word_1_60' title='bbox 1146 932 1268 993; x_wconf 85' lang='lat' dir='ltr'><strong>Senten-</strong></span> 
     </span>
     <span class='ocr_line' id='line_1_7' title="bbox 53 1029 1269 1112; baseline 0.002 -25"><span class='ocrx_word' id='word_1_61' title='bbox 53 1029 99 1088; x_wconf 82' lang='lat' dir='ltr'><strong>ties</strong></span> <span class='ocrx_word' id='word_1_62' title='bbox 114 1050 150 1088; x_wconf 84' lang='lat' dir='ltr'><strong>ex</strong></span> <span class='ocrx_word' id='word_1_63' title='bbox 168 1030 230 1089; x_wconf 90' lang='lat' dir='ltr'><strong>illis</strong></span> <span class='ocrx_word' id='word_1_64' title='bbox 249 1050 412 1112; x_wconf 80' lang='lat' dir='ltr'><strong>apponere,</strong></span> <span class='ocrx_word' id='word_1_65' title='bbox 433 1051 505 1109; x_wconf 82' lang='lat' dir='ltr'><strong>quae</strong></span> <span class='ocrx_word' id='word_1_66' title='bbox 533 1031 711 1091; x_wconf 79' lang='lat' dir='ltr'><strong>Platonicam</strong></span> <span class='ocrx_word' id='word_1_67' title='bbox 730 1045 819 1090; x_wconf 83' lang='lat' dir='ltr'><strong>artem</strong></span> <span class='ocrx_word' id='word_1_68' title='bbox 849 1032 998 1105; x_wconf 86' lang='lat' dir='ltr'><strong>referunt,</strong></span> <span class='ocrx_word' id='word_1_69' title='bbox 1027 1049 1269 1112; x_wconf 76' lang='lat' dir='ltr'><strong>supervacaneum</strong></span> 
     </span>
     <span class='ocr_line' id='line_1_8' title="bbox 51 1126 1268 1209; baseline 0.003 -25"><span class='ocrx_word' id='word_1_70' title='bbox 51 1126 100 1200; x_wconf 87' lang='lat' dir='ltr'><strong>sit,</strong></span> <span class='ocrx_word' id='word_1_71' title='bbox 128 1148 192 1186; x_wconf 87' lang='lat' dir='ltr'><strong>cum</strong></span> <span class='ocrx_word' id='word_1_72' title='bbox 213 1141 304 1187; x_wconf 89' lang='lat' dir='ltr'><strong>totum</strong></span> <span class='ocrx_word' id='word_1_73' title='bbox 323 1148 394 1208; x_wconf 90' lang='lat' dir='ltr'><strong>opus</strong></span> <span class='ocrx_word' id='word_1_74' title='bbox 413 1142 441 1188; x_wconf 88' lang='lat' dir='ltr'><strong>et</strong></span> <span class='ocrx_word' id='word_1_75' title='bbox 461 1130 565 1188; x_wconf 83' lang='lat' dir='ltr'><strong>referat</strong></span> <span class='ocrx_word' id='word_1_76' title='bbox 590 1128 672 1189; x_wconf 87' lang='lat' dir='ltr'><strong>illam</strong></span> <span class='ocrx_word' id='word_1_77' title='bbox 694 1142 722 1188; x_wconf 89' lang='lat' dir='ltr'><strong>et</strong></span> <span class='ocrx_word' id='word_1_78' title='bbox 740 1128 877 1209; x_wconf 82' lang='lat' dir='ltr'><strong>explicet.</strong></span> <span class='ocrx_word' id='word_1_79' title='bbox 921 1129 979 1189; x_wconf 89' lang='lat' dir='ltr'><strong>Sed</strong></span> <span class='ocrx_word' id='word_1_80' title='bbox 998 1151 1085 1189; x_wconf 83' lang='lat' dir='ltr'><strong>unam</strong></span> <span class='ocrx_word' id='word_1_81' title='bbox 1102 1129 1178 1188; x_wconf 84' lang='lat' dir='ltr'><strong>hene</strong></span> <span class='ocrx_word' id='word_1_82' title='bbox 1207 1152 1268 1189; x_wconf 91' lang='lat' dir='ltr'><strong>non</strong></span> 
     </span>
     <span class='ocr_line' id='line_1_9' title="bbox 51 1226 1269 1308; baseline 0.003 -26"><span class='ocrx_word' id='word_1_83' title='bbox 51 1245 154 1303; x_wconf 90' lang='lat' dir='ltr'><strong>possum</strong></span> <span class='ocrx_word' id='word_1_84' title='bbox 175 1248 236 1286; x_wconf 91' lang='lat' dir='ltr'><strong>non</strong></span> <span class='ocrx_word' id='word_1_85' title='bbox 257 1247 492 1303; x_wconf 80' lang='lat' dir='ltr'><strong>commemorare,</strong></span> <span class='ocrx_word' id='word_1_86' title='bbox 512 1248 585 1308; x_wconf 84' lang='lat' dir='ltr'><strong>quae</strong></span> <span class='ocrx_word' id='word_1_87' title='bbox 604 1226 710 1286; x_wconf 87' lang='lat' dir='ltr'><strong>medici</strong></span> <span class='ocrx_word' id='word_1_88' title='bbox 729 1227 798 1285; x_wconf 87' lang='lat' dir='ltr'><strong>item</strong></span> <span class='ocrx_word' id='word_1_89' title='bbox 823 1242 851 1287; x_wconf 91' lang='lat' dir='ltr'><strong>et</strong></span> <span class='ocrx_word' id='word_1_90' title='bbox 876 1229 1011 1303; x_wconf 84' lang='lat' dir='ltr'><strong>oratoris,</strong></span> <span class='ocrx_word' id='word_1_91' title='bbox 1034 1243 1065 1289; x_wconf 91' lang='lat' dir='ltr'><strong>ut</strong></span> <span class='ocrx_word' id='word_1_92' title='bbox 1094 1226 1171 1308; x_wconf 83' lang='lat' dir='ltr'><strong>apud</strong></span> <span class='ocrx_word' id='word_1_93' title='bbox 1200 1227 1269 1288; x_wconf 86' lang='lat' dir='ltr'><strong>Pla-</strong></span> 
     </span>
     <span class='ocr_line' id='line_1_10' title="bbox 51 1325 1268 1408; baseline 0.002 -27"><span class='ocrx_word' id='word_1_94' title='bbox 51 1337 138 1382; x_wconf 86' lang='lat' dir='ltr'><strong>tonem</strong></span> <span class='ocrx_word' id='word_1_95' title='bbox 157 1339 219 1400; x_wconf 85' lang='lat' dir='ltr'><strong>est,</strong></span> <span class='ocrx_word' id='word_1_96' title='bbox 240 1326 481 1407; x_wconf 80' lang='lat' dir='ltr'><strong>comparutionem</strong></span> <span class='ocrx_word' id='word_1_97' title='bbox 501 1326 641 1386; x_wconf 86' lang='lat' dir='ltr'><strong>eontinet.</strong></span> <span class='ocrx_word' id='word_1_98' title='bbox 695 1325 784 1389; x_wconf 85' lang='lat' dir='ltr'><strong>Valet</strong></span> <span class='ocrx_word' id='word_1_99' title='bbox 806 1334 908 1408; x_wconf 84' lang='lat' dir='ltr'><strong>igitur</strong></span> <span class='ocrx_word' id='word_1_100' title='bbox 933 1327 1064 1386; x_wconf 89' lang='lat' dir='ltr'><strong>multum</strong></span> <span class='ocrx_word' id='word_1_101' title='bbox 1090 1329 1133 1385; x_wconf 82' lang='lat' dir='ltr'><strong>ad</strong></span> <span class='ocrx_word' id='word_1_102' title='bbox 1149 1334 1268 1385; x_wconf 79' lang='lat' dir='ltr'><strong>uincen-</strong></span> 
     </span>
     <span class='ocr_line' id='line_1_11' title="bbox 51 1422 1271 1505; baseline 0.002 -26"><span class='ocrx_word' id='word_1_103' title='bbox 51 1422 130 1496; x_wconf 88' lang='lat' dir='ltr'><strong>dum,</strong></span> <span class='ocrx_word' id='word_1_104' title='bbox 148 1425 275 1500; x_wconf 84' lang='lat' dir='ltr'><strong>probari</strong></span> <span class='ocrx_word' id='word_1_105' title='bbox 303 1436 417 1498; x_wconf 75' lang='lat' dir='ltr'><strong>meree,</strong></span> <span class='ocrx_word' id='word_1_106' title='bbox 438 1430 584 1484; x_wconf 85' lang='lat' dir='ltr'><strong>inetituta</strong></span> <span class='ocrx_word' id='word_1_107' title='bbox 615 1435 644 1483; x_wconf 90' lang='lat' dir='ltr'><strong>et</strong></span> <span class='ocrx_word' id='word_1_108' title='bbox 665 1427 760 1500; x_wconf 84' lang='lat' dir='ltr'><strong>faeta</strong></span> <span class='ocrx_word' id='word_1_109' title='bbox 789 1434 819 1483; x_wconf 90' lang='lat' dir='ltr'><strong>et</strong></span> <span class='ocrx_word' id='word_1_110' title='bbox 844 1432 939 1484; x_wconf 83' lang='lat' dir='ltr'><strong>eitam</strong></span> <span class='ocrx_word' id='word_1_111' title='bbox 965 1446 1086 1500; x_wconf 80' lang='lat' dir='ltr'><strong>aarum,</strong></span> <span class='ocrx_word' id='word_1_112' title='bbox 1108 1433 1160 1504; x_wconf 82' lang='lat' dir='ltr'><strong>qui</strong></span> <span class='ocrx_word' id='word_1_113' title='bbox 1177 1433 1271 1505; x_wconf 82' lang='lat' dir='ltr'><strong>agent</strong></span> 
     </span>
     <span class='ocr_line' id='line_1_12' title="bbox 51 1525 1270 1602; baseline 0.004 -27"><span class='ocrx_word' id='word_1_114' title='bbox 51 1540 182 1597; x_wconf 81' lang='lat' dir='ltr'><strong>eaueeae,</strong></span> <span class='ocrx_word' id='word_1_115' title='bbox 207 1533 238 1581; x_wconf 87' lang='lat' dir='ltr'><strong>et</strong></span> <span class='ocrx_word' id='word_1_116' title='bbox 266 1544 386 1598; x_wconf 88' lang='lat' dir='ltr'><strong>earum,</strong></span> <span class='ocrx_word' id='word_1_117' title='bbox 414 1543 470 1600; x_wconf 89' lang='lat' dir='ltr'><strong>pro</strong></span> <span class='ocrx_word' id='word_1_118' title='bbox 493 1525 626 1602; x_wconf 73' lang='lat' dir='ltr'><strong>quibui:</strong></span> <span class='ocrx_word' id='word_1_119' title='bbox 655 1533 686 1581; x_wconf 91' lang='lat' dir='ltr'><strong>et</strong></span> <span class='ocrx_word' id='word_1_120' title='bbox 713 1529 786 1581; x_wconf 90' lang='lat' dir='ltr'><strong>item</strong></span> <span class='ocrx_word' id='word_1_121' title='bbox 811 1526 976 1602; x_wconf 84' lang='lat' dir='ltr'><strong>improbari</strong></span> <span class='ocrx_word' id='word_1_122' title='bbox 1003 1525 1270 1582; x_wconf 72' lang='lat' dir='ltr'><strong>aduersariorum:</strong></span> 
     </span>
     <span class='ocr_line' id='line_1_13' title="bbox 51 1603 1271 1703; baseline 0.003 -27"><span class='ocrx_word' id='word_1_123' title='bbox 51 1626 212 1699; x_wconf 79' lang='lat' dir='ltr'><strong>animaeque</strong></span> <span class='ocrx_word' id='word_1_124' title='bbox 241 1642 361 1696; x_wconf 86' lang='lat' dir='ltr'><strong>eorum,</strong></span> <span class='ocrx_word' id='word_1_125' title='bbox 393 1623 474 1699; x_wconf 86' lang='lat' dir='ltr'><strong>apud</strong></span> <span class='ocrx_word' id='word_1_126' title='bbox 501 1643 572 1699; x_wconf 86' lang='lat' dir='ltr'><strong>quoe</strong></span> <span class='ocrx_word' id='word_1_127' title='bbox 599 1632 733 1703; x_wconf 87' lang='lat' dir='ltr'><strong>agetur,</strong></span> <span class='ocrx_word' id='word_1_128' title='bbox 765 1621 925 1680; x_wconf 79' lang='lat' dir='ltr'><strong>conciliari</strong></span> <span class='ocrx_word' id='word_1_129' title='bbox 952 1603 1042 1700; x_wconf 84' lang='lat' dir='ltr'><strong>quam</strong></span> <span class='ocrx_word' id='word_1_130' title='bbox 1072 1629 1201 1680; x_wconf 71' lang='lat' dir='ltr'><strong>maxime</strong></span> <span class='ocrx_word' id='word_1_131' title='bbox 1230 1622 1271 1680; x_wconf 81' lang='lat' dir='ltr'><strong>ad</strong></span> 
     </span>
     <span class='ocr_line' id='line_1_14' title="bbox 51 1716 1270 1801; baseline 0.003 -28"><span class='ocrx_word' id='word_1_132' title='bbox 51 1716 269 1778; x_wconf 81' lang='lat' dir='ltr'><strong>beniuolentiam</strong></span> <span class='ocrx_word' id='word_1_133' title='bbox 296 1741 364 1778; x_wconf 88' lang='lat' dir='ltr'><strong>oum</strong></span> <span class='ocrx_word' id='word_1_134' title='bbox 393 1741 467 1801; x_wconf 86' lang='lat' dir='ltr'><strong>erga</strong></span> <span class='ocrx_word' id='word_1_135' title='bbox 489 1729 657 1795; x_wconf 86' lang='lat' dir='ltr'><strong>aratorem,</strong></span> <span class='ocrx_word' id='word_1_136' title='bbox 684 1730 749 1798; x_wconf 83' lang='lat' dir='ltr'><strong>tum</strong></span> <span class='ocrx_word' id='word_1_137' title='bbox 778 1739 853 1801; x_wconf 87' lang='lat' dir='ltr'><strong>erga</strong></span> <span class='ocrx_word' id='word_1_138' title='bbox 881 1721 988 1795; x_wconf 90' lang='lat' dir='ltr'><strong>illum,</strong></span> <span class='ocrx_word' id='word_1_139' title='bbox 1014 1742 1072 1800; x_wconf 88' lang='lat' dir='ltr'><strong>pra</strong></span> <span class='ocrx_word' id='word_1_140' title='bbox 1104 1743 1160 1799; x_wconf 84' lang='lat' dir='ltr'><strong>qua</strong></span> <span class='ocrx_word' id='word_1_141' title='bbox 1190 1721 1270 1778; x_wconf 81' lang='lat' dir='ltr'><strong>diret</strong></span> 
     </span>
     <span class='ocr_line' id='line_1_15' title="bbox 50 1815 1269 1898; baseline 0.002 -24"><span class='ocrx_word' id='word_1_142' title='bbox 50 1827 151 1877; x_wconf 85' lang='lat' dir='ltr'><strong>arator.</strong></span> <span class='ocrx_word' id='word_1_143' title='bbox 176 1815 205 1898; x_wconf 92' lang='lat' dir='ltr'><strong>l)</strong></span> <span class='ocrx_word' id='word_1_144' title='bbox 230 1847 265 1858; x_wconf 93' lang='grc'>-</span> <span class='ocrx_word' id='word_1_145' title='bbox 284 1819 366 1878; x_wconf 85' lang='lat' dir='ltr'><strong>Huia</strong></span> <span class='ocrx_word' id='word_1_146' title='bbox 396 1827 497 1877; x_wconf 87' lang='lat' dir='ltr'><strong>autem</strong></span> <span class='ocrx_word' id='word_1_147' title='bbox 525 1828 571 1877; x_wconf 76' lang='lat' dir='ltr'><strong>est</strong></span> <span class='ocrx_word' id='word_1_148' title='bbox 598 1821 655 1878; x_wconf 89' lang='lat' dir='ltr'><strong>illa</strong></span> <span class='ocrx_word' id='word_1_149' title='bbox 682 1820 789 1896; x_wconf 73' lang='lat' dir='ltr'><strong>dispar</strong></span> <span class='ocrx_word' id='word_1_150' title='bbox 816 1820 963 1895; x_wconf 72' lang='lat' dir='ltr'><strong>adjuncta</strong></span> <span class='ocrx_word' id='word_1_151' title='bbox 991 1827 1073 1878; x_wconf 85' lang='lat' dir='ltr'><strong>ratio</strong></span> <span class='ocrx_word' id='word_1_152' title='bbox 1102 1825 1269 1895; x_wconf 73' lang='lat' dir='ltr'><strong>erationis,</strong></span> 
     </span>
     <span class='ocr_line' id='line_1_16' title="bbox 51 1917 1268 1998; baseline 0.001 -26"><span class='ocrx_word' id='word_1_153' title='bbox 51 1936 117 1992; x_wconf 83' lang='lat' dir='ltr'><strong>quae</strong></span> <span class='ocrx_word' id='word_1_154' title='bbox 132 1917 192 1974; x_wconf 88' lang='lat' dir='ltr'><strong>alie</strong></span> <span class='ocrx_word' id='word_1_155' title='bbox 210 1919 336 1994; x_wconf 86' lang='lat' dir='ltr'><strong>quodam</strong></span> <span class='ocrx_word' id='word_1_156' title='bbox 348 1939 458 1998; x_wconf 86' lang='lat' dir='ltr'><strong>genere</strong></span> <span class='ocrx_word' id='word_1_157' title='bbox 470 1927 583 1978; x_wconf 77' lang='lat' dir='ltr'><strong>mentae</strong></span> <span class='ocrx_word' id='word_1_158' title='bbox 593 1920 738 1994; x_wconf 84' lang='lat' dir='ltr'><strong>judicum</strong></span> <span class='ocrx_word' id='word_1_159' title='bbox 755 1928 920 1995; x_wconf 84' lang='lat' dir='ltr'><strong>permovet,</strong></span> <span class='ocrx_word' id='word_1_160' title='bbox 935 1920 1140 1997; x_wconf 81' lang='lat' dir='ltr'><strong>impellitque,</strong></span> <span class='ocrx_word' id='word_1_161' title='bbox 1162 1925 1200 1976; x_wconf 87' lang='lat' dir='ltr'><strong>ut</strong></span> <span class='ocrx_word' id='word_1_162' title='bbox 1211 1925 1268 1974; x_wconf 93' lang='lat' dir='ltr'><strong>aut</strong></span> 
     </span>
     <span class='ocr_line' id='line_1_17' title="bbox 52 2015 1266 2098; baseline 0.001 -26"><span class='ocrx_word' id='word_1_163' title='bbox 52 2015 160 2073; x_wconf 77' lang='lat' dir='ltr'><strong>oderint</strong></span> <span class='ocrx_word' id='word_1_164' title='bbox 176 2025 234 2074; x_wconf 90' lang='lat' dir='ltr'><strong>aut</strong></span> <span class='ocrx_word' id='word_1_165' title='bbox 254 2017 401 2098; x_wconf 86' lang='lat' dir='ltr'><strong>diligant,</strong></span> <span class='ocrx_word' id='word_1_166' title='bbox 423 2025 480 2075; x_wconf 89' lang='lat' dir='ltr'><strong>aut</strong></span> <span class='ocrx_word' id='word_1_167' title='bbox 496 2019 672 2090; x_wconf 76' lang='lat' dir='ltr'><strong>invideant,</strong></span> <span class='ocrx_word' id='word_1_168' title='bbox 694 2027 751 2075; x_wconf 88' lang='lat' dir='ltr'><strong>aut</strong></span> <span class='ocrx_word' id='word_1_169' title='bbox 769 2017 886 2076; x_wconf 83' lang='lat' dir='ltr'><strong>ealaum</strong></span> <span class='ocrx_word' id='word_1_170' title='bbox 904 2017 1018 2091; x_wconf 81' lang='lat' dir='ltr'><strong>velint,</strong></span> <span class='ocrx_word' id='word_1_171' title='bbox 1039 2026 1096 2076; x_wconf 86' lang='lat' dir='ltr'><strong>aut</strong></span> <span class='ocrx_word' id='word_1_172' title='bbox 1112 2026 1266 2090; x_wconf 85' lang='lat' dir='ltr'><strong>metuant,</strong></span> 
     </span>
     <span class='ocr_line' id='line_1_18' title="bbox 52 2117 1266 2193; baseline 0.004 -25"><span class='ocrx_word' id='word_1_173' title='bbox 52 2122 101 2170; x_wconf 90' lang='lat' dir='ltr'><strong>aut</strong></span> <span class='ocrx_word' id='word_1_174' title='bbox 113 2123 246 2190; x_wconf 80' lang='lat' dir='ltr'><strong>reperent,</strong></span> <span class='ocrx_word' id='word_1_175' title='bbox 262 2125 319 2172; x_wconf 89' lang='lat' dir='ltr'><strong>aut</strong></span> <span class='ocrx_word' id='word_1_176' title='bbox 332 2123 473 2193; x_wconf 83' lang='lat' dir='ltr'><strong>eupiunt,</strong></span> <span class='ocrx_word' id='word_1_177' title='bbox 490 2125 546 2193; x_wconf 82' lang='lat' dir='ltr'><strong>aut</strong></span> <span class='ocrx_word' id='word_1_178' title='bbox 559 2117 757 2191; x_wconf 73' lang='lat' dir='ltr'><strong>abhorreant,</strong></span> <span class='ocrx_word' id='word_1_179' title='bbox 771 2125 828 2174; x_wconf 88' lang='lat' dir='ltr'><strong>aut</strong></span> <span class='ocrx_word' id='word_1_180' title='bbox 841 2118 1009 2190; x_wconf 88' lang='lat' dir='ltr'><strong>laetentur,</strong></span> <span class='ocrx_word' id='word_1_181' title='bbox 1030 2126 1087 2174; x_wconf 90' lang='lat' dir='ltr'><strong>aut</strong></span> <span class='ocrx_word' id='word_1_182' title='bbox 1100 2124 1266 2190; x_wconf 67' lang='lat' dir='ltr'><strong>moereant,</strong></span> 
     </span>
     <span class='ocr_line' id='line_1_19' title="bbox 53 2215 1265 2292; baseline 0.006 -28"><span class='ocrx_word' id='word_1_183' title='bbox 53 2219 100 2267; x_wconf 91' lang='lat' dir='ltr'><strong>aut</strong></span> <span class='ocrx_word' id='word_1_184' title='bbox 117 2219 339 2287; x_wconf 68' lang='lat' dir='ltr'><strong>maereantur,</strong></span> <span class='ocrx_word' id='word_1_185' title='bbox 360 2223 416 2273; x_wconf 83' lang='lat' dir='ltr'><strong>eut</strong></span> <span class='ocrx_word' id='word_1_186' title='bbox 435 2222 550 2292; x_wconf 86' lang='lat' dir='ltr'><strong>punire</strong></span> <span class='ocrx_word' id='word_1_187' title='bbox 576 2215 690 2289; x_wconf 84' lang='lat' dir='ltr'><strong>velint,</strong></span> <span class='ocrx_word' id='word_1_188' title='bbox 712 2225 768 2276; x_wconf 88' lang='lat' dir='ltr'><strong>aut</strong></span> <span class='ocrx_word' id='word_1_189' title='bbox 794 2216 834 2272; x_wconf 87' lang='lat' dir='ltr'><strong>od</strong></span> <span class='ocrx_word' id='word_1_190' title='bbox 861 2236 907 2274; x_wconf 80' lang='lat' dir='ltr'><strong>eae</strong></span> <span class='ocrx_word' id='word_1_191' title='bbox 934 2216 1265 2288; x_wconf 59' lang='lat' dir='ltr'><strong>manumitterentur,</strong></span> 
     </span>
     <span class='ocr_line' id='line_1_20' title="bbox 53 2313 1266 2394; baseline 0.007 -30"><span class='ocrx_word' id='word_1_192' title='bbox 53 2315 76 2364; x_wconf 87' lang='lat' dir='ltr'><strong>n&#39;</strong></span> <span class='ocrx_word' id='word_1_193' title='bbox 91 2318 140 2386; x_wconf 82' lang='lat' dir='ltr'><strong>qui</strong></span> <span class='ocrx_word' id='word_1_194' title='bbox 148 2313 286 2388; x_wconf 83' lang='lat' dir='ltr'><strong>finitimi</strong></span> <span class='ocrx_word' id='word_1_195' title='bbox 295 2322 377 2370; x_wconf 79' lang='lat' dir='ltr'><strong>‚eunt</strong></span> <span class='ocrx_word' id='word_1_196' title='bbox 395 2323 424 2371; x_wconf 89' lang='lat' dir='ltr'><strong>et</strong></span> <span class='ocrx_word' id='word_1_197' title='bbox 436 2319 601 2394; x_wconf 87' lang='lat' dir='ltr'><strong>propinqui</strong></span> <span class='ocrx_word' id='word_1_198' title='bbox 620 2314 669 2372; x_wconf 77' lang='lat' dir='ltr'><strong>leit</strong></span> <span class='ocrx_word' id='word_1_199' title='bbox 685 2333 721 2370; x_wconf 87' lang='lat' dir='ltr'><strong>aa</strong></span> <span class='ocrx_word' id='word_1_200' title='bbox 740 2315 853 2372; x_wconf 71' lang='lat' dir='ltr'><strong>talibus</strong></span> <span class='ocrx_word' id='word_1_201' title='bbox 870 2321 968 2372; x_wconf 89' lang='lat' dir='ltr'><strong>animi</strong></span> <span class='ocrx_word' id='word_1_202' title='bbox 979 2316 1266 2393; x_wconf 73' lang='lat' dir='ltr'><strong>perturbationibus.</strong></span> 
     </span>
     <span class='ocr_line' id='line_1_21' title="bbox 54 2405 1267 2492; baseline 0.006 -30"><span class='ocrx_word' id='word_1_203' title='bbox 54 2405 144 2485; x_wconf 84' lang='lat' dir='ltr'><strong>Atque</strong></span> <span class='ocrx_word' id='word_1_204' title='bbox 160 2411 243 2468; x_wconf 85' lang='lat' dir='ltr'><strong>illud</strong></span> <span class='ocrx_word' id='word_1_205' title='bbox 259 2413 420 2490; x_wconf 75' lang='lat' dir='ltr'><strong>aptandum</strong></span> <span class='ocrx_word' id='word_1_206' title='bbox 438 2422 482 2470; x_wconf 79' lang='lat' dir='ltr'><strong>eat</strong></span> <span class='ocrx_word' id='word_1_207' title='bbox 493 2419 617 2470; x_wconf 81' lang='lat' dir='ltr'><strong>aratori</strong></span> <span class='ocrx_word' id='word_1_208' title='bbox 626 2457 634 2487; x_wconf 89' lang='lat'><strong>,</strong></span> <span class='ocrx_word' id='word_1_209' title='bbox 657 2421 693 2470; x_wconf 94' lang='lat' dir='ltr'><strong>ut</strong></span> <span class='ocrx_word' id='word_1_210' title='bbox 712 2413 849 2490; x_wconf 83' lang='lat' dir='ltr'><strong>aliquam</strong></span> <span class='ocrx_word' id='word_1_211' title='bbox 863 2419 1079 2492; x_wconf 79' lang='lat' dir='ltr'><strong>permotionem</strong></span> <span class='ocrx_word' id='word_1_212' title='bbox 1097 2421 1267 2470; x_wconf 85' lang='lat' dir='ltr'><strong>animarum</strong></span> 
     </span>
     <span class='ocr_line' id='line_1_22' title="bbox 54 2505 1266 2589; baseline 0.006 -26"><span class='ocrx_word' id='word_1_213' title='bbox 54 2525 101 2563; x_wconf 83' lang='lat' dir='ltr'><strong>tua</strong></span> <span class='ocrx_word' id='word_1_214' title='bbox 124 2518 224 2585; x_wconf 71' lang='lat' dir='ltr'><strong>sponte</strong></span> <span class='ocrx_word' id='word_1_215' title='bbox 250 2516 309 2588; x_wconf 74' lang='lat' dir='ltr'><strong>ipsi</strong></span> <span class='ocrx_word' id='word_1_216' title='bbox 330 2509 469 2588; x_wconf 87' lang='lat' dir='ltr'><strong>afferant</strong></span> <span class='ocrx_word' id='word_1_217' title='bbox 496 2511 536 2569; x_wconf 88' lang='lat' dir='ltr'><strong>ad</strong></span> <span class='ocrx_word' id='word_1_218' title='bbox 563 2531 701 2570; x_wconf 73' lang='lat' dir='ltr'><strong>nauseam</strong></span> <span class='ocrx_word' id='word_1_219' title='bbox 722 2513 864 2588; x_wconf 72' lang='lat' dir='ltr'><strong>judiees,</strong></span> <span class='ocrx_word' id='word_1_220' title='bbox 892 2512 932 2570; x_wconf 81' lang='lat' dir='ltr'><strong>at</strong></span> <span class='ocrx_word' id='word_1_221' title='bbox 958 2513 1009 2587; x_wconf 86' lang='lat' dir='ltr'><strong>id,</strong></span> <span class='ocrx_word' id='word_1_222' title='bbox 1040 2513 1116 2589; x_wconf 83' lang='lat' dir='ltr'><strong>quad</strong></span> <span class='ocrx_word' id='word_1_223' title='bbox 1141 2505 1266 2570; x_wconf 76' lang='lat' dir='ltr'><strong>utiliter</strong></span> 
     </span>
     <span class='ocr_line' id='line_1_23' title="bbox 55 2609 1267 2684; baseline 0.007 -25"><span class='ocrx_word' id='word_1_224' title='bbox 55 2613 171 2665; x_wconf 80' lang='lat' dir='ltr'><strong>oratorie</strong></span> <span class='ocrx_word' id='word_1_225' title='bbox 191 2609 307 2683; x_wconf 84' lang='lat' dir='ltr'><strong>feret,</strong></span> <span class='ocrx_word' id='word_1_226' title='bbox 338 2610 595 2669; x_wconf 74' lang='lat' dir='ltr'><strong>accommodatam.</strong></span> <span class='ocrx_word' id='word_1_227' title='bbox 647 2609 784 2669; x_wconf 72' lang='lat' dir='ltr'><strong>Facilius</strong></span> <span class='ocrx_word' id='word_1_228' title='bbox 813 2621 857 2670; x_wconf 79' lang='lat' dir='ltr'><strong>eet</strong></span> <span class='ocrx_word' id='word_1_229' title='bbox 883 2618 963 2668; x_wconf 90' lang='lat' dir='ltr'><strong>enim</strong></span> <span class='ocrx_word' id='word_1_230' title='bbox 991 2620 1191 2684; x_wconf 80' lang='lat' dir='ltr'><strong>currentem,</strong></span> <span class='ocrx_word' id='word_1_231' title='bbox 1230 2619 1267 2667; x_wconf 90' lang='lat' dir='ltr'><strong>ut</strong></span> 
     </span>
     <span class='ocr_line' id='line_1_24' title="bbox 58 2707 1269 2788; baseline 0.007 -31"><span class='ocrx_word' id='word_1_232' title='bbox 58 2707 150 2779; x_wconf 78' lang='lat' dir='ltr'><strong>ajunt,</strong></span> <span class='ocrx_word' id='word_1_233' title='bbox 169 2713 325 2780; x_wconf 77' lang='lat' dir='ltr'><strong>inritare,</strong></span> <span class='ocrx_word' id='word_1_234' title='bbox 346 2727 436 2785; x_wconf 86' lang='lat' dir='ltr'><strong>quam</strong></span> <span class='ocrx_word' id='word_1_235' title='bbox 452 2727 630 2766; x_wconf 78' lang='lat' dir='ltr'><strong>‘commovere</strong></span> <span class='ocrx_word' id='word_1_236' title='bbox 651 2709 855 2788; x_wconf 82' lang='lat' dir='ltr'><strong>languentem.</strong></span> <span class='ocrx_word' id='word_1_237' title='bbox 906 2707 964 2767; x_wconf 84' lang='lat' dir='ltr'><strong>Sin</strong></span> <span class='ocrx_word' id='word_1_238' title='bbox 981 2710 1014 2767; x_wconf 85' lang='lat' dir='ltr'><strong>id</strong></span> <span class='ocrx_word' id='word_1_239' title='bbox 1032 2719 1088 2767; x_wconf 88' lang='lat' dir='ltr'><strong>aut</strong></span> <span class='ocrx_word' id='word_1_240' title='bbox 1108 2730 1165 2766; x_wconf 90' lang='lat' dir='ltr'><strong>nen</strong></span> <span class='ocrx_word' id='word_1_241' title='bbox 1186 2715 1269 2783; x_wconf 84' lang='lat' dir='ltr'><strong>erit,</strong></span> 
     </span>
     <span class='ocr_line' id='line_1_25' title="bbox 60 2808 1270 2888; baseline 0.012 -36"><span class='ocrx_word' id='word_1_242' title='bbox 60 2809 107 2856; x_wconf 89' lang='lat' dir='ltr'><strong>aut</strong></span> <span class='ocrx_word' id='word_1_243' title='bbox 127 2812 184 2862; x_wconf 87' lang='lat' dir='ltr'><strong>erit</strong></span> <span class='ocrx_word' id='word_1_244' title='bbox 207 2808 383 2881; x_wconf 81' lang='lat' dir='ltr'><strong>obeauriue,</strong></span> <span class='ocrx_word' id='word_1_245' title='bbox 404 2814 486 2864; x_wconf 64' lang='lat' dir='ltr'><strong>deut</strong></span> <span class='ocrx_word' id='word_1_246' title='bbox 512 2808 623 2866; x_wconf 84' lang='lat' dir='ltr'><strong>medion</strong></span> <span class='ocrx_word' id='word_1_247' title='bbox 642 2808 803 2888; x_wconf 87' lang='lat' dir='ltr'><strong>diligenti,</strong></span> <span class='ocrx_word' id='word_1_248' title='bbox 820 2815 1005 2885; x_wconf 82' lang='lat' dir='ltr'><strong>priuequam</strong></span> <span class='ocrx_word' id='word_1_249' title='bbox 1024 2817 1149 2867; x_wconf 81' lang='lat' dir='ltr'><strong>ornetur</strong></span> <span class='ocrx_word' id='word_1_250' title='bbox 1179 2827 1270 2888; x_wconf 84' lang='lat' dir='ltr'><strong>aegro</strong></span> 
     </span>
     <span class='ocr_line' id='line_1_26' title="bbox 58 2897 1270 2983; baseline 0.008 -29"><span class='ocrx_word' id='word_1_251' title='bbox 58 2897 180 2962; x_wconf 77' lang='lat' dir='ltr'><strong>attetm</strong></span> <span class='ocrx_word' id='word_1_252' title='bbox 209 2904 409 2980; x_wconf 77' lang='lat' dir='ltr'><strong>medicinam,</strong></span> <span class='ocrx_word' id='word_1_253' title='bbox 436 2926 495 2963; x_wconf 87' lang='lat' dir='ltr'><strong>non</strong></span> <span class='ocrx_word' id='word_1_254' title='bbox 519 2907 614 2965; x_wconf 73' lang='lat' dir='ltr'><strong>salum</strong></span> <span class='ocrx_word' id='word_1_255' title='bbox 638 2907 758 2964; x_wconf 73' lang='lat' dir='ltr'><strong>morbus</strong></span> <span class='ocrx_word' id='word_1_256' title='bbox 784 2913 869 2983; x_wconf 87' lang='lat' dir='ltr'><strong>ejue,</strong></span> <span class='ocrx_word' id='word_1_257' title='bbox 889 2913 941 2964; x_wconf 85' lang='lat' dir='ltr'><strong>aui</strong></span> <span class='ocrx_word' id='word_1_258' title='bbox 969 2907 1082 2964; x_wconf 84' lang='lat' dir='ltr'><strong>mederi</strong></span> <span class='ocrx_word' id='word_1_259' title='bbox 1104 2908 1198 2981; x_wconf 80' lang='lat' dir='ltr'><strong>velet,</strong></span> <span class='ocrx_word' id='word_1_260' title='bbox 1219 2906 1270 2965; x_wconf 85' lang='lat' dir='ltr'><strong>eed</strong></span> 
     </span>
     <span class='ocr_line' id='line_1_27' title="bbox 55 3003 1266 3085; baseline 0.007 -34"><span class='ocrx_word' id='word_1_261' title='bbox 55 3003 136 3058; x_wconf 89' lang='lat' dir='ltr'><strong>etiam</strong></span> <span class='ocrx_word' id='word_1_262' title='bbox 162 3004 342 3062; x_wconf 81' lang='lat' dir='ltr'><strong>eeneuetudo</strong></span> <span class='ocrx_word' id='word_1_263' title='bbox 374 3005 503 3062; x_wconf 76' lang='lat' dir='ltr'><strong>valentin</strong></span> <span class='ocrx_word' id='word_1_264' title='bbox 533 3014 564 3062; x_wconf 88' lang='lat' dir='ltr'><strong>et</strong></span> <span class='ocrx_word' id='word_1_265' title='bbox 590 3013 706 3063; x_wconf 87' lang='lat' dir='ltr'><strong>natura</strong></span> <span class='ocrx_word' id='word_1_266' title='bbox 734 3012 868 3082; x_wconf 72' lang='lat' dir='ltr'><strong>eorporis</strong></span> <span class='ocrx_word' id='word_1_267' title='bbox 894 3007 1093 3085; x_wconf 57' lang='lat' dir='ltr'><strong>eafflaeaenda</strong></span> <span class='ocrx_word' id='word_1_268' title='bbox 1120 3016 1190 3063; x_wconf 63' lang='lat' dir='ltr'><strong>eet‘:</strong></span> <span class='ocrx_word' id='word_1_269' title='bbox 1222 3012 1266 3063; x_wconf 78' lang='lat' dir='ltr'><strong>eto</strong></span> 
     </span>
     <span class='ocr_line' id='line_1_28' title="bbox 54 3099 1270 3184; baseline 0.005 -31"><span class='ocrx_word' id='word_1_270' title='bbox 54 3099 285 3174; x_wconf 72' lang='lat' dir='ltr'><strong>equidem„eum</strong></span> <span class='ocrx_word' id='word_1_271' title='bbox 304 3103 467 3182; x_wconf 86' lang='lat' dir='ltr'><strong>aggrediar</strong></span> <span class='ocrx_word' id='word_1_272' title='bbox 485 3110 648 3182; x_wconf 77' lang='lat' dir='ltr'><strong>ancipitem</strong></span> <span class='ocrx_word' id='word_1_273' title='bbox 666 3125 804 3163; x_wconf 84' lang='lat' dir='ltr'><strong>eaueeam</strong></span> <span class='ocrx_word' id='word_1_274' title='bbox 827 3113 858 3162; x_wconf 86' lang='lat' dir='ltr'><strong>et</strong></span> <span class='ocrx_word' id='word_1_275' title='bbox 873 3125 999 3184; x_wconf 71' lang='lat' dir='ltr'><strong>gram</strong></span> <span class='ocrx_word' id='word_1_276' title='bbox 1024 3105 1064 3162; x_wconf 87' lang='lat' dir='ltr'><strong>ad</strong></span> <span class='ocrx_word' id='word_1_277' title='bbox 1083 3111 1199 3162; x_wconf 79' lang='lat' dir='ltr'><strong>animae</strong></span> <span class='ocrx_word' id='word_1_278' title='bbox 1209 3108 1270 3179; x_wconf 89' lang='lat' dir='ltr'><strong>ju-</strong></span> 
     </span>
     <span class='ocr_line' id='line_1_29' title="bbox 54 3193 1272 3284; baseline 0.007 -33"><span class='ocrx_word' id='word_1_279' title='bbox 54 3193 145 3256; x_wconf 79' lang='lat' dir='ltr'><strong>iteum</strong></span> <span class='ocrx_word' id='word_1_280' title='bbox 159 3201 393 3278; x_wconf 78' lang='lat' dir='ltr'><strong>pertractandae</strong></span> <span class='ocrx_word' id='word_1_281' title='bbox 403 3245 412 3275; x_wconf 97' lang='lat'><strong>,</strong></span> <span class='ocrx_word' id='word_1_282' title='bbox 433 3209 516 3259; x_wconf 84' lang='lat' dir='ltr'><strong>anmi</strong></span> <span class='ocrx_word' id='word_1_283' title='bbox 531 3211 628 3260; x_wconf 83' lang='lat' dir='ltr'><strong>mente</strong></span> <span class='ocrx_word' id='word_1_284' title='bbox 637 3209 670 3260; x_wconf 91' lang='lat' dir='ltr'><strong>in</strong></span> <span class='ocrx_word' id='word_1_285' title='bbox 691 3221 726 3260; x_wconf 88' lang='lat' dir='ltr'><strong>ea</strong></span> <span class='ocrx_word' id='word_1_286' title='bbox 744 3210 923 3284; x_wconf 82' lang='lat' dir='ltr'><strong>rogitatione</strong></span> <span class='ocrx_word' id='word_1_287' title='bbox 944 3224 1077 3282; x_wconf 85' lang='lat' dir='ltr'><strong>auraque</strong></span> <span class='ocrx_word' id='word_1_288' title='bbox 1094 3223 1214 3278; x_wconf 82' lang='lat' dir='ltr'><strong>uereor,</strong></span> <span class='ocrx_word' id='word_1_289' title='bbox 1235 3211 1272 3260; x_wconf 89' lang='lat' dir='ltr'><strong>ut</strong></span> 
     </span>
     <span class='ocr_line' id='line_1_30' title="bbox 55 3293 1270 3382; baseline 0.007 -31"><span class='ocrx_word' id='word_1_290' title='bbox 55 3293 164 3373; x_wconf 77' lang='lat' dir='ltr'><strong>odoror,</strong></span> <span class='ocrx_word' id='word_1_291' title='bbox 192 3320 283 3376; x_wconf 88' lang='lat' dir='ltr'><strong>quam</strong></span> <span class='ocrx_word' id='word_1_292' title='bbox 311 3306 503 3380; x_wconf 78' lang='lat' dir='ltr'><strong>eagaaieeime</strong></span> <span class='ocrx_word' id='word_1_293' title='bbox 530 3308 661 3379; x_wconf 76' lang='lat' dir='ltr'><strong>partim,</strong></span> <span class='ocrx_word' id='word_1_294' title='bbox 689 3303 764 3380; x_wconf 82' lang='lat' dir='ltr'><strong>quid</strong></span> <span class='ocrx_word' id='word_1_295' title='bbox 791 3311 945 3380; x_wconf 74' lang='lat' dir='ltr'><strong>sentiant,</strong></span> <span class='ocrx_word' id='word_1_296' title='bbox 978 3303 1051 3382; x_wconf 86' lang='lat' dir='ltr'><strong>quid</strong></span> <span class='ocrx_word' id='word_1_297' title='bbox 1077 3309 1270 3378; x_wconf 79' lang='lat' dir='ltr'><strong>eaietiment,</strong></span> 
     </span>
     <span class='ocr_line' id='line_1_31' title="bbox 54 3393 1270 3479; baseline 0.007 -29"><span class='ocrx_word' id='word_1_298' title='bbox 54 3393 119 3466; x_wconf 78' lang='lat' dir='ltr'><strong>quid</strong></span> <span class='ocrx_word' id='word_1_299' title='bbox 137 3407 323 3474; x_wconf 78' lang='lat' dir='ltr'><strong>eeepeetent,</strong></span> <span class='ocrx_word' id='word_1_300' title='bbox 345 3399 418 3476; x_wconf 83' lang='lat' dir='ltr'><strong>quid</strong></span> <span class='ocrx_word' id='word_1_301' title='bbox 445 3400 558 3474; x_wconf 79' lang='lat' dir='ltr'><strong>velint,</strong></span> <span class='ocrx_word' id='word_1_302' title='bbox 580 3421 635 3478; x_wconf 82' lang='lat' dir='ltr'><strong>quo</strong></span> <span class='ocrx_word' id='word_1_303' title='bbox 654 3400 761 3459; x_wconf 73' lang='lat' dir='ltr'><strong>dedunt</strong></span> <span class='ocrx_word' id='word_1_304' title='bbox 787 3409 921 3461; x_wconf 87' lang='lat' dir='ltr'><strong>eratione</strong></span> <span class='ocrx_word' id='word_1_305' title='bbox 931 3402 1089 3479; x_wconf 87' lang='lat' dir='ltr'><strong>saaillime</strong></span> <span class='ocrx_word' id='word_1_306' title='bbox 1111 3421 1195 3479; x_wconf 79' lang='lat' dir='ltr'><strong>poree</strong></span> <span class='ocrx_word' id='word_1_307' title='bbox 1214 3409 1270 3458; x_wconf 68' lang='lat' dir='ltr'><strong>&#39;ei—</strong></span> 
     </span>
     <span class='ocr_line' id='line_1_32' title="bbox 55 3489 1271 3580; baseline 0.012 -35"><span class='ocrx_word' id='word_1_308' title='bbox 55 3489 185 3555; x_wconf 86' lang='lat' dir='ltr'><strong>deantur.</strong></span> <span class='ocrx_word' id='word_1_309' title='bbox 236 3495 273 3555; x_wconf 84' lang='lat' dir='ltr'><strong>Si</strong></span> <span class='ocrx_word' id='word_1_310' title='bbox 290 3519 320 3554; x_wconf 74' lang='lat' dir='ltr'><strong>ee</strong></span> <span class='ocrx_word' id='word_1_311' title='bbox 336 3498 430 3571; x_wconf 84' lang='lat' dir='ltr'><strong>dant,</strong></span> <span class='ocrx_word' id='word_1_312' title='bbox 451 3505 498 3573; x_wconf 88' lang='lat' dir='ltr'><strong>et,</strong></span> <span class='ocrx_word' id='word_1_313' title='bbox 519 3507 644 3557; x_wconf 84' lang='lat' dir='ltr'><strong>utente</strong></span> <span class='ocrx_word' id='word_1_314' title='bbox 663 3500 748 3575; x_wconf 75' lang='lat' dir='ltr'><strong>diei,</strong></span> <span class='ocrx_word' id='word_1_315' title='bbox 770 3521 825 3559; x_wconf 80' lang='lat' dir='ltr'><strong>tuo</strong></span> <span class='ocrx_word' id='word_1_316' title='bbox 845 3512 945 3580; x_wconf 72' lang='lat' dir='ltr'><strong>sponte</strong></span> <span class='ocrx_word' id='word_1_317' title='bbox 956 3547 964 3575; x_wconf 95' lang='lat'><strong>,</strong></span> <span class='ocrx_word' id='word_1_318' title='bbox 986 3523 1041 3579; x_wconf 83' lang='lat' dir='ltr'><strong>qua</strong></span> <span class='ocrx_word' id='word_1_319' title='bbox 1069 3502 1271 3577; x_wconf 74' lang='lat' dir='ltr'><strong>impellimur,</strong></span> 
     </span>
     <span class='ocr_line' id='line_1_33' title="bbox 54 3591 1272 3681; baseline 0.009 -37"><span class='ocrx_word' id='word_1_320' title='bbox 54 3591 200 3660; x_wconf 77' lang='lat' dir='ltr'><strong>inclinant</strong></span> <span class='ocrx_word' id='word_1_321' title='bbox 221 3605 310 3673; x_wconf 84' lang='lat' dir='ltr'><strong>atque</strong></span> <span class='ocrx_word' id='word_1_322' title='bbox 329 3599 536 3674; x_wconf 84' lang='lat' dir='ltr'><strong>propendent,</strong></span> <span class='ocrx_word' id='word_1_323' title='bbox 558 3604 673 3675; x_wconf 87' lang='lat' dir='ltr'><strong>aeeipio</strong></span> <span class='ocrx_word' id='word_1_324' title='bbox 692 3600 769 3676; x_wconf 78' lang='lat' dir='ltr'><strong>qued</strong></span> <span class='ocrx_word' id='word_1_325' title='bbox 797 3601 909 3676; x_wconf 87' lang='lat' dir='ltr'><strong>datur,</strong></span> <span class='ocrx_word' id='word_1_326' title='bbox 931 3610 961 3681; x_wconf 71' lang='lat' dir='ltr'><strong>et</strong></span> <span class='ocrx_word' id='word_1_327' title='bbox 980 3601 1020 3660; x_wconf 86' lang='lat' dir='ltr'><strong>ad</strong></span> <span class='ocrx_word' id='word_1_328' title='bbox 1039 3600 1091 3672; x_wconf 88' lang='lat' dir='ltr'><strong>id,</strong></span> <span class='ocrx_word' id='word_1_329' title='bbox 1112 3600 1190 3657; x_wconf 83' lang='lat' dir='ltr'><strong>unde</strong></span> <span class='ocrx_word' id='word_1_330' title='bbox 1210 3599 1272 3656; x_wconf 89' lang='lat' dir='ltr'><strong>ali-</strong></span> 
     </span>
     <span class='ocr_line' id='line_1_34' title="bbox 55 3693 1270 3781; baseline 0.009 -34"><span class='ocrx_word' id='word_1_331' title='bbox 55 3695 117 3762; x_wconf 81' lang='lat' dir='ltr'><strong>quie</strong></span> <span class='ocrx_word' id='word_1_332' title='bbox 129 3693 233 3766; x_wconf 73' lang='lat' dir='ltr'><strong>flatui</strong></span> <span class='ocrx_word' id='word_1_333' title='bbox 258 3696 446 3770; x_wconf 71' lang='lat' dir='ltr'><strong>attenditur,</strong></span> <span class='ocrx_word' id='word_1_334' title='bbox 467 3697 532 3753; x_wconf 81' lang='lat' dir='ltr'><strong>uela</strong></span> <span class='ocrx_word' id='word_1_335' title='bbox 561 3697 605 3756; x_wconf 83' lang='lat' dir='ltr'><strong>do.</strong></span> <span class='ocrx_word' id='word_1_336' title='bbox 658 3695 716 3756; x_wconf 85' lang='lat' dir='ltr'><strong>Sin</strong></span> <span class='ocrx_word' id='word_1_337' title='bbox 744 3708 789 3756; x_wconf 79' lang='lat' dir='ltr'><strong>eat</strong></span> <span class='ocrx_word' id='word_1_338' title='bbox 805 3706 927 3781; x_wconf 78' lang='lat' dir='ltr'><strong>integer</strong></span> <span class='ocrx_word' id='word_1_339' title='bbox 955 3705 1131 3777; x_wconf 76' lang='lat' dir='ltr'><strong>patiaturque</strong></span> <span class='ocrx_word' id='word_1_340' title='bbox 1151 3697 1270 3773; x_wconf 75' lang='lat' dir='ltr'><strong>judea,</strong></span> 
     </span>
     <span class='ocr_line' id='line_1_35' title="bbox 52 3786 1272 3871; baseline 0.009 -30"><span class='ocrx_word' id='word_1_341' title='bbox 52 3786 116 3859; x_wconf 79' lang='lat' dir='ltr'><strong>plus</strong></span> <span class='ocrx_word' id='word_1_342' title='bbox 133 3802 176 3849; x_wconf 86' lang='lat' dir='ltr'><strong>eet</strong></span> <span class='ocrx_word' id='word_1_343' title='bbox 195 3801 312 3870; x_wconf 79' lang='lat' dir='ltr'><strong>aperie:</strong></span> <span class='ocrx_word' id='word_1_344' title='bbox 334 3802 407 3852; x_wconf 81' lang='lat' dir='ltr'><strong>eunt</strong></span> <span class='ocrx_word' id='word_1_345' title='bbox 424 3801 505 3852; x_wconf 85' lang='lat' dir='ltr'><strong>enim</strong></span> <span class='ocrx_word' id='word_1_346' title='bbox 528 3801 628 3854; x_wconf 89' lang='lat' dir='ltr'><strong>emnia</strong></span> <span class='ocrx_word' id='word_1_347' title='bbox 654 3796 776 3854; x_wconf 62' lang='lat' dir='ltr'><strong>&amp;cende</strong></span> <span class='ocrx_word' id='word_1_348' title='bbox 804 3799 965 3856; x_wconf 81' lang='lat' dir='ltr'><strong>eaeitantla</strong></span> <span class='ocrx_word' id='word_1_349' title='bbox 975 3842 983 3871; x_wconf 91' lang='lat'><strong>,</strong></span> <span class='ocrx_word' id='word_1_350' title='bbox 1006 3797 1087 3853; x_wconf 72' lang='lat' dir='ltr'><strong>nillil</strong></span> <span class='ocrx_word' id='word_1_351' title='bbox 1104 3797 1272 3871; x_wconf 80' lang='lat' dir='ltr'><strong>adjuvante</strong></span> 
     </span>
     <span class='ocr_line' id='line_1_36' title="bbox 56 3891 1273 3972; baseline 0.009 -31"><span class='ocrx_word' id='word_1_352' title='bbox 56 3895 170 3949; x_wconf 86' lang='lat' dir='ltr'><strong>natura.</strong></span> <span class='ocrx_word' id='word_1_353' title='bbox 203 3891 263 3950; x_wconf 83' lang='lat' dir='ltr'><strong>Sed</strong></span> <span class='ocrx_word' id='word_1_354' title='bbox 278 3901 398 3951; x_wconf 87' lang='lat' dir='ltr'><strong>tantam</strong></span> <span class='ocrx_word' id='word_1_355' title='bbox 416 3900 478 3952; x_wconf 84' lang='lat' dir='ltr'><strong>vim</strong></span> <span class='ocrx_word' id='word_1_356' title='bbox 497 3894 584 3952; x_wconf 77' lang='lat' dir='ltr'><strong>labet</strong></span> <span class='ocrx_word' id='word_1_357' title='bbox 600 3894 658 3952; x_wconf 89' lang='lat' dir='ltr'><strong>illa</strong></span> <span class='ocrx_word' id='word_1_358' title='bbox 667 3940 676 3970; x_wconf 89' lang='lat'><strong>,</strong></span> <span class='ocrx_word' id='word_1_359' title='bbox 697 3915 773 3972; x_wconf 86' lang='lat' dir='ltr'><strong>quae</strong></span> <span class='ocrx_word' id='word_1_360' title='bbox 792 3906 873 3955; x_wconf 88' lang='lat' dir='ltr'><strong>reete</strong></span> <span class='ocrx_word' id='word_1_361' title='bbox 890 3917 909 3953; x_wconf 91' lang='lat' dir='ltr'><strong>a</strong></span> <span class='ocrx_word' id='word_1_362' title='bbox 929 3898 998 3955; x_wconf 81' lang='lat' dir='ltr'><strong>bona</strong></span> <span class='ocrx_word' id='word_1_363' title='bbox 1017 3903 1105 3972; x_wconf 82' lang='lat' dir='ltr'><strong>poi&#39;ta</strong></span> <span class='ocrx_word' id='word_1_364' title='bbox 1126 3895 1273 3952; x_wconf 78' lang='lat' dir='ltr'><strong>dictaret</strong></span> 
     </span>
     <span class='ocr_line' id='line_1_37' title="bbox 51 3983 1271 4075; baseline 0.007 -33"><span class='ocrx_word' id='word_1_365' title='bbox 51 3983 289 4054; x_wconf 68' lang='lat' dir='ltr'><strong>flexanima</strong></span> <span class='ocrx_word' id='word_1_366' title='bbox 313 4001 440 4071; x_wconf 83' lang='lat' dir='ltr'><strong>atque</strong></span> <span class='ocrx_word' id='word_1_367' title='bbox 469 4000 647 4053; x_wconf 88' lang='lat' dir='ltr'><strong>emnium</strong></span> <span class='ocrx_word' id='word_1_368' title='bbox 671 4000 825 4075; x_wconf 85' lang='lat' dir='ltr'><strong>regina</strong></span> <span class='ocrx_word' id='word_1_369' title='bbox 845 4016 1004 4069; x_wconf 87' lang='lat' dir='ltr'><strong>rerum,</strong></span> <span class='ocrx_word' id='word_1_370' title='bbox 1023 4000 1139 4069; x_wconf 88' lang='lat' dir='ltr'><strong>aratio,</strong></span> <span class='ocrx_word' id='word_1_371' title='bbox 1157 4004 1193 4051; x_wconf 92' lang='lat' dir='ltr'><strong>ut</strong></span> <span class='ocrx_word' id='word_1_372' title='bbox 1213 4013 1271 4051; x_wconf 89' lang='lat' dir='ltr'><strong>nan</strong></span> 
     </span>
     <span class='ocr_line' id='line_1_38' title="bbox 58 4085 1272 4170; baseline 0.007 -30"><span class='ocrx_word' id='word_1_373' title='bbox 58 4085 129 4143; x_wconf 76' lang='lat' dir='ltr'><strong>niodo</strong></span> <span class='ocrx_word' id='word_1_374' title='bbox 153 4089 353 4150; x_wconf 76' lang='lat' dir='ltr'><strong>inclinantem</strong></span> <span class='ocrx_word' id='word_1_375' title='bbox 379 4092 532 4170; x_wconf 85' lang='lat' dir='ltr'><strong>impellere</strong></span> <span class='ocrx_word' id='word_1_376' title='bbox 564 4103 619 4152; x_wconf 88' lang='lat' dir='ltr'><strong>aut</strong></span> <span class='ocrx_word' id='word_1_377' title='bbox 648 4102 778 4152; x_wconf 72' lang='lat' dir='ltr'><strong>stantem</strong></span> <span class='ocrx_word' id='word_1_378' title='bbox 796 4095 962 4167; x_wconf 76' lang='lat' dir='ltr'><strong>inclinare,</strong></span> <span class='ocrx_word' id='word_1_379' title='bbox 983 4094 1034 4152; x_wconf 73' lang='lat' dir='ltr'><strong>ted</strong></span> <span class='ocrx_word' id='word_1_380' title='bbox 1052 4092 1272 4152; x_wconf 82' lang='lat' dir='ltr'><strong>etiamadaer-</strong></span> 
     </span>
     <span class='ocr_line' id='line_1_39' title="bbox 46 4182 1273 4271; baseline 0.003 -29"><span class='ocrx_word' id='word_1_381' title='bbox 46 4182 164 4244; x_wconf 69' lang='lat' dir='ltr'><strong>&#39;anton</strong></span> <span class='ocrx_word' id='word_1_382' title='bbox 176 4198 205 4245; x_wconf 91' lang='lat' dir='ltr'><strong>et</strong></span> <span class='ocrx_word' id='word_1_383' title='bbox 220 4199 454 4270; x_wconf 81' lang='lat' dir='ltr'><strong>repugnantem,</strong></span> <span class='ocrx_word' id='word_1_384' title='bbox 464 4200 500 4249; x_wconf 90' lang='lat' dir='ltr'><strong>ut</strong></span> <span class='ocrx_word' id='word_1_385' title='bbox 517 4199 684 4269; x_wconf 84' lang='lat' dir='ltr'><strong>imperator</strong></span> <span class='ocrx_word' id='word_1_386' title='bbox 701 4193 793 4252; x_wconf 78' lang='lat' dir='ltr'><strong>benur</strong></span> <span class='ocrx_word' id='word_1_387' title='bbox 811 4213 845 4251; x_wconf 83' lang='lat' dir='ltr'><strong>aa</strong></span> <span class='ocrx_word' id='word_1_388' title='bbox 857 4195 978 4269; x_wconf 77' lang='lat' dir='ltr'><strong>fortir,</strong></span> <span class='ocrx_word' id='word_1_389' title='bbox 999 4213 1107 4270; x_wconf 79' lang='lat' dir='ltr'><strong>capere</strong></span> <span class='ocrx_word' id='word_1_390' title='bbox 1118 4198 1225 4271; x_wconf 75' lang='lat' dir='ltr'><strong>poerit.</strong></span> <span class='ocrx_word' id='word_1_391' title='bbox 1239 4185 1273 4266; x_wconf 83' lang='lat'><strong>2)</strong></span> 
     </span>
    </p>
   </div>
   <div class='ocr_carea' id='block_1_2' title="bbox 0 0 1426 5120">
    <p class='ocr_par' dir='ltr' id='par_1_2' title="bbox 0 0 1426 5120">
     <span class='ocr_line' id='line_1_40' title="bbox 0 0 1426 5120; baseline 0 0"><span class='ocrx_word' id='word_1_392' title='bbox 0 0 1426 5120; x_wconf 95' lang='lat' dir='ltr'><strong> </strong></span> 
     </span>
    </p>
   </div>
  </div>
 </body>
</html>
