2950 5134
765 247 806 312 16

178 412 285 478 malum
303 422 400 470 censet
415 409 628 488 gravissimum,
655 409 740 486 eujus
757 410 847 472 animi
864 410 918 490 ipsi
937 409 1052 472 sibimet
1071 425 1199 472 anmorss
1218 427 1303 488 sunt,
1331 413 1394 474 13133

173 513 306 596 opinari,
326 529 394 570 vera
413 508 562 586 ignorare:
584 507 624 568 sic
655 507 733 568 enim
753 505 835 582 lieri,
857 519 907 583 ut,
927 508 999 588 quid
1018 530 1086 570 aete
1107 511 1145 570 sit
1163 509 1316 591 pulcrum,
1336 531 1395 572 vere

171 615 212 676 sit
228 611 337 672 bonum
355 621 383 666 et
396 607 524 683 justum,
545 626 603 668 non
633 603 771 679 rideant,
796 627 886 686 prava
915 627 983 668 veno
1007 621 1215 688 persequantur
1233 610 1327 690 specie
1353 609 1394 670 de·

171 711 269 790 cepti,
289 709 380 784 iisque
400 725 428 762 se
447 703 572 764 reddant
590 702 715 765 similes:
737 724 808 783 quae
827 705 949 766 maxima
967 719 1008 764 est
1023 727 1124 786 poena.
1149 703 1178 784 l)
1207 707 1395 766 Contaminari
1449 777 1450 780 Ἴ

172 906 365 969 nunciarunt:
394 899 445 961 sed
463 899 614 979 subjungit
631 899 708 963 idem
718 946 727 975 ,
748 900 794 964 his
809 901 940 962 animum
958 901 1091 981 impediri
1107 904 1304 983 potissimum,
1331 923 1397 982 quo-

171 1007 268 1070 minus
287 1021 384 1065 veram
404 1012 503 1061 cernat
522 999 659 1062 virtutem
670 1043 678 1072 ,
699 1020 784 1077 seque
804 999 898 1080 ipsius
922 998 960 1060 sd
984 1001 1045 1086 ejus
1071 1000 1235 1082 exemplum
1260 1001 1396 1061 emendet

170 1107 213 1168 De
230 1101 358 1165 moribus
376 1097 504 1176 loquitur
520 1109 550 1154 et
569 1097 629 1158 vita
652 1096 726 1157 bene
746 1096 942 1171 instituenda,
964 1096 1014 1158 sed
1033 1097 1163 1158 hortatur
1180 1101 1212 1159 in
1232 1102 1351 1182 primis,
1371 1113 1397 1157 ut

172 1221 272 1264 verum
292 1196 455 1258 studeamus
477 1216 663 1274 cognoscere:
685 1194 739 1254 hoc
759 1196 837 1254 enim
857 1196 988 1276 cognito,
1009 1209 1110 1286 sponte
1129 1219 1180 1256 nos
1205 1199 1306 1261 ridens
1331 1199 1397 1280 quid

167 1295 442 1380 expetendorum,
471 1291 544 1372 quid
571 1292 754 1372 fugiendum.
806 1293 862 1354 1113
890 1289 1107 1368 sacerdotibus,
1132 1294 1202 1356 haec
1222 1297 1397 1378 philosophis

66 1399 69 1404 ’
168 1412 237 1463 sunt
265 1395 389 1476 propria.
436 1393 508 1452 Nam
535 1391 695 1454 secerdotes
718 1413 765 1452 eos
792 1413 894 1452 vocare
924 1392 1052 1474 impmos
1083 1392 1233 1468 solebant,
1262 1394 1316 1474 qui
1345 1395 1397 1454 suis
1450 1438 1451 1446 ,

169 1494 329 1578 praeceptis
348 1491 427 1552 haud
447 1490 693 1570 obtemperarent:
722 1490 942 1571 praecipiebant
969 1503 1065 1550 autem
1089 1512 1138 1564 ea,
1161 1513 1234 1570 quae
1258 1490 1397 1552 divinitus

170 1592 410 1657 existimabantur
431 1607 498 1648 vera
517 1601 545 1646 et
561 1589 656 1666 justa:
677 1586 729 1646 sed
743 1586 945 1668 philosophiae
959 1601 1001 1646 est
1015 1595 1191 1667 inquirere,
1212 1590 1286 1669 qnid
1305 1608 1397 1650 rerum

169 1694 226 1766 sit,
246 1689 318 1770 quid
334 1691 458 1768 justum,
480 1706 531 1746 nec
552 1685 710 1765 quidquam
729 1685 818 1746 habet
840 1686 1005 1765 antiquius,
1026 1708 1112 1766 quam
1131 1687 1303 1767 inquirendi
1327 1687 1398 1748 reri-

170 1811 225 1870 que
244 1785 414 1868 assequendi
434 1804 611 1848 summovere
630 1783 845 1864 impedimenta.
888 1783 962 1850 Sunt
980 1798 1075 1844 autem
1094 1786 1146 1845 illa
1166 1787 1199 1845 in
1218 1782 1332 1868 primis
1343 1807 1397 1844 sen·

169 1911 237 1963 sus,
259 1886 439 1967 voluptates,
459 1881 592 1956 dolores,
612 1883 736 1944 timores.
777 1882 833 1942 His
852 1882 984 1956 remotis,
1004 1883 1117 1945 animus
1137 1885 1169 1942 in
1188 1905 1267 1944 suam
1293 1905 1322 1946 se
1341 1885 1397 1945 viu·

170 1988 249 2053 dieat
269 1985 450 2055 libertatem,
472 1981 548 2043 ultro
568 1978 665 2044 tendit
683 1979 721 2040 ad
739 2001 839 2042 rerum
858 1993 888 2038 et
901 1982 1025 2057 justum,
1046 2003 1135 2062 purus
1158 1981 1191 2041 tit
1211 1997 1240 2042 et
1266 1984 1397 2042 sincerus.

210 2087 390 2144 Praesentem
417 2079 508 2138 animi
542 2077 737 2138 conditionem
765 2079 805 2136 sic
835 2078 890 2137 sibi
920 2078 1116 2138 informabant
1142 2081 1331 2161 Pythagorei,
1360 2092 1398 2150 ut,

170 2197 305 2262 tanquam
324 2199 436 2238 earcere
456 2175 597 2255 quodam,
619 2196 736 2256 corpore
758 2195 822 2236 eum
840 2174 986 2236 inclusum
1003 2175 1200 2256 perhiberent.

260 2280 341 2338 Hinc
360 2285 500 2334 metuunt
516 2281 719 2352 cupiuntque,
739 2276 838 2332 dolant
854 2275 1064 2353 gaudentque,
1084 2297 1177 2355 neque
1198 2297 1294 2336 aaran

261 2376 459 2453 Dispensat,
479 2374 600 2470 3133333
619 2375 750 2432 tenebris
769 2383 798 2430 st
817 2393 937 2434 cursare
961 2395 1049 2434 coeco.
1070 2371 1102 2452 2)

214 2477 317 2537 Sumus
340 2495 409 2547 nos,
439 2472 480 2532 ait
492 2472 611 2545 Cicero,
633 2471 701 2533 item
721 2470 911 2550 Pythagoreos
927 2485 1039 2534 seemus
1051 2517 1057 2545 ‚
1071 2493 1169 2540 sumus
1186 2475 1220 2534 in
1235 2474 1281 2534 his
1298 2473 1397 2536 inclusi

149 2633 152 2639 ,
172 2574 355 2662 compagibus
369 2572 495 2652 eorporis
502 2615 512 2644 ,
530 2584 559 2634 et
574 2590 693 2631 munere
708 2569 831 2652 quodam
850 2569 1025 2634 necessitatis
1035 2585 1064 2629 et
1070 2572 1153 2649 gravi
1161 2593 1246 2652 opere
1256 2573 1397 2654 perfungi·

172 2697 245 2735 mur.
266 2669 458 2754 3131331333
476 2668 557 2728 Plato
575 2669 703 2736 animum
723 2667 797 2729 dicit
821 2667 952 2729 vinetum
977 2688 1035 2728 esse
1053 2687 1186 2750 empore,
1204 2672 1289 2750 eique
1314 2671 1398 2732 veluti

173 2773 420 2854 conglutinatum:
443 2765 474 2848 1)
494 2767 622 2848 singulas
642 2766 820 2847 voluptates,
840 2765 969 2846 singulos
981 2765 1095 2826 dolores
1112 2769 1194 2846 quasi
1213 2768 1311 2832 elavos
1329 2789 1397 2838 esse,

172 2872 279 2953 quibus
304 2869 416 2928 animus
434 2867 545 2948 corpori
565 2863 697 2945 affigatur
716 2879 744 2923 et
758 2878 954 2928 connectatur.
976 2860 1008 2941 5)
1038 2862 1095 2928 Sed
1109 2864 1211 2940 addit,
1231 2866 1296 2932 fieri
1317 2870 1356 2927 ita
1371 2877 1398 2922 ut
1453 2850 1454 2858 ¹

173 2972 286 3032 animus
300 2967 448 3028 veritatem
460 2985 519 3024 non
537 2965 598 3044 ipse
613 2984 664 3044 per
683 2983 726 3038 se,
748 2961 799 3022 sed
817 2982 869 3042 per
888 2961 965 3023 hune
975 2983 1116 3024 carcerem
1126 2963 1300 3040 consideret,
1321 2971 1397 3042 atque

69 3111 73 3124 ,
173 3072 205 3129 in
225 3087 333 3127 summa
354 3077 481 3124 versetur
506 3081 601 3122 rerum
621 3059 796 3140 ignorantia,
819 3051 1056 3141 ἀναγκαζομένην
1077 3056 1125 3134 δὲ,
1149 3051 1246 3142 3113333
1268 3058 1308 3123 δι’
1328 3060 1397 3144 εἱργ-

171 3166 251 3246 μυῦ,
285 3158 334 3224 claci
371 3153 477 3221 τούτου
516 3161 689 3250 monetator
719 3151 757 3218 ui
791 3153 880 3235 ὄντα,
917 3156 989 3222 iiiiii
1021 3156 1066 3246 toi
1100 3156 1194 3243 adesir
1220 3158 1263 3224 δι’
1294 3159 1397 3245 αὐτῆς,

171 3267 220 3330 καὶ
252 3265 283 3326 ἓν
313 3258 396 3349 πάσῃ
429 3256 550 3345 ἀμαθίᾳ
579 3255 807 3341 auertentem».
841 3263 873 3344 6)
907 3265 945 3324 Et
973 3285 1040 3332 vero
1059 3267 1092 3326 iu
1120 3265 1265 3326 Platonica
1293 3263 1406 3346 eompa·'

173 3365 283 3430 ratione
311 3367 356 3428 ad·
377 3366 504 3424 animiam
532 3364 578 3424 his
600 3363 734 3438 ¹vinculis
760 3362 944 3422 liberandum
962 3363 1109 3444 principes
1123 3378 1219 3444 partes
1236 3365 1398 3426 tribuuntur

169 3468 372 3548 philosophiae
393 3465 412 3527 i.
434 3485 459 3524 e.
481 3464 543 3524 reri
571 3462 687 3536 studio,
709 3462 770 3520 veri
798 3460 982 3542 disciplinae.
1025 3461 1121 3535 Haec,
1141 3462 1256 3540 inquit,
1276 3465 1397 3526 animum

173 3567 332 3648 suscipiens
359 3579 418 3624 tam
440 3563 543 3624 misere
561 3563 690 3622 affectum
701 3606 710 3636 ,
731 3559 836 3620 leniter
856 3581 920 3618 eum
948 3573 1107 3619 commonet
1125 3572 1153 3620 et
1179 3559 1289 3621 solvere
1316 3579 1397 3620 eona-

172 3681 239 3740 tur,
261 3661 432 3736 ostendens,
453 3661 586 3721 fallacem
610 3681 668 3722 esse
697 3659 862 3731 oculorum,
883 3657 1017 3719 fallacem
1044 3658 1157 3716 aurium
1174 3673 1397 3734 caeterorumque

173 3783 309 3828 &usuum
327 3761 556 3841 perceptionem:
579 3758 720 3830 suadens,
741 3770 773 3816 ut
801 3753 931 3816 discedat
957 3754 994 3814 ab
1021 3755 1117 3830 hisee,
1141 3769 1284 3834 quatenus
1306 3758 1342 3816 iis
1359 3750 1395 3812 uti

139 3933 152 3960 Ο
175 3883 236 3929 non
256 3860 362 3923 debeat
379 3861 554 3932 necessario,
575 3856 765 3934 hortansque,
788 3867 819 3913 ut
836 3873 865 3912 se
890 3868 1003 3915 3333331
1023 3854 1055 3914 in
1077 3875 1106 3914 se
1125 3855 1219 3935 ipsum
1236 3867 1265 3914 et
1287 3849 1396 3914 recolli-

176 4053 178 4060 '
211 4060 236 4126 1)
258 4052 477 4112 1133331731),

210 4138 456 4212 2113311733.

211 4230 237 4296 3)
256 4232 309 4284 Cot.
328 4231 390 4294 M‘b'·
425 4224 467 4276 21.

211 4315 347 4380 11113331
363 4312 406 4368 ffl.
423 4310 473 4369 Ε·

213 4400 238 4466 5)
259 4395 491 4453 mussavit.
512 4395 748 4460 Wyttenb.edlr.l.
768 4403 793 4444 et
811 4392 843 4446 sd
861 4389 1310 4456 rtmssmanm.oesp.ta.
1372 4393 1376 4404 '

212 4487 238 4552 61
257 4489 317 4538 Eud
336 4484 378 4536 82.
397 4483 426 4534 E.
