2886 5118
741 305 801 364 420

167 463 307 549 η’·εἰκών,
327 464 347 552 ἢ
365 467 403 532 ἐκ
420 467 483 549 τῆς
504 461 654 546 clinici
671 489 711 540 ας
729 463 842 548 αὐτήν
858 490 893 528 τε
913 464 1028 550 aderio
1042 469 1101 531 καί
1121 465 1186 552 ciii
1205 468 1323 536 εἰκόνα
1336 469 1384 534 aii-

164 572 209 652 τῆ
213 596 241 646 ς,
263 566 474 654 timoratione:
491 565 693 650 εἶργασταις-
707 564 757 630 'm
779 571 833 650 τῆς
853 566 1000 651 ἀληθείας
1013 595 1065 651 μοι
1081 575 1165 636 δοκεῖ
1183 569 1291 655 ἀνάγκη
1312 572 1383 638 door

166 685 192 734 ai
202 684 306 756 igitur
322 698 391 734 cum
411 681 541 733 monime
556 674 670 732 diacme
682 697 696 731 a
706 677 876 732 nominibus
886 697 936 733 rea
957 678 1028 755 licet
1039 723 1046 748 ‚
1059 667 1129 736 licei
1146 689 1247 736 orclem
1265 688 1384 757 itarnper

1434 649 1436 744 i

162 797 192 833 ae
212 783 310 851 ipsos,
332 785 406 832 utro
423 778 636 848 praestantior
654 773 876 849 dilucidiorque
896 775 1032 831 discendi
1051 784 1132 835 ratio
1159 777 1241 834 arii?
1271 801 1305 835 aa
1322 787 1382 836 imo·
1435 779 1436 782 ’

155 882 228 952 gine
246 873 361 930 discere
381 882 411 930 ei
430 877 547 948 ipram,
578 876 606 926 ai
625 879 706 926 recte
735 891 877 946 expressa
897 879 958 945 eii,
985 882 1217 947 eternitatem,
1239 883 1325 950 cajus
1346 887 1382 933 eit

161 978 277 1050 imago,
299 991 340 1028 on
363 991 432 1028 vero
452 991 497 1026 aa·
524 976 719 1050 caritate
748 979 787 1025 et
814 976 944 1046 ipsam
972 981 1011 1028 ei
1039 979 1272 1053 imaginem
1293 980 1381 1048 ejus,

161 1077 189 1129 ti
212 1075 242 1126 ai
273 1077 475 1149 congruenter
500 1075 543 1124 n't
568 1065 724 1145 efficto?-
741 1066 791 1124 Ea
827 1075 956 1125 caritate
994 1070 1072 1126 milii
1111 1072 1235 1129 videtur
1282 1094 1380 1129 necem

162 1191 223 1226 aare
254 1164 316 1246 1).”

199 1265 278 1323 Haec
299 1262 428 1322 Socrates
447 1263 478 1324 iu
509 1262 625 1342 Cratylo
652 1262 790 1321 Platonis.
833 1265 1018 1341 assequimur
1048 1279 1143 1323 autem
1170 1263 1242 1325 inde
1264 1289 1320 1325 non
1338 1267 1379 1324 hoc

89 1399 93 1406 -
161 1362 254 1421 solum
265 1407 272 1434 ,
293 1360 387 1438 qualis
406 1362 443 1420 sit
464 1381 577 1439 quaque
595 1360 747 1420 tractanda
766 1362 877 1419 ratione
896 1359 1091 1442 metaphysica
1113 1363 1302 1445 philosophi,
1327 1364 1379 1435 sed,

81 1476 91 1487 ·
159 1459 305 1537 quodnam
324 1460 393 1518 item
414 1458 493 1538 apud
512 1479 578 1517 eum
598 1461 835 1536 metaphysicum
855 1459 910 1534 sit,
939 1459 1018 1537 quod
1037 1483 1088 1520 nos
1107 1460 1258 1542 appellare
1276 1482 1379 1521 consue-

157 1559 252 1620 vimus
262 1604 271 1632 ,
287 1559 467 1637 linguarum
489 1558 633 1616 etodium.
676 1556 763 1630 Quod
783 1557 884 1637 paucis
904 1556 1126 1633 demonstrasse,
1146 1558 1186 1618 ad
1203 1561 1294 1640 ipsam
1314 1561 1378 1632 veri,

156 1675 243 1733 quam
271 1655 431 1735 spectavit,
461 1653 622 1714 doctrinam
653 1653 871 1735 percipiendam
896 1655 1031 1734 penitus,
1061 1677 1120 1715 non
1139 1654 1321 1717 mediocriter
1339 1677 1378 1715 nes

155 1751 282 1830 juvabit.

412 2021 415 2028 Ι
569 1945 625 2006 De
656 1950 961 2026 metaphysica,

388 2047 490 2126 quod
520 2049 704 2119 dicitur,
736 2047 984 2126 linguarum
1015 2049 1166 2106 studio.

197 2246 272 2306 Sunt
287 2245 557 2317 nominaervoces,
577 2241 615 2301 de
634 2241 763 2312 Platonis
781 2243 938 2316 sententia,
960 2243 1003 2301 uti
1024 2263 1060 2301 ex
1080 2223 1375 2312 Phaedrodidicimus,

155 2345 306 2403 notionum
326 2342 485 2420 imagines,
510 2340 616 2418 quihus
634 2352 714 2398 mens
734 2350 831 2396 nostra
852 2339 893 2397 uti
916 2341 949 2400 in
971 2339 1124 2419 cogitando
1134 2385 1143 2413 ,
1176 2340 1318 2419 colloquio
1334 2336 1375 2397 illc

155 2444 286 2512 interno,
304 2438 384 2498 solet.
415 2437 564 2498 Viderunt
583 2435 658 2510 hoc,
679 2448 757 2494 certe
778 2437 916 2516 suspicati
942 2436 1152 2516 quodammodo
1169 2437 1217 2495 illi
1234 2453 1317 2512 sunt,
1333 2434 1373 2514 qui

154 2537 190 2597 de
211 2538 363 2598 verborum
379 2537 491 2616 origine
508 2534 748 2612 disquisive'runt3
770 2533 896 2592 sednon
915 2548 991 2593 recte
1012 2535 1101 2610 inde,
1123 2549 1155 2592 ut
1176 2536 1258 2594 Plato
1276 2534 1373 2604 statuit,

154 2633 599 2714 disquisitioneminstituerunt.
629 2631 702 2690 Nam
722 2652 759 2690 ex
771 2621 878 2689 'verbis
887 2675 896 2706 ,
912 2645 1049 2710 tanquam
1061 2633 1192 2693 veritatis
1202 2631 1373 2712 imaginihus,

155 2735 322 2807 veritatem,
343 2753 402 2791 non
423 2751 460 2790 ex
482 2730 603 2789 veritate
622 2743 650 2788 et
669 2729 823 2789 veritatem
844 2727 934 2807 ipsam
953 2741 981 2786 et
1000 2730 1139 2809 imagines
1154 2732 1216 2808 ejus
1227 2729 1374 2807 judicatum

152 2835 279 2892 iverunt.
321 2833 399 2890 Hinc
428 2828 623 2891 diversissima
649 2847 747 2885 eorum
777 2825 814 2884 de
842 2811 894 2900 eo,
924 2825 1001 2905 quod
1023 2849 1123 2887 verum
1144 2841 1205 2901 est,
1231 2826 1339 2904 judicia
1353 2839 1374 2882 et

150 2950 259 2990 errores
284 2927 456 3009 gravissimi.
498 2927 570 2984 Nam
598 2938 729 2984 constare
757 2924 882 3005 primum
913 2922 950 2982 de
971 2923 1068 2985 verbis
1083 2924 1251 3002 oportebat,
1280 2944 1334 2982 esse
1349 2941 1374 2980 ca
1434 2977 1435 2980 ,

118 3067 124 3078 .
150 3048 248 3108 reapse
278 3027 407 3089 veritatis
438 3024 596 3103 imagines:
628 3021 660 3080 id
690 3041 757 3082 vero
778 3022 932 3080 incertum.
979 3042 994 3074 a
1007 3021 1069 3078 Hoc
1089 3020 1320 3095 consideremus,
1342 3019 1376 3077 ait

151 3123 298 3199 Socrates,
326 3144 364 3182 ne
382 3121 474 3180 multa
494 3120 563 3177 haec
586 3120 704 3178 nomina
726 3120 758 3177 in
780 3116 858 3177 idem
879 3119 1031 3179 tendentia
1054 3139 1105 3176 nos
1122 3117 1290 3200 decipiant,
1317 3117 1374 3196 qui-

149 3243 204 3301 que
232 3242 329 3280 eorum
358 3234 489 3279 auctores
519 3217 659 3291 suerunt,
689 3214 781 3278 veluti
812 3215 844 3273 in
872 3197 1020 3294 qhandam
1042 3213 1115 3294 lapsi
1138 3215 1325 3294 vertiginem,
1352 3227 1373 3271 ct

151 3319 207 3399 ipsi
226 3319 323 3396 agitati
341 3317 443 3377 misere
460 3316 519 3374 sint
536 3329 564 3374 et
584 3335 635 3372 nos
655 3316 687 3372 in
707 3311 828 3372 eandem
848 3314 993 3392 rapientes
1004 3313 1176 3391 immergant
1185 3310 1252 3392 2).”
1273 3310 1373 3371 Idverc

150 3437 209 3476 non
240 3413 463 3490 considerarunt
492 3412 551 3471 fere
582 3411 754 3491 etymologi:
785 3401 841 3488 ipsi
872 3409 944 3469 adeo
975 3431 990 3468 e
1020 3409 1208 3483 nominihus,
1236 3425 1305 3486 quae
1329 3425 1373 3464 ex-

148 3513 282 3588 stabant,
311 3510 457 3592 quidquid
486 3509 556 3591 ipsis
586 3507 743 3569 videbatur
771 3526 889 3580 verum,
920 3507 1099 3588 ineptissima
1120 3506 1192 3565 adeo
1210 3515 1372 3574 commenta,

150 3609 348 3671 commendare
381 3622 409 3668 et
438 3604 623 3686 comprobare
653 3602 837 3662 studuerunt.
879 3604 1047 3678 Praeterea,
1078 3604 1128 3681 qui
1160 3602 1371 3683 etymologorun

148 3710 226 3768 omni
264 3729 335 3772 aevo
370 3727 430 3766 mos
456 3705 531 3777 fuit,
572 3722 633 3761 non
664 3701 750 3759 rebus
780 3701 938 3781 perspectis
976 3722 1074 3760 earum
1101 3702 1134 3759 in
1163 3701 1284 3762 vocibus
1314 3701 1372 3758 ima·

179 4054 209 4118 1)
227 4053 321 4120 aaut.
339 4049 398 4105 aas.
415 4051 489 4104 tn-
505 4045 565 4103 aaa.
584 4048 615 4100 a.
632 4047 743 4100 vitetur
761 4047 928 4114 praeoptato
956 4046 1070 4113 pestem
1090 4015 1268 4112 perticarum
1280 4040 1371 4106 auqu-
1433 4049 1434 4096 r

145 4142 212 4203 isse,
231 4139 301 4207 quod
315 4140 374 4204 ipse
393 4137 531 4204 praecepit.
550 4135 614 4186 Nam
631 4138 675 4187 vix
695 4137 801 4185 occurrit
814 4135 841 4184 in
853 4140 909 4184 tcto
928 4131 1036 4198 Gratylo
1051 4130 1215 4196 caeterisque
1229 4126 1369 4192 ejusnerip·

143 4227 177 4276 tis
195 4225 307 4280 nominis
331 4222 507 4290 etymologia,
534 4236 600 4289 quae
623 4220 657 4270 ad
681 4219 861 4288 grammaticae
884 4218 1012 4267 rationem
1032 4214 1082 4265 rite
1103 4215 1136 4263 sit
1154 4221 1251 4264 exacta.
1283 4207 1317 4261 m
1330 4208 1371 4258 hor

144 4312 229 4377 ipsum
243 4309 422 4379 grammaticae
441 4306 552 4358 studium
568 4307 617 4356 rite
634 4304 736 4355 demum
754 4311 815 4369 post
831 4301 967 4354 Platonem
984 4308 1010 4352 ct
1030 4298 1178 4350 recentiore
1205 4311 1271 4348 aevo
1287 4290 1370 4345 excal-

146 4403 199 4444 tum
214 4402 261 4444 est.
298 4390 378 4454 Cujus
396 4392 543 4452 historiam,
564 4391 632 4456 quod
651 4388 809 4450 dolendum,
828 4386 1009 4439 desideramus
1026 4384 1179 4436 etiamnunc.

181 4476 208 4541 2)
227 4476 321 4542 Crotyi.
340 4474 391 4526 439
409 4475 437 4524 Β.
458 4474 486 4540 ς).
657 4467 662 4476 “
