<?xml version="1.0" encoding="UTF-8"?>
<!DOCTYPE html PUBLIC "-//W3C//DTD XHTML 1.0 Transitional//EN"
    "http://www.w3.org/TR/xhtml1/DTD/xhtml1-transitional.dtd">
<html xmlns="http://www.w3.org/1999/xhtml" xml:lang="en" lang="en">
 <head>
  <title>
</title>
<meta http-equiv="Content-Type" content="text/html;charset=utf-8" />
  <meta name='ocr-system' content='tesseract 3.04.00' />
  <meta name='ocr-capabilities' content='ocr_page ocr_carea ocr_par ocr_line ocrx_word'/>
</head>
<body>
  <div class='ocr_page' id='page_1' title='image "./initiaphilosoph02heusgoog_0016.png"; bbox 0 0 2950 5134; ppageno 0'>
   <div class='ocr_carea' id='block_1_1' title="bbox 1352 245 1396 282">
    <p class='ocr_par' dir='ltr' id='par_1_1' title="bbox 1352 245 1396 282">
     <span class='ocr_line' id='line_1_1' title="bbox 1352 245 1396 282; baseline 0.045 -2"><span class='ocrx_word' id='word_1_1' title='bbox 1352 245 1396 282; x_wconf 82' lang='lat' dir='ltr'><em>vll</em></span> 
     </span>
    </p>
   </div>
   <div class='ocr_carea' id='block_1_2' title="bbox 158 405 1441 2210">
    <p class='ocr_par' dir='ltr' id='par_1_2' title="bbox 158 405 1441 2210">
     <span class='ocr_line' id='line_1_2' title="bbox 160 405 1397 491; baseline 0.002 -27"><span class='ocrx_word' id='word_1_2' title='bbox 160 409 285 468; x_wconf 84' lang='lat' dir='ltr'><em>tradita</em></span> <span class='ocrx_word' id='word_1_3' title='bbox 316 417 436 491; x_wconf 77' lang='lat' dir='ltr'><em>uisoque</em></span> <span class='ocrx_word' id='word_1_4' title='bbox 462 429 602 488; x_wconf 79' lang='lat' dir='ltr'><em>cupresso</em></span> <span class='ocrx_word' id='word_1_5' title='bbox 630 427 764 484; x_wconf 62' lang='lat' dir='ltr'><em>somnone</em></span> <span class='ocrx_word' id='word_1_6' title='bbox 795 405 989 488; x_wconf 73' lang='lat' dir='ltr'><em>colligerem?</em></span> <span class='ocrx_word' id='word_1_7' title='bbox 1018 414 1045 467; x_wconf 88' lang='lat' dir='ltr'><em>si</em></span> <span class='ocrx_word' id='word_1_8' title='bbox 1065 414 1164 486; x_wconf 78' lang='lat' dir='ltr'><em>ipsum</em></span> <span class='ocrx_word' id='word_1_9' title='bbox 1181 416 1216 466; x_wconf 88' lang='lat' dir='ltr'><em>in</em></span> <span class='ocrx_word' id='word_1_10' title='bbox 1242 417 1397 488; x_wconf 83' lang='lat' dir='ltr'><em>conspectu</em></span> 
     </span>
     <span class='ocr_line' id='line_1_3' title="bbox 158 523 1399 624; baseline -0.001 -24"><span class='ocrx_word' id='word_1_11' title='bbox 158 550 295 618; x_wconf 86' lang='lat' dir='ltr'><em>positum</em></span> <span class='ocrx_word' id='word_1_12' title='bbox 315 552 494 622; x_wconf 86' lang='lat' dir='ltr'><em>comiterque</em></span> <span class='ocrx_word' id='word_1_13' title='bbox 516 553 552 600; x_wconf 88' lang='lat' dir='ltr'><em>ut</em></span> <span class='ocrx_word' id='word_1_14' title='bbox 571 543 680 601; x_wconf 76' lang='lat' dir='ltr'><em>solebat</em></span> <span class='ocrx_word' id='word_1_15' title='bbox 699 541 944 616; x_wconf 77' lang='lat' dir='ltr'><em>confabulantem</em></span> <span class='ocrx_word' id='word_1_16' title='bbox 965 523 1174 620; x_wconf 79' lang='lat' dir='ltr'><em>saepenumero</em></span> <span class='ocrx_word' id='word_1_17' title='bbox 1191 543 1399 624; x_wconf 81' lang='lat' dir='ltr'><em>uidero-atque</em></span> 
     </span>
     <span class='ocr_line' id='line_1_4' title="bbox 166 673 1420 756; baseline 0.001 -24"><span class='ocrx_word' id='word_1_18' title='bbox 166 675 275 734; x_wconf 78' lang='lat' dir='ltr'><em>audire</em></span> <span class='ocrx_word' id='word_1_19' title='bbox 293 678 371 736; x_wconf 79' lang='lat' dir='ltr'><em>inibi</em></span> <span class='ocrx_word' id='word_1_20' title='bbox 393 677 544 739; x_wconf 59' lang='lat' dir='ltr'><em>uiderer?</em></span> <span class='ocrx_word' id='word_1_21' title='bbox 576 673 799 736; x_wconf 78' lang='lat' dir='ltr'><em>Obversabatur</em></span> <span class='ocrx_word' id='word_1_22' title='bbox 819 681 915 732; x_wconf 87' lang='lat' dir='ltr'><em>menti</em></span> <span class='ocrx_word' id='word_1_23' title='bbox 934 675 1038 732; x_wconf 84' lang='lat' dir='ltr'><em>cultus</em></span> <span class='ocrx_word' id='word_1_24' title='bbox 1056 675 1110 732; x_wconf 86' lang='lat' dir='ltr'><em>ille</em></span> <span class='ocrx_word' id='word_1_25' title='bbox 1134 695 1276 749; x_wconf 86' lang='lat' dir='ltr'><em>serenus,</em></span> <span class='ocrx_word' id='word_1_26' title='bbox 1297 683 1399 734; x_wconf 84' lang='lat' dir='ltr'><em>sereni</em></span> <span class='ocrx_word' id='word_1_27' title='bbox 1419 751 1420 756; x_wconf 7' lang='grc' dir='ltr'>ἵ</span> 
     </span>
     <span class='ocr_line' id='line_1_5' title="bbox 167 805 1399 887; baseline 0.002 -24"><span class='ocrx_word' id='word_1_28' title='bbox 167 815 263 864; x_wconf 68' lang='lat' dir='ltr'><em>ammi</em></span> <span class='ocrx_word' id='word_1_29' title='bbox 280 815 451 886; x_wconf 84' lang='lat' dir='ltr'><em>interpres,</em></span> <span class='ocrx_word' id='word_1_30' title='bbox 470 817 537 887; x_wconf 83' lang='lat' dir='ltr'><em>qui,</em></span> <span class='ocrx_word' id='word_1_31' title='bbox 562 814 676 886; x_wconf 84' lang='lat' dir='ltr'><em>quoties</em></span> <span class='ocrx_word' id='word_1_32' title='bbox 696 808 732 865; x_wconf 88' lang='lat' dir='ltr'><em>de</em></span> <span class='ocrx_word' id='word_1_33' title='bbox 758 807 816 864; x_wconf 91' lang='lat' dir='ltr'><em>illa</em></span> <span class='ocrx_word' id='word_1_34' title='bbox 842 805 979 880; x_wconf 84' lang='lat' dir='ltr'><em>Platonis</em></span> <span class='ocrx_word' id='word_1_35' title='bbox 1005 808 1141 866; x_wconf 87' lang='lat' dir='ltr'><em>ubertate</em></span> <span class='ocrx_word' id='word_1_36' title='bbox 1170 827 1204 864; x_wconf 91' lang='lat' dir='ltr'><em>ac</em></span> <span class='ocrx_word' id='word_1_37' title='bbox 1232 813 1263 864; x_wconf 87' lang='lat' dir='ltr'><em>oi</em></span> <span class='ocrx_word' id='word_1_38' title='bbox 1285 814 1399 872; x_wconf 78' lang='lat' dir='ltr'><em>mentio</em></span> 
     </span>
     <span class='ocr_line' id='line_1_6' title="bbox 163 911 1441 1018; baseline 0 -20"><span class='ocrx_word' id='word_1_39' title='bbox 163 948 253 1013; x_wconf 85' lang='lat' dir='ltr'><em>erat,</em></span> <span class='ocrx_word' id='word_1_40' title='bbox 273 940 483 1018; x_wconf 69' lang='lat' dir='ltr'><em>explicabatur</em></span> <span class='ocrx_word' id='word_1_41' title='bbox 500 947 582 999; x_wconf 87' lang='lat' dir='ltr'><em>totus</em></span> <span class='ocrx_word' id='word_1_42' title='bbox 600 961 635 998; x_wconf 89' lang='lat' dir='ltr'><em>ac</em></span> <span class='ocrx_word' id='word_1_43' title='bbox 661 925 916 1017; x_wconf 69' lang='lat' dir='ltr'><em>diffundebatur:¹</em></span> <span class='ocrx_word' id='word_1_44' title='bbox 938 939 1060 996; x_wconf 81' lang='lat' dir='ltr'><em>uidebar</em></span> <span class='ocrx_word' id='word_1_45' title='bbox 1080 938 1173 997; x_wconf 90' lang='lat' dir='ltr'><em>lateri</em></span> <span class='ocrx_word' id='word_1_46' title='bbox 1191 946 1257 1014; x_wconf 86' lang='lat' dir='ltr'><em>ejus</em></span> <span class='ocrx_word' id='word_1_47' title='bbox 1284 939 1399 998; x_wconf 84' lang='lat' dir='ltr'><em>adbae-</em></span> <span class='ocrx_word' id='word_1_48' title='bbox 1431 911 1441 920; x_wconf 88' lang='lat'>-</span> 
     </span>
     <span class='ocr_line' id='line_1_7' title="bbox 164 1070 1399 1165; baseline 0.001 -37"><span class='ocrx_word' id='word_1_49' title='bbox 164 1093 251 1145; x_wconf 83' lang='lat' dir='ltr'><em>rere,</em></span> <span class='ocrx_word' id='word_1_50' title='bbox 267 1073 399 1148; x_wconf 85' lang='lat' dir='ltr'><em>pendere</em></span> <span class='ocrx_word' id='word_1_51' title='bbox 415 1075 451 1131; x_wconf 93' lang='lat' dir='ltr'><em>ab</em></span> <span class='ocrx_word' id='word_1_52' title='bbox 469 1092 539 1165; x_wconf 70' lang='lat' dir='ltr'><em>ore,¹</em></span> <span class='ocrx_word' id='word_1_53' title='bbox 558 1080 632 1150; x_wconf 84' lang='lat' dir='ltr'><em>quin</em></span> <span class='ocrx_word' id='word_1_54' title='bbox 652 1074 793 1130; x_wconf 79' lang='lat' dir='ltr'><em>divinare</em></span> <span class='ocrx_word' id='word_1_55' title='bbox 813 1071 891 1130; x_wconf 88' lang='lat' dir='ltr'><em>mibi</em></span> <span class='ocrx_word' id='word_1_56' title='bbox 909 1070 1007 1129; x_wconf 84' lang='lat' dir='ltr'><em>adbuc</em></span> <span class='ocrx_word' id='word_1_57' title='bbox 1024 1072 1146 1144; x_wconf 68' lang='grc' dir='ltr'><strong><em>11ίᾶ16111*</em></strong></span> <span class='ocrx_word' id='word_1_58' title='bbox 1153 1115 1162 1145; x_wconf 85' lang='lat'><em>,</em></span> <span class='ocrx_word' id='word_1_59' title='bbox 1183 1092 1239 1150; x_wconf 78' lang='lat' dir='ltr'><em>pua</em></span> <span class='ocrx_word' id='word_1_60' title='bbox 1256 1093 1304 1137; x_wconf 77' lang='grc'><strong><em>1111</em></strong></span> <span class='ocrx_word' id='word_1_61' title='bbox 1324 1081 1399 1132; x_wconf 82' lang='lat' dir='ltr'><em>esset</em></span> 
     </span>
     <span class='ocr_line' id='line_1_8' title="bbox 163 1201 1397 1284; baseline 0.002 -24"><span class='ocrx_word' id='word_1_62' title='bbox 163 1211 307 1263; x_wconf 87' lang='lat' dir='ltr'><em>instituti</em></span> <span class='ocrx_word' id='word_1_63' title='bbox 326 1212 471 1264; x_wconf 87' lang='lat' dir='ltr'><em>sermonis</em></span> <span class='ocrx_word' id='word_1_64' title='bbox 496 1211 602 1263; x_wconf 78' lang='lat' dir='ltr'><em>esitus</em></span> <span class='ocrx_word' id='word_1_65' title='bbox 621 1204 840 1282; x_wconf 83' lang='lat' dir='ltr'><em>perducturus.</em></span> <span class='ocrx_word' id='word_1_66' title='bbox 873 1201 933 1262; x_wconf 83' lang='lat' dir='ltr'><em>Sed</em></span> <span class='ocrx_word' id='word_1_67' title='bbox 950 1210 983 1260; x_wconf 90' lang='lat' dir='ltr'><em>in</em></span> <span class='ocrx_word' id='word_1_68' title='bbox 1004 1209 1065 1278; x_wconf 84' lang='lat' dir='ltr'><em>iis,</em></span> <span class='ocrx_word' id='word_1_69' title='bbox 1091 1225 1166 1281; x_wconf 85' lang='lat' dir='ltr'><em>quae</em></span> <span class='ocrx_word' id='word_1_70' title='bbox 1191 1203 1397 1284; x_wconf 46' lang='lat' dir='ltr'><em>perlegebam)</em></span> 
     </span>
     <span class='ocr_line' id='line_1_9' title="bbox 165 1297 1395 1423; baseline 0.002 -30"><span class='ocrx_word' id='word_1_71' title='bbox 165 1358 237 1394; x_wconf 87' lang='lat' dir='ltr'><em>cum</em></span> <span class='ocrx_word' id='word_1_72' title='bbox 255 1338 317 1395; x_wconf 85' lang='lat' dir='ltr'><em>alia</em></span> <span class='ocrx_word' id='word_1_73' title='bbox 339 1359 391 1396; x_wconf 91' lang='lat' dir='ltr'><em>me·</em></span> <span class='ocrx_word' id='word_1_74' title='bbox 412 1339 552 1396; x_wconf 86' lang='lat' dir='ltr'><em>tenebant</em></span> <span class='ocrx_word' id='word_1_75' title='bbox 576 1345 667 1415; x_wconf 80' lang='lat' dir='ltr'><em>&#39;quam</em></span> <span class='ocrx_word' id='word_1_76' title='bbox 681 1339 822 1416; x_wconf 90' lang='lat' dir='ltr'><em>plurima</em></span> <span class='ocrx_word' id='word_1_77' title='bbox 845 1343 1085 1416; x_wconf 78' lang='lat' dir='ltr'><em>gravissimeque</em></span> <span class='ocrx_word' id='word_1_78' title='bbox 1102 1297 1199 1423; x_wconf 40' lang='lat' dir='ltr'><em>dicta?</em></span> <span class='ocrx_word' id='word_1_79' title='bbox 1218 1345 1284 1394; x_wconf 89' lang='lat' dir='ltr'><em>tum</em></span> <span class='ocrx_word' id='word_1_80' title='bbox 1300 1301 1395 1412; x_wconf 81' lang='lat' dir='ltr'><em>illud,</em></span> 
     </span>
     <span class='ocr_line' id='line_1_10' title="bbox 163 1437 1397 1554; baseline 0 -28"><span class='ocrx_word' id='word_1_81' title='bbox 163 1470 243 1546; x_wconf 85' lang='lat' dir='ltr'><em>quod</em></span> <span class='ocrx_word' id='word_1_82' title='bbox 252 1489 301 1546; x_wconf 85' lang='lat' dir='ltr'><em>spe</em></span> <span class='ocrx_word' id='word_1_83' title='bbox 310 1471 364 1528; x_wconf 88' lang='lat' dir='ltr'><em>ille</em></span> <span class='ocrx_word' id='word_1_84' title='bbox 375 1479 405 1527; x_wconf 88' lang='lat' dir='ltr'><em>et</em></span> <span class='ocrx_word' id='word_1_85' title='bbox 414 1476 630 1548; x_wconf 70' lang='lat' dir='ltr'><em>exspectatione</em></span> <span class='ocrx_word' id='word_1_86' title='bbox 642 1437 859 1554; x_wconf 78' lang='lat' dir='ltr'><em>praeceperat.-</em></span> <span class='ocrx_word' id='word_1_87' title='bbox 878 1437 966 1527; x_wconf 76' lang='lat' dir='ltr'><em>«Non</em></span> <span class='ocrx_word' id='word_1_88' title='bbox 976 1468 1151 1528; x_wconf 83' lang='lat' dir='ltr'><em>doctrina</em></span> <span class='ocrx_word' id='word_1_89' title='bbox 1163 1469 1237 1541; x_wconf 86' lang='lat' dir='ltr'><em>suit</em></span> <span class='ocrx_word' id='word_1_90' title='bbox 1250 1469 1397 1546; x_wconf 82' lang='lat' dir='ltr'><em>quaedam</em></span> 
     </span>
     <span class='ocr_line' id='line_1_11' title="bbox 159 1599 1396 1682; baseline 0.002 -23"><span class='ocrx_word' id='word_1_91' title='bbox 159 1602 348 1682; x_wconf 83' lang='lat' dir='ltr'><em>pbilosopbia</em></span> <span class='ocrx_word' id='word_1_92' title='bbox 356 1601 581 1680; x_wconf 83' lang='lat' dir='ltr'><em>Platonis‚qua</em></span> <span class='ocrx_word' id='word_1_93' title='bbox 589 1599 1396 1681; x_wconf 70' lang='lat' dir='ltr'><em>gravisumaseuplicarenturpbilosoplsi‘aeqaaestio-</em></span> 
     </span>
     <span class='ocr_line' id='line_1_12' title="bbox 161 1703 1398 1811; baseline 0.001 -20"><span class='ocrx_word' id='word_1_94' title='bbox 161 1755 234 1803; x_wconf 85' lang='lat' dir='ltr'><em>nes,·</em></span> <span class='ocrx_word' id='word_1_95' title='bbox 254 1743 324 1792; x_wconf 89' lang='lat' dir='ltr'><em>erat</em></span> <span class='ocrx_word' id='word_1_96' title='bbox 351 1736 409 1793; x_wconf 88' lang='lat' dir='ltr'><em>illa</em></span> <span class='ocrx_word' id='word_1_97' title='bbox 439 1741 642 1794; x_wconf 87' lang='lat' dir='ltr'><em>institutio</em></span> <span class='ocrx_word' id='word_1_98' title='bbox 662 1734 836 1808; x_wconf 87' lang='lat' dir='ltr'><em>bominis,</em></span> <span class='ocrx_word' id='word_1_99' title='bbox 857 1733 1017 1791; x_wconf 87' lang='lat' dir='ltr'><em>bominis</em></span> <span class='ocrx_word' id='word_1_100' title='bbox 1034 1741 1119 1807; x_wconf 86' lang='lat' dir='ltr'><em>crat,</em></span> <span class='ocrx_word' id='word_1_101' title='bbox 1141 1742 1177 1790; x_wconf 93' lang='lat' dir='ltr'><em>ut</em></span> <span class='ocrx_word' id='word_1_102' title='bbox 1193 1753 1297 1811; x_wconf 87' lang='lat' dir='ltr'><em>sapere</em></span> <span class='ocrx_word' id='word_1_103' title='bbox 1315 1703 1398 1792; x_wconf 80' lang='lat' dir='ltr'><em>rocte¹</em></span> 
     </span>
     <span class='ocr_line' id='line_1_13' title="bbox 159 1856 1395 1945; baseline -0.001 -20"><span class='ocrx_word' id='word_1_104' title='bbox 159 1869 294 1927; x_wconf 74' lang='lat' dir='ltr'><em>disceret</em></span> <span class='ocrx_word' id='word_1_105' title='bbox 309 1876 400 1945; x_wconf 84' lang='lat' dir='ltr'><em>atque</em></span> <span class='ocrx_word' id='word_1_106' title='bbox 413 1868 468 1926; x_wconf 83' lang='grc'><strong><em>11111</em></strong></span> <span class='ocrx_word' id='word_1_107' title='bbox 486 1869 637 1944; x_wconf 70' lang='lat' dir='ltr'><em>explicare</em></span> <span class='ocrx_word' id='word_1_108' title='bbox 652 1873 839 1944; x_wconf 70' lang='lat' dir='ltr'><em>quaestiones</em></span> <span class='ocrx_word' id='word_1_109' title='bbox 850 1866 933 1924; x_wconf 84' lang='lat' dir='ltr'><em>baud</em></span> <span class='ocrx_word' id='word_1_110' title='bbox 942 1856 1075 1940; x_wconf 76' lang='lat' dir='ltr'><em>frustra</em></span> <span class='ocrx_word' id='word_1_111' title='bbox 1085 1870 1252 1941; x_wconf 82' lang='lat' dir='ltr'><em>niteretur,</em></span> <span class='ocrx_word' id='word_1_112' title='bbox 1277 1867 1322 1926; x_wconf 90' lang='lat' dir='ltr'><em>ad</em></span> <span class='ocrx_word' id='word_1_113' title='bbox 1341 1888 1395 1924; x_wconf 83' lang='lat' dir='ltr'><em>oo·</em></span> 
     </span>
     <span class='ocr_line' id='line_1_14' title="bbox 160 1975 1395 2078; baseline 0.002 -22"><span class='ocrx_word' id='word_1_114' title='bbox 160 2006 318 2058; x_wconf 82' lang='lat' dir='ltr'><em>ritatem</em></span> <span class='ocrx_word' id='word_1_115' title='bbox 337 2005 536 2058; x_wconf 69' lang='lat' dir='ltr'><em>conversio.</em></span> <span class='ocrx_word' id='word_1_116' title='bbox 557 1998 645 2056; x_wconf 83' lang='lat' dir='ltr'><em>Hanc</em></span> <span class='ocrx_word' id='word_1_117' title='bbox 662 1975 986 2078; x_wconf 76' lang='lat' dir='ltr'><em>igitur&#39;ploilosopbiam</em></span> <span class='ocrx_word' id='word_1_118' title='bbox 1002 1998 1110 2075; x_wconf 80' lang='lat' dir='ltr'><em>quidni</em></span> <span class='ocrx_word' id='word_1_119' title='bbox 1119 1999 1248 2057; x_wconf 79' lang='lat' dir='ltr'><em>scholam</em></span> <span class='ocrx_word' id='word_1_120' title='bbox 1259 2000 1395 2059; x_wconf 85' lang='lat' dir='ltr'><em>dicamus</em></span> 
     </span>
     <span class='ocr_line' id='line_1_15' title="bbox 161 2097 1394 2210; baseline -0.001 -22"><span class='ocrx_word' id='word_1_121' title='bbox 161 2131 402 2209; x_wconf 77' lang='lat' dir='ltr'><em>pbilosophorum</em></span> <span class='ocrx_word' id='word_1_122' title='bbox 422 2139 582 2210; x_wconf 84' lang='lat' dir='ltr'><em>optimam,</em></span> <span class='ocrx_word' id='word_1_123' title='bbox 598 2130 891 2207; x_wconf 70' lang='lat' dir='ltr'><em>instaurandamque</em></span> <span class='ocrx_word' id='word_1_124' title='bbox 913 2128 1093 2202; x_wconf 84' lang='lat' dir='ltr'><em>bacnostra</em></span> <span class='ocrx_word' id='word_1_125' title='bbox 1112 2139 1211 2188; x_wconf 88' lang='lat' dir='ltr'><em>aetate</em></span> <span class='ocrx_word' id='word_1_126' title='bbox 1228 2129 1307 2190; x_wconf 85' lang='lat' dir='ltr'><em>esse?</em></span> <span class='ocrx_word' id='word_1_127' title='bbox 1332 2097 1394 2188; x_wconf 66' lang='lat' dir='ltr'><em>Fass</em></span> 
     </span>
    </p>
   </div>
   <div class='ocr_carea' id='block_1_3' title="bbox 169 2263 1394 2343">
    <p class='ocr_par' dir='ltr' id='par_1_3' title="bbox 169 2263 1394 2343">
     <span class='ocr_line' id='line_1_16' title="bbox 169 2263 1394 2343; baseline 0.003 -25"><span class='ocrx_word' id='word_1_128' title='bbox 169 2264 303 2321; x_wconf 86' lang='lat' dir='ltr'><em>ciendum</em></span> <span class='ocrx_word' id='word_1_129' title='bbox 322 2265 357 2321; x_wconf 89' lang='lat' dir='ltr'><em>id</em></span> <span class='ocrx_word' id='word_1_130' title='bbox 376 2273 477 2322; x_wconf 85' lang='lat' dir='ltr'><em>autem</em></span> <span class='ocrx_word' id='word_1_131' title='bbox 495 2270 626 2322; x_wconf 74' lang='lat' dir='ltr'><em>macione</em></span> <span class='ocrx_word' id='word_1_132' title='bbox 644 2270 679 2320; x_wconf 88' lang='lat' dir='ltr'><em>in</em></span> <span class='ocrx_word' id='word_1_133' title='bbox 692 2269 743 2338; x_wconf 88' lang='lat' dir='ltr'><em>ju</em></span> <span class='ocrx_word' id='word_1_134' title='bbox 755 2283 772 2318; x_wconf 85' lang='lat' dir='ltr'><em>a</em></span> <span class='ocrx_word' id='word_1_135' title='bbox 784 2283 799 2319; x_wconf 90' lang='lat' dir='ltr'><em>e</em></span> <span class='ocrx_word' id='word_1_136' title='bbox 810 2283 829 2318; x_wconf 89' lang='lat' dir='ltr'><em>n</em></span> <span class='ocrx_word' id='word_1_137' title='bbox 841 2283 861 2320; x_wconf 89' lang='lat' dir='ltr'><em>u</em></span> <span class='ocrx_word' id='word_1_138' title='bbox 872 2284 902 2319; x_wconf 88' lang='lat' dir='ltr'><strong><em>m</em></strong></span> <span class='ocrx_word' id='word_1_139' title='bbox 916 2269 1054 2343; x_wconf 77' lang='lat' dir='ltr'><em>gratiam</em></span> <span class='ocrx_word' id='word_1_140' title='bbox 1075 2283 1236 2323; x_wconf 86' lang='lat' dir='ltr'><em>censemus.</em></span> <span class='ocrx_word' id='word_1_141' title='bbox 1261 2263 1394 2322; x_wconf 83' lang='lat' dir='ltr'><em>Juaenss</em></span> 
     </span>
    </p>
   </div>
   <div class='ocr_carea' id='block_1_4' title="bbox 166 2371 1394 2482">
    <p class='ocr_par' dir='ltr' id='par_1_4' title="bbox 166 2371 1394 2482">
     <span class='ocr_line' id='line_1_17' title="bbox 166 2371 1394 2482; baseline 0.002 -31"><span class='ocrx_word' id='word_1_142' title='bbox 166 2402 262 2470; x_wconf 82' lang='lat' dir='ltr'><em>enim,</em></span> <span class='ocrx_word' id='word_1_143' title='bbox 283 2397 391 2473; x_wconf 87' lang='lat' dir='ltr'><em>quibus</em></span> <span class='ocrx_word' id='word_1_144' title='bbox 409 2401 526 2453; x_wconf 81' lang='lat' dir='ltr'><em>naturd</em></span> <span class='ocrx_word' id='word_1_145' title='bbox 543 2402 623 2453; x_wconf 83' lang='lat' dir='ltr'><em>inest</em></span> <span class='ocrx_word' id='word_1_146' title='bbox 637 2395 827 2482; x_wconf 70' lang='lat' dir='ltr'><em>philosophia</em></span> <span class='ocrx_word' id='word_1_147' title='bbox 844 2379 1060 2472; x_wconf 44' lang='lat' dir='ltr'><em>quaedamput</em></span> <span class='ocrx_word' id='word_1_148' title='bbox 1078 2397 1183 2470; x_wconf 83' lang='lat' dir='ltr'><em>semel,</em></span> <span class='ocrx_word' id='word_1_149' title='bbox 1199 2371 1256 2456; x_wconf 82' lang='lat' dir='ltr'><em>lsac</em></span> <span class='ocrx_word' id='word_1_150' title='bbox 1274 2404 1394 2478; x_wconf 79' lang='lat' dir='ltr'><em>ingenii</em></span> 
     </span>
    </p>
   </div>
   <div class='ocr_carea' id='block_1_5' title="bbox 73 2505 1454 4336">
    <p class='ocr_par' dir='ltr' id='par_1_5' title="bbox 156 2505 1410 3403">
     <span class='ocr_line' id='line_1_18' title="bbox 163 2505 1392 2607; baseline 0.003 -24"><span class='ocrx_word' id='word_1_151' title='bbox 163 2533 323 2606; x_wconf 64' lang='lat' dir='ltr'><em>animique,</em></span> <span class='ocrx_word' id='word_1_152' title='bbox 337 2535 540 2607; x_wconf 80' lang='lat' dir='ltr'><em>intepritate,</em></span> <span class='ocrx_word' id='word_1_153' title='bbox 570 2548 606 2586; x_wconf 80' lang='lat' dir='ltr'><em>ee</em></span> <span class='ocrx_word' id='word_1_154' title='bbox 626 2529 675 2586; x_wconf 74' lang='lat' dir='ltr'><em>leis</em></span> <span class='ocrx_word' id='word_1_155' title='bbox 694 2537 826 2586; x_wconf 85' lang='lat' dir='ltr'><em>naturae</em></span> <span class='ocrx_word' id='word_1_156' title='bbox 838 2529 982 2602; x_wconf 89' lang='lat' dir='ltr'><em>sontibus</em></span> <span class='ocrx_word' id='word_1_157' title='bbox 1009 2505 1196 2603; x_wconf 74' lang='lat' dir='ltr'><em>bausbrant,</em></span> <span class='ocrx_word' id='word_1_158' title='bbox 1216 2529 1392 2588; x_wconf 79' lang='lat' dir='ltr'><em>incredibile</em></span> 
     </span>
     <span class='ocr_line' id='line_1_19' title="bbox 159 2660 1392 2740; baseline 0.001 -23"><span class='ocrx_word' id='word_1_159' title='bbox 159 2661 248 2718; x_wconf 84' lang='lat' dir='ltr'><em>dictu</em></span> <span class='ocrx_word' id='word_1_160' title='bbox 269 2669 312 2719; x_wconf 80' lang='lat' dir='ltr'><em>eet</em></span> <span class='ocrx_word' id='word_1_161' title='bbox 322 2703 330 2734; x_wconf 90' lang='lat'><strong><em>,</em></strong></span> <span class='ocrx_word' id='word_1_162' title='bbox 351 2669 388 2717; x_wconf 91' lang='lat' dir='ltr'><em>ut</em></span> <span class='ocrx_word' id='word_1_163' title='bbox 405 2667 536 2740; x_wconf 73' lang='lat' dir='ltr'><em>rigorem</em></span> <span class='ocrx_word' id='word_1_164' title='bbox 554 2660 625 2717; x_wconf 88' lang='lat' dir='ltr'><em>indo</em></span> <span class='ocrx_word' id='word_1_165' title='bbox 643 2661 930 2725; x_wconf 77' lang='lat' dir='ltr'><em>trabantcontinuo</em></span> <span class='ocrx_word' id='word_1_166' title='bbox 939 2704 949 2734; x_wconf 91' lang='lat'><em>,</em></span> <span class='ocrx_word' id='word_1_167' title='bbox 968 2668 1090 2738; x_wconf 80' lang='lat' dir='ltr'><em>aptique</em></span> <span class='ocrx_word' id='word_1_168' title='bbox 1108 2660 1213 2721; x_wconf 88' lang='lat' dir='ltr'><em>deindo</em></span> <span class='ocrx_word' id='word_1_169' title='bbox 1223 2662 1312 2738; x_wconf 81' lang='lat' dir='ltr'><em>fiant</em></span> <span class='ocrx_word' id='word_1_170' title='bbox 1331 2668 1392 2719; x_wconf 84' lang='lat' dir='ltr'><em>siae</em></span> 
     </span>
     <span class='ocr_line' id='line_1_20' title="bbox 158 2756 1392 2875; baseline 0.002 -25"><span class='ocrx_word' id='word_1_171' title='bbox 158 2793 203 2850; x_wconf 87' lang='lat' dir='ltr'><em>ad</em></span> <span class='ocrx_word' id='word_1_172' title='bbox 220 2792 491 2870; x_wconf 76' lang='lat' dir='ltr'><em>philosophandum</em></span> <span class='ocrx_word' id='word_1_173' title='bbox 509 2756 571 2857; x_wconf 73' lang='lat' dir='ltr'><em>siae</em></span> <span class='ocrx_word' id='word_1_174' title='bbox 591 2793 633 2860; x_wconf 83' lang='lat' dir='ltr'><em>ad</em></span> <span class='ocrx_word' id='word_1_175' title='bbox 658 2794 778 2851; x_wconf 88' lang='lat' dir='ltr'><em>nullum</em></span> <span class='ocrx_word' id='word_1_176' title='bbox 798 2813 856 2850; x_wconf 87' lang='lat' dir='ltr'><em>nan</em></span> <span class='ocrx_word' id='word_1_177' title='bbox 877 2797 995 2850; x_wconf 86' lang='lat' dir='ltr'><em>artium</em></span> <span class='ocrx_word' id='word_1_178' title='bbox 1013 2777 1279 2872; x_wconf 63' lang='lat' dir='ltr'><em>doctrinarumpue</em></span> <span class='ocrx_word' id='word_1_179' title='bbox 1294 2815 1392 2875; x_wconf 75' lang='lat' dir='ltr'><em>genus</em></span> 
     </span>
     <span class='ocr_line' id='line_1_21' title="bbox 159 2921 1391 3004; baseline 0.002 -22"><span class='ocrx_word' id='word_1_180' title='bbox 159 2932 191 2982; x_wconf 89' lang='lat' dir='ltr'><em>et</em></span> <span class='ocrx_word' id='word_1_181' title='bbox 208 2926 361 2983; x_wconf 83' lang='lat' dir='ltr'><em>colendum</em></span> <span class='ocrx_word' id='word_1_182' title='bbox 380 2934 410 2982; x_wconf 91' lang='lat' dir='ltr'><em>et</em></span> <span class='ocrx_word' id='word_1_183' title='bbox 424 2925 683 3004; x_wconf 66' lang='lat' dir='ltr'><em>pro‘oebendum.p</em></span> <span class='ocrx_word' id='word_1_184' title='bbox 719 2921 779 2982; x_wconf 82' lang='lat' dir='ltr'><em>Sed</em></span> <span class='ocrx_word' id='word_1_185' title='bbox 799 2943 890 3000; x_wconf 82' lang='lat' dir='ltr'><em>quum</em></span> <span class='ocrx_word' id='word_1_186' title='bbox 907 2924 1003 3002; x_wconf 85' lang='lat' dir='ltr'><em>plura</em></span> <span class='ocrx_word' id='word_1_187' title='bbox 1030 2925 1065 2984; x_wconf 88' lang='lat' dir='ltr'><em>de</em></span> <span class='ocrx_word' id='word_1_188' title='bbox 1093 2927 1143 2984; x_wconf 83' lang='lat' dir='ltr'><em>boc</em></span> <span class='ocrx_word' id='word_1_189' title='bbox 1162 2947 1247 3004; x_wconf 83' lang='lat' dir='ltr'><em>opero</em></span> <span class='ocrx_word' id='word_1_190' title='bbox 1265 2927 1391 2997; x_wconf 80' lang='lat' dir='ltr'><em>dicenda</em></span> 
     </span>
     <span class='ocr_line' id='line_1_22' title="bbox 158 3045 1410 3137; baseline 0.002 -21"><span class='ocrx_word' id='word_1_191' title='bbox 158 3062 239 3131; x_wconf 82' lang='lat' dir='ltr'><em>sint,</em></span> <span class='ocrx_word' id='word_1_192' title='bbox 257 3076 312 3137; x_wconf 80' lang='lat' dir='ltr'><em>age</em></span> <span class='ocrx_word' id='word_1_193' title='bbox 323 3057 485 3116; x_wconf 84' lang='lat' dir='ltr'><em>audiamus</em></span> <span class='ocrx_word' id='word_1_194' title='bbox 503 3077 580 3136; x_wconf 76' lang='lat' dir='ltr'><em>puae</em></span> <span class='ocrx_word' id='word_1_195' title='bbox 596 3063 753 3135; x_wconf 71' lang='lat' dir='ltr'><em>perepicuo</em></span> <span class='ocrx_word' id='word_1_196' title='bbox 769 3077 804 3114; x_wconf 90' lang='lat' dir='ltr'><em>ac</em></span> <span class='ocrx_word' id='word_1_197' title='bbox 820 3045 964 3114; x_wconf 79' lang='lat' dir='ltr'><em>concinne</em></span> <span class='ocrx_word' id='word_1_198' title='bbox 976 3051 1012 3115; x_wconf 85' lang='lat' dir='ltr'><em>de</em></span> <span class='ocrx_word' id='word_1_199' title='bbox 1024 3064 1092 3133; x_wconf 85' lang='lat' dir='ltr'><em>ejus</em></span> <span class='ocrx_word' id='word_1_200' title='bbox 1109 3079 1226 3117; x_wconf 88' lang='lat' dir='ltr'><em>samma</em></span> <span class='ocrx_word' id='word_1_201' title='bbox 1243 3080 1391 3118; x_wconf 81' lang='lat' dir='ltr'><em>commen·</em></span> <span class='ocrx_word' id='word_1_202' title='bbox 1407 3074 1410 3080; x_wconf 85' lang='grc'><em>’</em></span> 
     </span>
     <span class='ocr_line' id='line_1_23' title="bbox 156 3147 1390 3268; baseline 0.002 -20"><span class='ocrx_word' id='word_1_203' title='bbox 156 3189 249 3248; x_wconf 88' lang='lat' dir='ltr'><em>dator</em></span> <span class='ocrx_word' id='word_1_204' title='bbox 258 3197 417 3248; x_wconf 85' lang='lat' dir='ltr'><em>memoriae</em></span> <span class='ocrx_word' id='word_1_205' title='bbox 430 3190 577 3266; x_wconf 80' lang='lat' dir='ltr'><em>prodidit.</em></span> <span class='ocrx_word' id='word_1_206' title='bbox 600 3151 788 3266; x_wconf 70' lang='lat' dir='ltr'><em>Quampuam</em></span> <span class='ocrx_word' id='word_1_207' title='bbox 798 3189 931 3263; x_wconf 86' lang='lat' dir='ltr'><em>ejusdem</em></span> <span class='ocrx_word' id='word_1_208' title='bbox 946 3196 1084 3268; x_wconf 84' lang='lat' dir='ltr'><em>superior</em></span> <span class='ocrx_word' id='word_1_209' title='bbox 1091 3147 1258 3268; x_wconf 84' lang='lat' dir='ltr'><em>disputatio</em></span> <span class='ocrx_word' id='word_1_210' title='bbox 1272 3192 1313 3250; x_wconf 89' lang='lat' dir='ltr'><em>ad</em></span> <span class='ocrx_word' id='word_1_211' title='bbox 1328 3213 1390 3251; x_wconf 83' lang='lat' dir='ltr'><em>rec·</em></span> 
     </span>
     <span class='ocr_line' id='line_1_24' title="bbox 156 3283 1390 3403; baseline 0.004 -23"><span class='ocrx_word' id='word_1_212' title='bbox 156 3331 223 3381; x_wconf 88' lang='lat' dir='ltr'><em>tam</em></span> <span class='ocrx_word' id='word_1_213' title='bbox 239 3328 338 3399; x_wconf 86' lang='lat' dir='ltr'><em>operis</em></span> <span class='ocrx_word' id='word_1_214' title='bbox 356 3283 595 3381; x_wconf 73' lang='lat' dir='ltr'><em>aestimationebn</em></span> <span class='ocrx_word' id='word_1_215' title='bbox 610 3321 694 3380; x_wconf 84' lang='lat' dir='ltr'><em>baud</em></span> <span class='ocrx_word' id='word_1_216' title='bbox 711 3327 813 3379; x_wconf 82' lang='lat' dir='ltr'><em>minue</em></span> <span class='ocrx_word' id='word_1_217' title='bbox 832 3323 951 3390; x_wconf 82' lang='lat' dir='ltr'><em>calebit.</em></span> <span class='ocrx_word' id='word_1_218' title='bbox 977 3322 1059 3382; x_wconf 83' lang='lat' dir='ltr'><em>Haec</em></span> <span class='ocrx_word' id='word_1_219' title='bbox 1078 3327 1131 3383; x_wconf 91' lang='lat' dir='ltr'><em>ille</em></span> <span class='ocrx_word' id='word_1_220' title='bbox 1149 3326 1219 3384; x_wconf 89' lang='lat' dir='ltr'><em>inde</em></span> <span class='ocrx_word' id='word_1_221' title='bbox 1234 3348 1253 3384; x_wconf 92' lang='lat' dir='ltr'><em>a</em></span> <span class='ocrx_word' id='word_1_222' title='bbox 1269 3347 1301 3403; x_wconf 87' lang='lat' dir='ltr'><em>p.</em></span> <span class='ocrx_word' id='word_1_223' title='bbox 1322 3324 1390 3386; x_wconf 77' lang='lat'>127.</span> 
     </span>
    </p>

    <p class='ocr_par' dir='ltr' id='par_1_6' title="bbox 73 3454 1454 4336">
     <span class='ocr_line' id='line_1_25' title="bbox 202 3454 1454 3534; baseline 0.003 -24"><span class='ocrx_word' id='word_1_224' title='bbox 202 3454 1391 3534; x_wconf 48' lang='lat' dir='ltr'><em>«InitiapbilosopbiaePlatonicaetribusdeincopsnoluminibusabac</em></span> <span class='ocrx_word' id='word_1_225' title='bbox 1450 3517 1454 3526; x_wconf 69' lang='grc'><strong>,</strong></span> 
     </span>
     <span class='ocr_line' id='line_1_26' title="bbox 160 3586 1388 3671; baseline 0.003 -25"><span class='ocrx_word' id='word_1_226' title='bbox 160 3586 539 3647; x_wconf 75' lang='grc'><strong><em>1827-1836111111111.</em></strong></span> <span class='ocrx_word' id='word_1_227' title='bbox 561 3587 623 3646; x_wconf 84' lang='lat' dir='ltr'><em>Hoc</em></span> <span class='ocrx_word' id='word_1_228' title='bbox 640 3609 712 3667; x_wconf 91' lang='lat' dir='ltr'><em>opus</em></span> <span class='ocrx_word' id='word_1_229' title='bbox 730 3595 861 3646; x_wconf 88' lang='lat' dir='ltr'><em>ornatur</em></span> <span class='ocrx_word' id='word_1_230' title='bbox 879 3600 1066 3648; x_wconf 83' lang='lat' dir='ltr'><em>monumento</em></span> <span class='ocrx_word' id='word_1_231' title='bbox 1082 3597 1208 3668; x_wconf 83' lang='lat' dir='ltr'><em>pietatis</em></span> <span class='ocrx_word' id='word_1_232' title='bbox 1223 3613 1258 3649; x_wconf 85' lang='grc'><em>11·</em></span> <span class='ocrx_word' id='word_1_233' title='bbox 1273 3614 1305 3650; x_wconf 88' lang='grc'><em>11</em></span> <span class='ocrx_word' id='word_1_234' title='bbox 1323 3599 1388 3671; x_wconf 84' lang='lat' dir='ltr'><em>qai·</em></span> 
     </span>
     <span class='ocr_line' id='line_1_27' title="bbox 156 3718 1387 3802; baseline 0.006 -23"><span class='ocrx_word' id='word_1_235' title='bbox 156 3721 223 3779; x_wconf 86' lang='lat' dir='ltr'><em>dem</em></span> <span class='ocrx_word' id='word_1_236' title='bbox 231 3741 356 3802; x_wconf 80' lang='lat' dir='ltr'><em>genere,</em></span> <span class='ocrx_word' id='word_1_237' title='bbox 373 3720 449 3798; x_wconf 80' lang='lat' dir='ltr'><em>quad</em></span> <span class='ocrx_word' id='word_1_238' title='bbox 462 3729 496 3778; x_wconf 91' lang='lat' dir='ltr'><em>in</em></span> <span class='ocrx_word' id='word_1_239' title='bbox 513 3718 701 3779; x_wconf 85' lang='lat' dir='ltr'><em>Neerlandia</em></span> <span class='ocrx_word' id='word_1_240' title='bbox 711 3721 842 3778; x_wconf 88' lang='lat' dir='ltr'><em>nondum</em></span> <span class='ocrx_word' id='word_1_241' title='bbox 851 3727 993 3801; x_wconf 73' lang='lat' dir='ltr'><em>ignorari</em></span> <span class='ocrx_word' id='word_1_242' title='bbox 998 3730 1215 3800; x_wconf 83' lang='lat' dir='ltr'><em>pronuntiauit</em></span> <span class='ocrx_word' id='word_1_243' title='bbox 1222 3723 1387 3786; x_wconf 76' lang='grc'><strong><em>1111111111.</em></strong></span> 
     </span>
     <span class='ocr_line' id='line_1_28' title="bbox 73 3851 1387 3935; baseline 0.008 -27"><span class='ocrx_word' id='word_1_244' title='bbox 73 3901 77 3908; x_wconf 91' lang='lat'><em>.</em></span> <span class='ocrx_word' id='word_1_245' title='bbox 156 3851 338 3912; x_wconf 86' lang='lat' dir='ltr'><em>Praemissa</em></span> <span class='ocrx_word' id='word_1_246' title='bbox 355 3857 435 3911; x_wconf 85' lang='lat' dir='ltr'><em>enim</em></span> <span class='ocrx_word' id='word_1_247' title='bbox 452 3861 497 3911; x_wconf 92' lang='lat' dir='ltr'><em>est</em></span> <span class='ocrx_word' id='word_1_248' title='bbox 509 3851 648 3931; x_wconf 83' lang='lat' dir='ltr'><em>Epistola</em></span> <span class='ocrx_word' id='word_1_249' title='bbox 659 3853 699 3911; x_wconf 91' lang='lat' dir='ltr'><em>ad</em></span> <span class='ocrx_word' id='word_1_250' title='bbox 713 3852 896 3914; x_wconf 78' lang='lat' dir='ltr'><em>Creuzerum</em></span> <span class='ocrx_word' id='word_1_251' title='bbox 913 3855 948 3914; x_wconf 90' lang='lat' dir='ltr'><em>de</em></span> <span class='ocrx_word' id='word_1_252' title='bbox 961 3855 1006 3914; x_wconf 91' lang='lat' dir='ltr'><em>W</em></span> <span class='ocrx_word' id='word_1_253' title='bbox 1001 3857 1197 3935; x_wconf 80' lang='lat' dir='ltr'><em>pttonbaclsio.</em></span> <span class='ocrx_word' id='word_1_254' title='bbox 1218 3857 1387 3930; x_wconf 81' lang='lat' dir='ltr'><em>Heusdium</em></span> 
     </span>
     <span class='ocr_line' id='line_1_29' title="bbox 156 3965 1388 4069; baseline 0.007 -26"><span class='ocrx_word' id='word_1_255' title='bbox 156 3985 252 4044; x_wconf 88' lang='lat' dir='ltr'><em>multi</em></span> <span class='ocrx_word' id='word_1_256' title='bbox 271 3996 386 4044; x_wconf 87' lang='lat' dir='ltr'><em>norunt</em></span> <span class='ocrx_word' id='word_1_257' title='bbox 404 3992 560 4045; x_wconf 75' lang='lat' dir='ltr'><em>carissimi</em></span> <span class='ocrx_word' id='word_1_258' title='bbox 579 3995 786 4066; x_wconf 86' lang='lat' dir='ltr'><em>praeceptoris</em></span> <span class='ocrx_word' id='word_1_259' title='bbox 813 3994 908 4047; x_wconf 82' lang='lat' dir='ltr'><em>citam</em></span> <span class='ocrx_word' id='word_1_260' title='bbox 936 3965 1180 4068; x_wconf 81' lang='lat' dir='ltr'><em>conscripturum</em></span> <span class='ocrx_word' id='word_1_261' title='bbox 1199 3993 1321 4069; x_wconf 82' lang='lat' dir='ltr'><em>fuisse,</em></span> <span class='ocrx_word' id='word_1_262' title='bbox 1352 4002 1388 4053; x_wconf 87' lang='lat' dir='ltr'><em>ni</em></span> 
     </span>
     <span class='ocr_line' id='line_1_30' title="bbox 155 4079 1446 4206; baseline 0.005 -28"><span class='ocrx_word' id='word_1_263' title='bbox 155 4117 321 4178; x_wconf 79' lang='lat' dir='ltr'><em>Mabnium</em></span> <span class='ocrx_word' id='word_1_264' title='bbox 338 4125 499 4199; x_wconf 86' lang='lat' dir='ltr'><em>accepisset</em></span> <span class='ocrx_word' id='word_1_265' title='bbox 513 4079 592 4178; x_wconf 76' lang='lat' dir='ltr'><em>idone</em></span> <span class='ocrx_word' id='word_1_266' title='bbox 601 4121 763 4178; x_wconf 87' lang='lat' dir='ltr'><em>consilium</em></span> <span class='ocrx_word' id='word_1_267' title='bbox 783 4127 913 4200; x_wconf 75' lang='lat' dir='ltr'><em>agitare.</em></span> <span class='ocrx_word' id='word_1_268' title='bbox 946 4120 1006 4184; x_wconf 81' lang='lat' dir='ltr'><em>Sed</em></span> <span class='ocrx_word' id='word_1_269' title='bbox 1020 4132 1126 4202; x_wconf 89' lang='lat' dir='ltr'><em>prouti</em></span> <span class='ocrx_word' id='word_1_270' title='bbox 1143 4125 1222 4184; x_wconf 89' lang='lat' dir='ltr'><em>bunc</em></span> <span class='ocrx_word' id='word_1_271' title='bbox 1236 4125 1387 4206; x_wconf 75' lang='lat' dir='ltr'><em>gaudebat</em></span> <span class='ocrx_word' id='word_1_272' title='bbox 1440 4101 1446 4111; x_wconf 35' lang='lat'><strong><em>⁴</em></strong></span> 
     </span>
     <span class='ocr_line' id='line_1_31' title="bbox 150 4212 1388 4336; baseline 0.006 -26"><span class='ocrx_word' id='word_1_273' title='bbox 150 4259 287 4330; x_wconf 86' lang='lat' dir='ltr'><em>pietatis</em></span> <span class='ocrx_word' id='word_1_274' title='bbox 306 4251 401 4332; x_wconf 71' lang='lat' dir='ltr'><em>cfftio</em></span> <span class='ocrx_word' id='word_1_275' title='bbox 420 4255 623 4332; x_wconf 62' lang='lat' dir='ltr'><em>satiqfecisee,</em></span> <span class='ocrx_word' id='word_1_276' title='bbox 643 4212 690 4309; x_wconf 85' lang='lat' dir='ltr'><em>ita</em></span> <span class='ocrx_word' id='word_1_277' title='bbox 709 4273 728 4308; x_wconf 88' lang='lat' dir='ltr'><em>a</em></span> <span class='ocrx_word' id='word_1_278' title='bbox 756 4273 786 4311; x_wconf 93' lang='lat' dir='ltr'><em>se</em></span> <span class='ocrx_word' id='word_1_279' title='bbox 800 4254 881 4311; x_wconf 88' lang='lat' dir='ltr'><em>illud</em></span> <span class='ocrx_word' id='word_1_280' title='bbox 898 4275 958 4313; x_wconf 87' lang='lat' dir='ltr'><em>non</em></span> <span class='ocrx_word' id='word_1_281' title='bbox 977 4278 1070 4335; x_wconf 83' lang='lat' dir='ltr'><em>aeque</em></span> <span class='ocrx_word' id='word_1_282' title='bbox 1089 4259 1237 4336; x_wconf 68' lang='lat' dir='ltr'><em>expletum</em></span> <span class='ocrx_word' id='word_1_283' title='bbox 1257 4279 1334 4334; x_wconf 85' lang='lat' dir='ltr'><em>esee,</em></span> <span class='ocrx_word' id='word_1_284' title='bbox 1354 4281 1388 4318; x_wconf 90' lang='lat' dir='ltr'><em>ss</em></span> 
     </span>
    </p>
   </div>
   <div class='ocr_carea' id='block_1_6' title="bbox 152 4384 1405 4473">
    <p class='ocr_par' dir='ltr' id='par_1_7' title="bbox 152 4384 1405 4473">
     <span class='ocr_line' id='line_1_32' title="bbox 152 4384 1405 4473; baseline 0.006 -31"><span class='ocrx_word' id='word_1_285' title='bbox 152 4391 246 4468; x_wconf 78' lang='lat' dir='ltr'><em>grati</em></span> <span class='ocrx_word' id='word_1_286' title='bbox 263 4392 361 4444; x_wconf 85' lang='lat' dir='ltr'><em>animi</em></span> <span class='ocrx_word' id='word_1_287' title='bbox 379 4407 497 4446; x_wconf 83' lang='lat' dir='ltr'><em>sensum</em></span> <span class='ocrx_word' id='word_1_288' title='bbox 517 4408 576 4446; x_wconf 89' lang='lat' dir='ltr'><em>non</em></span> <span class='ocrx_word' id='word_1_289' title='bbox 593 4386 746 4446; x_wconf 83' lang='lat' dir='ltr'><em>scribendo</em></span> <span class='ocrx_word' id='word_1_290' title='bbox 763 4384 969 4462; x_wconf 81' lang='lat' dir='ltr'><em>effudisssneo</em></span> <span class='ocrx_word' id='word_1_291' title='bbox 982 4391 1086 4468; x_wconf 88' lang='lat' dir='ltr'><em>palam</em></span> <span class='ocrx_word' id='word_1_292' title='bbox 1096 4392 1276 4466; x_wconf 85' lang='lat' dir='ltr'><em>declarasse,</em></span> <span class='ocrx_word' id='word_1_293' title='bbox 1295 4413 1405 4473; x_wconf 69' lang='lat' dir='ltr'><em>aegre,</em></span> 
     </span>
    </p>
   </div>
   <div class='ocr_carea' id='block_1_7' title="bbox 0 0 1480 5134">
    <p class='ocr_par' dir='ltr' id='par_1_8' title="bbox 0 0 1480 5134">
     <span class='ocr_line' id='line_1_33' title="bbox 0 0 1480 5134; baseline 0 1"><span class='ocrx_word' id='word_1_294' title='bbox 0 0 1480 5134; x_wconf 95' lang='lat' dir='ltr'><em> </em></span> 
     </span>
    </p>
   </div>
  </div>
 </body>
</html>
