2950 5134
728 235 839 313 n'

172 417 235 478 Alia
255 418 312 476 fuit
330 416 504 496 Pythagorae
523 415 604 474 ratio.
636 417 748 474 Primus
768 415 815 474 hic
836 414 972 494 quidem,
994 429 1025 474 ut
1045 429 1111 474 ante
1131 403 1366 489 memoravimus,

132 523 280 594 sapientie
307 516 419 595 posuit,
443 514 612 592 philosophi
638 515 770 573 assumsit
798 534 921 587 nomeu,
966 533 1022 592 quo
1050 512 1253 594 philosophum
1283 535 1312 572 se
1338 527 1369 572 et

130 615 272 674 Graecum
289 612 424 692 probavit
442 613 546 672 virum.
568 611 625 670 Sed
642 613 766 692 profecit
781 611 858 670 idem
874 611 996 670 multum
1017 631 1053 668 ex
1074 611 1225 684 orientali,
1241 613 1368 670 maxime
1457 678 1458 686 ἵ

131 711 354 791 Aegyptiorum,
373 709 492 767 ratione.
534 708 599 767 Non
619 709 689 783 ille,
711 723 742 767 ut
759 709 907 783 Socrates,
926 709 957 766 in
979 708 1081 767 mediis
1099 708 1266 768 versabatur
1294 709 1369 767 civi-

132 811 186 868 bus
205 809 280 880 suis,
301 820 435 884 tanquam
452 827 526 864 unus
546 827 561 864 e
581 806 696 882 multis,
717 822 853 886 tanquam
872 806 1025 865 destitutus
1044 804 1194 879 doctrina,
1214 819 1245 864 ut
1255 806 1292 864 ab
1309 829 1369 864 om-

132 907 233 980 nibus,
254 927 270 963 a
288 905 385 985 pueris
402 904 487 962 etiam
506 918 533 962 et
552 903 782 963 adolescentibus
802 904 933 963 disceret.
964 903 1201 982 Distinguebatur
1216 925 1231 963 a
1247 906 1371 963 caeteris

132 1027 196 1063 cum
225 1003 364 1084 peculiari
394 1001 516 1061 vivendi
544 1001 652 1076 modo,
683 1016 744 1061 tum
774 1003 904 1075 vestitu,
934 1022 991 1080 quo
1019 1000 1193 1060 sacerdotem
1223 1001 1371 1060 referebat

132 1102 323 1182 Aegyptium,
344 1113 404 1158 tum
425 1097 556 1158 doctrina
579 1099 703 1178 quadam
722 1121 825 1159 arcana
836 1145 844 1174 ,
865 1122 921 1179 qua
939 1099 1029 1178 magis
1049 1100 1134 1157 etiam
1155 1113 1182 1158 et
1199 1099 1265 1158 aliis
1283 1100 1369 1160 vide-

132 1201 217 1259 batur
241 1198 380 1258 excellere
403 1211 430 1256 et
450 1199 603 1277 Aegyptios
628 1197 794 1256 imitabatur
812 1200 963 1279 sapientes.
986 1193 1014 1277 l)
1054 1198 1200 1256 Praeterea
1227 1219 1286 1257 non
1307 1219 1368 1256 om·

134 1298 346 1378 nibuspariter
357 1341 365 1370 ,
386 1310 417 1354 ut
437 1293 583 1370 Socrates,
604 1295 736 1377 prodesse
756 1294 900 1355 monendo
919 1294 1070 1369 studebat,
1092 1309 1123 1353 ut
1143 1316 1225 1354 suum
1244 1298 1369 1376 quisque

132 1396 262 1476 expleret
281 1393 409 1454 officium
419 1440 427 1472 ,
449 1392 649 1473 prodessetque
669 1395 801 1468 civitati,
825 1393 875 1452 sed
898 1393 1015 1452 selectos
1035 1393 1160 1452 habebat
1185 1394 1370 1475 discipulos,

132 1515 203 1572 quos
232 1494 355 1552 maxime
384 1492 546 1565 excoleret,
575 1492 681 1570 quique
710 1491 791 1550 cultu
823 1505 998 1570 praestantes
1015 1493 1164 1565 caeteris,
1194 1505 1222 1550 et
1251 1491 1371 1550 civibus
1459 1539 1460 1564 ,

116 1591 291 1670 ¹aliquando
311 1591 375 1674 suis,
387 1603 549 1670 praeessent
568 1604 595 1648 et
614 1589 745 1649 civitates
764 1590 892 1648 moribus
911 1589 1078 1671 legibusque
1097 1603 1297 1670 temperarent.
1321 1589 1371 1649 Ad
1459 1569 1460 1586 i

133 1688 212 1768 quod
231 1689 299 1747 item
316 1685 527 1746 instituendum
555 1687 679 1746 valuisse
705 1686 916 1765 quodammodo
943 1688 1059 1748 videtur
1087 1687 1264 1747 sacerdotum
1287 1687 1372 1767 apud
1459 1695 1460 1716 ³

137 1786 299 1846 Orientales
323 1785 495 1865 exemplum.
537 1785 642 1846 Valere
661 1799 736 1844 certe
756 1807 788 1844 eo
806 1787 902 1846 minus
921 1789 1015 1868 potuit
1033 1785 1205 1846 Graecorum
1225 1787 1315 1859 ratio,
1332 1785 1372 1844 ad

134 1884 251 1943 civilem
281 1884 503 1962 aequalitatem,
533 1904 619 1962 quam
646 1883 861 1957 Orientalium,
890 1885 928 1944 ad
956 1887 1122 1965 principum
1152 1883 1372 1941 venerationem
1460 1949 1461 1956 ἵ

134 1982 342 2041 accommodata
360 1982 457 2060 magis.
500 1981 556 2039 Nec
577 1980 682 2041 desunt
699 1983 855 2062 Aegyptiae
874 1983 1063 2042 institutionis
1084 1982 1201 2060 vestigia
1226 1982 1257 2039 in
1284 2003 1370 2062 repu-

135 2081 213 2139 blica
233 2081 378 2154 Platonis,
400 2079 602 2159 Pythagoricae
631 2081 736 2139 rationi
765 2081 852 2160 plane
881 2093 1081 2139 consentanea.
1124 2079 1200 2154 Sed,
1222 2093 1253 2138 ut
1272 2081 1369 2138 mitta-

137 2199 199 2237 mus
218 2177 313 2251 illud,
334 2198 386 2236 nec
407 2197 608 2257 persequamur
631 2175 754 2236 Socratis
782 2199 847 2236 cum
874 2177 1031 2257 Pythagora
1051 2179 1309 2257 comparationem,
1333 2197 1371 2235 ex

136 2277 190 2335 hoc
211 2276 415 2355 Aegyptiorum
431 2276 511 2333 fonte
530 2273 691 2333 doctrinam
716 2275 752 2334 de
771 2277 867 2334 animo
889 2275 1016 2334 hausisse
1040 2275 1156 2334 videtur
1184 2274 1370 2355 Pythagoras.

137 2374 235 2444 Refert
254 2371 433 2446 Herodotus,
455 2370 486 2451 2)
507 2372 613 2452 primos
627 2372 715 2432 fuisse
733 2374 904 2454 Aegyptios,
922 2375 971 2451 qui
992 2373 1139 2448 dicerent,
1163 2375 1292 2432 animum
1310 2372 1371 2431 ho-

137 2472 224 2532 minis
243 2491 301 2530 esse
319 2470 525 2544 immortalem,
546 2484 610 2552 post
629 2472 754 2552 corporis
774 2492 841 2530 vero
860 2471 1009 2530 interitum
1032 2471 1064 2528 in
1084 2469 1290 2531 atiud'deinde
1310 2493 1372 2530 na-

139 2591 220 2630 scens
239 2569 346 2628 animal
373 2569 510 2647 migrare:
533 2589 652 2647 cumque
679 2590 730 2650 per
754 2570 855 2640 omnia,
876 2569 1037 2643 terrestria,
1058 2570 1168 2628 marina
1191 2582 1218 2628 et
1237 2568 1372 2629 volucria

38 2721 41 2728 ,
137 2666 274 2727 animalia
292 2667 445 2724 circuitum
462 2667 601 2740 fecisset,
612 2687 676 2725 eum
694 2667 797 2726 iterum
814 2681 977 2726 nascentem
997 2667 1029 2725 in
1048 2665 1173 2726 hominis
1190 2681 1293 2746 corpus
1310 2667 1372 2724 mi-

140 2787 239 2846 grare:
261 2766 442 2824 huncautem
461 2765 497 2822 ab
516 2785 548 2823 eo
568 2765 719 2823 circuitum
738 2763 842 2824 confici
865 2765 953 2824 trium
972 2763 1104 2824 millium
1113 2785 1253 2824 annorum
1263 2766 1370 2844 spatio.
1462 2787 1463 2794 ³

141 2863 285 2943 Aquibus
304 2863 397 2921 initiis
421 2863 564 2942 profectus
582 2862 772 2944 Pythagoras,
792 2861 1010 2944 philosophatus
1034 2861 1169 2921 subtilius
1187 2859 1229 2921 est
1247 2862 1284 2921 de
1305 2865 1370 2922 ani-

139 2982 249 3020 morum
268 2981 319 3042 per
337 2959 388 3018 has
416 2961 596 3040 migrationes
621 2960 839 3034 emendatione,
860 2981 1013 3039 eorumque
1039 2975 1095 3020 tam
1123 2943 1259 3039 pristina,
1281 2981 1371 3039 quam

141 3062 237 3140 futura
257 3057 440 3132 conditione,
462 3061 634 3138 statuitque,
658 3080 709 3117 nos
728 3057 848 3117 aliunde
866 3059 897 3117 in
925 3058 1000 3116 banc
1019 3071 1123 3117 terram
1151 3058 1301 3136 migrasse,
1322 3072 1371 3117 at-

140 3181 215 3240 que,
238 3171 268 3216 nt
288 3157 386 3215 Cicero
404 3157 625 3235 interpretatur,
646 3157 726 3238 quasi
745 3157 777 3215 in
795 3171 934 3216 mercatus
952 3155 1097 3236 quandam
1118 3155 1311 3215 celebritatem
1332 3178 1369 3214 ex

141 3253 211 3315 urbe
231 3256 346 3333 aliqua,
367 3255 407 3313 sic
429 3255 460 3314 in
478 3253 553 3312 hanc
574 3257 663 3316 vitam
682 3275 718 3313 ex
738 3253 794 3314 alia
813 3256 873 3314 vita
892 3268 919 3314 et
937 3268 1039 3313 natura
1054 3255 1203 3333 profectos.
1226 3251 1257 3333 3)

182 3353 368 3435 Pythagorica
395 3376 454 3412 non
482 3355 594 3429 minus,
616 3375 700 3432 quam
724 3352 884 3428 Socratica,
911 3351 1068 3433 disciplina
1092 3353 1219 3410 animum
1242 3351 1370 3411 advertit

141 3454 290 3531 tenuitque
309 3451 444 3511 Platonis.
471 3453 532 3510 Hac
553 3453 687 3510 incensus
705 3464 746 3509 est
764 3443 899 3509 acerrimo
919 3451 1048 3509 veritatis
1066 3450 1237 3528 virtutisque
1257 3449 1368 3524 studio,

142 3551 194 3609 illt
213 3550 355 3609 adductus
375 3549 491 3609 ridetur
510 3549 548 3608 ad
577 3549 730 3626 sublimes,
752 3570 822 3627 quas
848 3547 997 3628 prodidit,
1019 3547 1055 3606 de
1082 3548 1178 3606 animo
1201 3548 1367 3606 sententias.

142 3651 240 3729 Itaque
261 3647 402 3707 Socratem
421 3648 452 3705 in
471 3648 592 3727 dialogis
605 3648 664 3705 fere
685 3647 818 3706 omnibus
837 3645 1030 3727 disputantem
1045 3644 1181 3722 induxit,
1204 3644 1254 3703 sed
1273 3645 1368 3704 eidem

143 3747 251 3806 Socrati
270 3747 301 3805 in
320 3746 421 3805 iisdem
440 3743 617 3805 sermonibus
641 3743 729 3826 multa
748 3743 873 3802 subinde
891 3743 1013 3817 tribuit,
1034 3765 1106 3822 quae
1130 3764 1190 3802 nou
1213 3743 1286 3823 ipsi,
1305 3743 1367 3812 ¹sed

143 3847 203 3904 sive
223 3844 396 3925 Pythagorae
415 3845 474 3902 sire
494 3843 676 3922 Pythagoreis
695 3857 776 3902 erant
795 3843 919 3924 propria.
961 3842 1061 3916 Qualis
1088 3855 1129 3900 est
1147 3841 1366 3902 celebratissima

142 3943 193 4002 illa
214 3942 250 4005 de
270 3944 365 4000 animo
389 3941 562 4022 disputatio,
583 3962 668 4020 quam
687 3941 720 4000 iu
745 3938 896 4000 Phaedone
924 3924 1056 4000 habuisse
1084 3940 1203 4020 fingitur
1229 3938 1365 3998 Socrates.

143 4042 250 4115 Vetus,
272 4043 367 4120 inquit
378 4085 386 4114 ,
407 4061 495 4098 sermo
524 4053 581 4114 est,
607 4040 717 4100 animos
741 4039 890 4098 hominum
906 4038 976 4101 hinc
995 4038 1135 4118 profectos
1153 4038 1185 4096 in
1205 4057 1270 4096 orco
1286 4057 1365 4109 esse,

178 4223 201 4290 1)
217 4225 288 4278 ¹hoca
310 4225 357 4278 hac
380 4224 413 4276 de
436 4239 464 4274 ro
485 4232 600 4276 veterum
615 4225 766 4279 ruemoravit
780 4232 805 4274 ct
820 4222 970 4287 dijudicavit
983 4222 1104 4282 Melum,
1125 4216 1216 4280 (leuch.
1229 4218 1276 4270 der
1288 4219 1363 4268 Wisr.

144 4313 163 4363 1.
180 4312 230 4363 405
249 4328 303 4378 sqq.

178 4395 203 4461 ἵ)
222 4398 252 4448 ll.
272 4394 329 4447 123.

177 4481 204 4548 3)
227 4483 294 4534 Tusa.
314 4484 341 4546 Q.
360 4479 431 4568 V.·3.
