2832 5120
520 265 556 289 *
620 275 677 368 aas

85 437 152 496 Duas
176 432 321 518 explicare
339 435 510 498 studuimus
535 436 567 494 in
589 433 773 517 philosophia
798 436 859 496 veri
885 437 1066 514 quaestiones
1090 455 1158 496 sane
1178 459 1264 518 quam

53 536 228 613 gravissimas,
249 535 382 609 alteram,
404 536 477 614 quid
490 541 532 592 sit
550 535 678 592 discere:
700 535 774 611 quid
788 541 830 592 ait
850 536 974 608 derare,
988 535 1121 597 alteram:
1143 554 1264 616 quarum

52 633 157 692 illa'nos
175 633 261 694 duxit
275 633 312 692 ad
331 634 392 692 veri
413 653 550 705 amorem,
572 621 800 692 animisnostris
820 631 955 707 insitum,
977 634 1070 692 omnis
1091 634 1275 713 cognitionis

52 731 157 790 sontem:
173 733 242 791 haee
259 732 343 790 nohis
355 730 571 812 percipiendam
583 727 718 811 praebuit
730 729 890 792 Socraticae
904 730 1078 811 disciplinae
1089 732 1264 806 ubertatem,

51 843 109 908 quae
127 844 184 889 tota
202 832 271 890 item
289 849 325 888 en
344 827 442 890 eodem
460 828 515 888 hoc
535 828 617 888 fonte
635 827 721 888 ducta
742 840 794 886 est.
835 829 906 886 Nam
928 830 1075 908 utriusque
1095 830 1264 910 explicatio·

56 949 108 988 nem
132 929 306 1006 quaestionis
329 948 389 986 non
408 925 543 1000 aliunde,
570 925 636 999 sed,
663 925 737 984 duce
761 925 894 999 Platone,
921 947 937 984 e
962 925 1105 984 nobismet
1122 928 1207 1008 ipsis,
1229 947 1265 986 ex
1345 971 1347 978 >

54 1026 129 1084 animi
153 1026 243 1085 nostri
267 1039 369 1107 natura
392 1023 581 1084 hauriendam
607 1024 781 1104 putavimus.
823 1016 936 1098 Quibus
962 1022 1125 1105 explicitis,
1148 1027 1267 1088 tandem

12 1143 13 1184 3
54 1125 177 1204 suspicari
197 1127 259 1202 jam
285 1123 368 1182 nohis
392 1122 474 1196 licet,
502 1143 573 1200 quac
597 1123 636 1180 sit
654 1121 814 1184 seeundum
832 1120 980 1184 Platonem
998 1122 1163 1202 eloquentia
1183 1145 1275 1199 vera,
1364 1153 1369 1162 ·

12 1277 13 1296 ,
53 1241 112 1296 quae
131 1223 209 1298 justa
235 1222 383 1284 scribendi
408 1222 496 1296 ratio,
523 1220 673 1280 hominum
700 1222 797 1301 generi
823 1221 984 1280 fructuosa:
1006 1221 1170 1282 ducendam
1190 1223 1268 1282 enim

12 1374 14 1410 ἰ
54 1331 187 1398 utramque
203 1341 240 1378 ex
255 1319 359 1380 iisdem
374 1340 432 1378 esse
449 1319 608 1380 Socraticae
629 1317 802 1399 disciplinae
821 1319 992 1400 principiis,
1013 1319 1204 1400 intelligimus
1220 1323 1270 1381 fa-

12 1419 14 1482 }
53 1416 109 1478 eile.
152 1417 210 1479 Sed
235 1440 268 1477 eo
292 1419 458 1500 priusquam
489 1417 676 1498 progrediar,
712 1418 852 1498 respicere
881 1401 966 1494 jurat
1000 1417 1106 1478 durum
1134 1418 1213 1479 istud
1241 1433 1270 1478 et
1352 1429 1356 1436 ‘

12 1519 13 1522 ’
53 1507 169 1591 ἄμουσον
187 1517 338 1578 hominurn
366 1535 475 1596 genus,
494 1517 544 1594 qui
563 1514 795 1594 ingredientibus
819 1513 904 1576 nohis
928 1515 983 1574 hoc
1012 1517 1067 1576 iter
1091 1515 1129 1575 ad
1158 1519 1270 1577 verita-

12 1619 14 1682 ζ
52 1630 118 1690 tem,
136 1616 231 1697 ipsum
249 1614 362 1682 aditum
379 1611 740 1675 occludereconabautur.
782 1612 976 1674 Clamitabant
996 1615 1064 1690 isti,
1085 1636 1138 1674 nee
1159 1617 1269 1676 verita-
1293 1596 1299 1608 .

53 1728 99 1772 tem
116 1735 173 1778 esse
189 1734 242 1773 nee
258 1712 387 1772 veritatis
401 1731 540 1770 amorem:
563 1710 751 1791 opinionibus
766 1732 817 1780 nos
832 1709 902 1770 duci
921 1726 949 1773 et
970 1713 1067 1772 studio
1082 1715 1269 1794 opinionum,

12 1891 14 1894 Ι
52 1834 110 1890 quas
126 1813 177 1892 qui
197 1811 427 1890 eloquentissime
447 1822 475 1868 et
495 1807 679 1869 multitudini
700 1822 727 1869 et
746 1809 896 1886 juventuti
914 1825 1103 1890 proponeret,
1124 1810 1204 1870 hunc
1233 1812 1271 1872 de

53 1925 160 1990 utraque
177 1910 283 1991 optime
301 1908 412 1968 mereri.
454 1908 511 1966 Nos
530 1927 598 1968 vero
618 1905 697 1965 haud
714 1906 817 1966 morati
837 1906 955 1968 illorum
975 1909 1195 1984 cavillationes,
1214 1911 1272 1969 iter

14 1999 15 2004 ἵ
52 2023 169 2070 nostrum
197 1998 312 2089 placide
338 2019 571 2084 constanterque
586 2005 728 2084 persecuti
757 1993 871 2080 sumus,
893 2018 921 2064 et
943 2005 1001 2066 huc
1023 2007 1084 2084 jam
1108 2008 1271 2088 progressi,

14 2148 16 2186 3
53 2106 163 2185 quidde
182 2099 303 2166 s'eientia
321 2119 348 2166 et
370 2105 524 2185 opinione,
545 2101 617 2181 quid
642 2102 679 2162 de
703 2103 868 2183 Protagorae
894 2105 995 2179 effato,
1016 2123 1180 2166 mensuram
1205 2125 1270 2164 om·-

53 2205 123 2268 nium
141 2225 237 2264 rerum
254 2203 398 2262 hominem
418 2221 476 2264 osse
487 2246 496 2276 ,
516 2199 741 2264 existimandum
760 2201 814 2277 sit,
836 2202 968 2266 nondum
986 2204 1193 2284 perspicimus3
1216 2202 1267 2263 sed
1317 2210 1321 2220 '

12 2363 13 2366 Ἴ
53 2300 95 2362 hoc
122 2316 150 2364 et
168 2301 357 2384 perspicimus
385 2314 413 2361 et
442 2301 544 2360 intimo
569 2300 665 2358 animo
679 2301 942 2379 persentiseimus,
964 2322 1024 2362 esse
1039 2301 1135 2366 nobis
1164 2289 1268 2364 naturh
1352 2372 1353 2380 ἵ

13 2387 14 2390 “
54 2399 168 2460 inditum
189 2401 478 2486 ueritatis'amorem:
501 2411 529 2456 et
552 2397 745 2477 quamvissit
773 2419 877 2478 magna
903 2414 931 2459 et
954 2399 1102 2480 praeclara
1130 2421 1196 2464 oum
1214 2398 1272 2460 elo·

53 2500 159 2576 quentia
178 2500 316 2573 istorum,
337 2511 399 2556 tum
417 2494 577 2555 disserendi
598 2494 760 2570 subtilitas,
781 2497 839 2554 nisi
858 2497 937 2556 hunc
958 2499 1088 2558 excitent
1109 2499 1142 2557 in
1167 2499 1272 2569 animis

12 2663 13 2666 Ἴ
54 2615 183 2671 amorem,
205 2609 341 2677 aptosque
357 2597 480 2674 juvenes
498 2590 644 2667 efficiant,
666 2593 716 2671 qui
731 2614 781 2652 sua
794 2608 896 2675 sponte
911 2595 1151 2676 progrediantur,
1167 2615 1272 2658 vanam

12 2689 18 2716 ¹
55 2692 123 2752 illam
139 2715 197 2754 esse
216 2708 244 2752 et
263 2712 512 2775 supervacaneam.
534 2683 724 2771 Indignamdr
743 2706 857 2767 autem,
876 2694 1017 2754 imovero
1037 2689 1164 2771 ridemus
1181 2693 1273 2754 homi·

55 2813 111 2851 num
130 2792 247 2853 illorum
267 2790 480 2850 absurditatem.
501 2791 573 2848 Nam
592 2788 699 2848 similes
713 2805 781 2849 sunt
801 2791 856 2866 iis,
877 2793 928 2871 qui
947 2792 1123 2853 contendere
1142 2790 1253 2851 audent
1263 2837 1272 2868 ,

55 2893 133 2950 coecis
160 2912 189 2970 se
214 2890 305 2950 oeulis
332 2890 426 2950 visum
455 2887 635 2970 imposituros
662 2908 738 2975 psse:
760 2909 817 2966 quo
844 2887 912 2952 senc
936 2887 1014 2950 nihil
1041 2889 1114 2970 fingi
1129 2877 1271 2970 ‘ineptius

56 2987 251 3067 absurdiusque
281 2987 383 3067 possit·
435 2988 491 3046 Nos
518 3006 611 3060 vero,
641 2985 757 3046 homine
785 2987 910 3048 interius
939 2987 1115 3070 explorato,
1143 3002 1175 3048 ut
1211 2988 1274 3050 veri
1311 2997 1324 3026 0

13 3077 14 3080 ¹
56 3105 166 3147 amorem
193 3088 225 3146 in
255 3089 316 3165 ejus
344 3087 457 3161 animo,
489 3088 529 3146 ita
565 3077 713 3166 ὄργανον,
743 3106 858 3148 sensum
884 3086 1030 3166 quendam
1058 3087 1121 3150 veri
1151 3086 1275 3166 agnori-

57 3203 123 3260 nus,
144 3184 260 3246 oculum
285 3186 408 3260 mentis,
433 3205 489 3264 quo
520 3207 578 3246 uno
607 3188 732 3262 veritas,
752 3185 785 3246 id
813 3185 892 3264 quod
922 3200 982 3261 cst,
1012 3184 1142 3266 conspici
1158 3197 1272 3272 potest.

12 3282 13 3286 ’
57 3281 109 3342 lllis
126 3285 214 3363 igitur
233 3281 380 3358 cedimus,
403 3296 433 3341 ut
456 3283 580 3346 infinitis
599 3284 743 3344 habendis
763 3283 943 3346 orationibus
963 3297 990 3342 et
1008 3281 1111 3346 sibiet
1130 3283 1277 3368 auditori-
1333 3335 1336 3348 2

57 3378 101 3440 bus
117 3381 269 3463 placeant,
290 3382 452 3460 frustraque
477 3380 625 3457 laborent,
657 3397 690 3442 ut
708 3383 763 3442 hac
783 3383 893 3442 ratione
913 3381 1066 3463 discipulis
1085 3382 1278 3462 sapientiam,

60 3492 83 3536 ut
99 3481 188 3540 coecis
215 3470 309 3542 ris'um
319 3525 328 3554 ,
349 3477 516 3561 imponant:
540 3502 592 3539 nos
606 3482 711 3543 mentis
731 3480 894 3541 curabimus
915 3480 1048 3556 oculum,
1062 3474 1116 3556 ut,
1135 3479 1191 3540 hoc
1207 3501 1278 3561 pur-

59 3593 112 3655 gato
129 3581 314 3660 restitutoque
324 3625 333 3656 ,
354 3599 435 3640 mens
453 3570 608 3660 perillum
629 3580 779 3640 scientiam
799 3591 827 3640 et
846 3580 995 3639 veritatem
1016 3591 1195 3658 assequatur:
1216 3597 1276 3655 quo

61 3673 217 3760 disciplinae
246 3676 386 3738 valebunt
405 3663 548 3754 maxime,
569 3700 635 3738 eum
657 3677 750 3752 aliae,
771 3691 833 3738 tum
856 3678 1008 3758 geometria
1033 3690 1061 3736 et
1089 3675 1252 3738 dialectica.

92 3771 186 3848 Sedin
195 3775 309 3835 itineris
322 3777 447 3837 confecti
460 3777 657 3838 recordatione
673 3761 871 3850 lubentissime
881 3796 950 3838 sane
964 3797 1030 3838 cum
1038 3776 1167 3837 Platonis
1182 3789 1276 3836 atton

62 3869 143 3932 dirum
161 3874 193 3934 in
209 3873 389 3956 exploranda
407 3873 533 3936 hominis
553 3889 657 3935 natura
674 3875 874 3956 sagacitatem,
893 3889 955 3935 tum
971 3873 1147 3954 singularem
1167 3875 1201 3936 in
1215 3875 1277 3957 pri·-

63 3966 106 4028 mis
131 3971 250 4032 Socratis
278 3973 427 4034 rationem.
477 3973 557 4034 Unus
585 3973 637 4052 ille
662 3974 695 4032 in
721 3986 781 4032 tota
802 3972 1023 4038 Atheniensium
1050 3973 1168 4032 civitate
1194 3975 1221 4032 ei
1240 3993 1275 4032 se

64 4064 202 4144 objiciebat
220 4069 316 4131 studio
326 4092 400 4150 ‚quo
419 4092 516 4130 omnes
536 4070 718 4130 ducebantur
735 4070 998 4131 vehementissime:
1021 4085 1081 4130 crat
1104 4070 1159 4131 hoc
1179 4085 1274 4130 autem

12 4199 14 4248 ζ
66 4167 176 4228 studium
209 4170 397 4251 eloquentiae.
445 4171 516 4229 Nam
547 4170 713 4249 quicunque
742 4169 790 4229 vel
816 4169 907 4228 literis
940 4169 1135 4252 doctrinisque
1161 4190 1274 4252 operam

12 4255 13 4324 i
68 4266 213 4344 navabant,
235 4269 282 4330 vel
302 4271 333 4327 in
351 4269 500 4350 republica
522 4267 558 4327 ad
578 4268 700 4326 honores
719 4266 955 4343 contendebant,
976 4289 1028 4349 per
1048 4289 1135 4326 unam
1152 4267 1275 4324 maxime

69 4359 239 4445 eloquentiam
259 4367 297 4427 ad
316 4369 510 4448 principatum
530 4368 562 4426 in
579 4366 625 4425 his
644 4363 799 4424 studebant
818 4367 982 4446 pervenire.
1012 4367 1076 4447 Ipse
1096 4365 1167 4424 adeo
1185 4343 1274 4446 pdpu-

71 4453 107 4516 lut
122 4483 179 4524 cun
197 4468 227 4526 in
245 4468 310 4526 foro
321 4511 328 4540 ‚
350 4480 411 4524 tum
431 4465 586 4527 incastris
609 4463 685 4523 nihil
712 4461 836 4554 habebat
861 4467 978 4526 suavius
1004 4469 1170 4545 potiusque,
1191 4485 1278 4548 quam
