2872 5122
753 279 809 336 1³0

164 438 257 498 cendo
285 458 504 517 recognoscere,
536 457 589 496 nec
614 457 683 498 vero
700 437 763 498 fieri
795 439 856 501 ullo
886 436 970 496 ruodo
998 455 1096 517 posse,
1129 447 1194 492 uta
1222 436 1315 516 pueris
1341 446 1375 493 tot

164 557 260 596 rerum
283 549 366 614 atque
389 549 534 594 tantarum
559 535 660 598 insitas
683 547 711 594 et
734 537 816 616 quasi
845 535 1026 614 consignatas
1049 533 1081 592 in
1105 530 1211 591 animis
1239 532 1374 606 notiones,

162 627 233 713 qua's
257 629 366 707 ἐννοίας
396 647 517 707 vocant,
547 633 734 708 haberemus,
752 635 823 708 ,nisi
851 635 982 713 animus,
1004 645 1155 708 antequam
1176 629 1208 688 in
1227 651 1326 711 corpus
1339 632 1374 689 in·

163 736 311 809 travisset,
338 736 370 794 in
399 753 493 790 rerum
526 732 689 811 cognitione
715 734 860 812 viguisset.
873 757 887 788 u
917 729 944 812 l)
980 729 1130 792 Sermones
1162 725 1226 785 illic
1260 725 1375 786 Socrates

162 853 227 890 cum
248 833 421 914 Simmiagin
444 831 545 911 primis
574 843 602 888 et
627 831 731 890 Cebete
752 831 788 891 de
808 831 932 912 pristina
950 828 1074 908 quadam
1093 826 1183 885 animi
1204 826 1264 886 vita
1282 826 1375 899 habet,

160 951 244 1008 quarn
252 945 401 1012 postquam
415 951 451 988 ex
464 931 631 1008 geometriae
644 929 803 1010 disciplina
817 930 908 988 effecit
930 927 1070 1007 «quodsi,
1090 925 1201 1004 inquit,
1221 946 1237 984 o
1252 924 1375 997 Simmia,

161 1051 221 1088 non
248 1030 301 1089 hoc
331 1029 416 1088 modo
443 1027 499 1087 tibi
526 1048 587 1085 rem
603 1027 774 1108 persuades,
796 1028 855 1087 alio
883 1024 1096 1087 consideranda
1125 1036 1183 1098 est;
1212 1037 1246 1082 et·
1263 1023 1376 1103 primum

160 1127 277 1206 quidem
297 1126 511 1207 quaerendum,
533 1125 605 1204 quid
625 1127 662 1186 sit
682 1125 826 1184 recordari
837 1171 846 1201 ,
867 1139 928 1184 tum
947 1127 1091 1197 maxime,
1113 1142 1183 1182 num
1201 1120 1259 1178 alia
1278 1122 1376 1180 ratione

162 1224 241 1299 ulla,
262 1247 347 1303 quam
376 1225 572 1300 recordando,
594 1223 631 1283 ad
659 1245 756 1282 rerum
775 1225 914 1304 possimus
933 1223 1082 1283 scientiam
1102 1219 1264 1303 pervenire.
1272 1243 1286 1276 ιι
1329 1219 1376 1278 Hic

160 1323 288 1383 Socrates
310 1346 368 1383 rem
397 1325 535 1382 continuo
563 1322 695 1403 exemplo
726 1322 871 1398 illustrat,
898 1344 935 1382 ex
960 1321 1132 1410 amantium,
1154 1335 1186 1380 ut
1213 1317 1299 1391 solet,
1319 1317 1376 1376 ami·

160 1442 294 1506 gorumve
322 1421 530 1482 consuetudine
558 1421 657 1501 petito.
702 1422 854 1496 «Constat,
884 1420 998 1499 inquit,
1019 1418 1260 1498 siquistalicujus
1281 1415 1376 1494 negotii

160 1520 360 1582 recordaturus
381 1522 435 1594 sit,
455 1511 570 1577 necesse
590 1539 661 1594 esse,
684 1532 716 1577 ut
734 1518 812 1590 illud
832 1519 999 1598 cognoverit
1017 1531 1109 1576 antea.
1139 1517 1186 1575 Fit
1205 1507 1301 1576 autem
1319 1517 1376 1585 hoc,

160 1615 302 1694 siquando
330 1619 411 1697 quis,
433 1615 563 1676 sensibus
582 1631 717 1698 percepta
738 1638 768 1676 re
788 1615 905 1696 aliqua,
926 1615 1013 1674 aliam
1032 1614 1128 1674 simul·
1138 1613 1377 1700 percipit„c11jm

161 1735 220 1774 non
240 1714 339 1774 eadem
357 1716 437 1775 notio
457 1727 514 1790 est,
537 1729 598 1775 tum
617 1736 682 1773 eum
702 1713 734 1795 2)
755 1715 879 1774 dicimus
897 1716 958 1792 ejus
976 1714 1018 1772 rei
1036 1713 1202 1789 reminisci,
1224 1713 1308 1791 cujus
1324 1731 1376 1793 per·

161 1828 274 1893 ceperat
293 1815 448 1872 notionem.
470 1813 553 1888 Alia,
575 1827 606 1871 ut
624 1812 678 1872 hoc
696 1828 771 1888 utar,
787 1812 931 1887 hominis,
944 1811 1010 1872 -alia
1029 1812 1110 1893 lyrae
1121 1812 1201 1872 notio
1212 1825 1254 1870 est
1263 1834 1271 1887 ;
1283 1810 1377 1869 scimus
1425 1873 1426 1876 Ἴ

160 1931 229 1970 vero
247 1910 438 1984 amatoribus,
461 1911 509 1969 ubi
526 1910 637 1991 lyram,
659 1911 706 1972 vel
725 1925 849 1990 vestem,
870 1909 918 1971 vel
936 1909 1032 1985 aliud,
1052 1931 1109 1988 quo
1129 1923 1251 1969 utuntur
1261 1910 1377 1990 ipsorum

161 2009 278 2082 amasii,
306 2008 426 2082 vident,
456 2008 513 2067 tale
530 2007 602 2085 quid
617 2010 751 2068 evenire:
774 2022 933 2088 agnoscunt
951 2007 1044 2087 lyram
1063 2020 1091 2065 et
1109 2021 1204 2066 mente
1224 2006 1282 2065 sibi
1302 2002 1377 2064 simul

160 2105 260 2166 amasii
277 2105 405 2174 ‚formam
433 2119 664 2185 repraesentant,
694 2107 776 2182 cujus
804 2120 844 2165 est
863 2105 946 2185 lyra;
969 2104 1002 2163 id
1019 2103 1179 2163 recordatio
1198 2118 1259 2178 est,
1289 2101 1377 2184 prouti
1425 2145 1426 2158 ι

160 2205 247 2277 item,
266 2202 382 2282 quando
402 2203 486 2282 quis,
507 2202 625 2262 Simmia
645 2217 796 2284 conspecto
816 2225 916 2285 saepe,
938 2203 1052 2262 Cebetis
1071 2195 1259 2262 recordatur(
1278 2201 1336 2260 Sed
1353 2212 1378 2257 ut

161 2300 314 2360 dissimilia
338 2300 500 2360 instaurant
524 2299 602 2380 apud
627 2323 678 2360 nos
704 2321 799 2388 rerum
818 2301 866 2360 vel
886 2300 1036 2361 hominum
1061 2299 1325 2374 reminiscentiam,
1345 2299 1377 2356 ita

161 2399 246 2458 etiam
263 2397 378 2457 similia.
400 2398 465 2472 Fit,
487 2412 518 2457 ut
533 2400 597 2478 quis
617 2421 688 2478 equo
708 2413 859 2480 conspecto
874 2400 952 2480 picto
971 2398 1018 2460 vel
1038 2396 1101 2477 lyra
1121 2412 1273 2479 conspecta
1291 2399 1377 2478 picta,

81 2481 83 2487 ¹
161 2496 303 2572 hominis,
333 2517 365 2555 ac
376 2542 385 2572 ,
416 2496 532 2555 Simmia
560 2511 712 2577 conspecto
731 2499 809 2578 picto
819 2495 835 2572 ,¹
850 2497 962 2558 cebetis
982 2495 1164 2558 recordetur:
1187 2494 1220 2553 lit
1248 2495 1333 2569 item,
1353 2507 1378 2552 ut

161 2597 243 2674 quis,
266 2595 383 2655 Simmia
401 2609 552 2674 conspecto
570 2595 666 2675 picto,
693 2596 782 2676 ipsius
802 2595 966 2655 recordetur
986 2593 1129 2653 Simmiae.
1171 2593 1282 2668 Quodsi
1304 2593 1378 2652 simi·
1424 2593 1425 2632 ἶ

162 2693 202 2752 lia
221 2707 337 2754 mouent
356 2693 435 2772 apud
453 2714 506 2752 nos
524 2694 565 2751 rei
585 2692 634 2752 vel
654 2691 780 2752 huminis
799 2692 1045 2766 recordationem,
1060 2691 1166 2754 accidit
1185 2690 1270 2750 nobis
1290 2712 1376 2750 neces·

161 2791 253 2862 sario,
275 2802 325 2861 ut,
346 2804 442 2848 utrum
461 2777 536 2850 desit
554 2790 668 2869 aliquid
686 2791 724 2849 ad
738 2790 977 2865 similitudinem,
995 2811 1048 2850 nec
1064 2809 1115 2862 ne,
1135 2804 1329 2869 reputemus.»
1352 2787 1378 2868 3)

162 2885 246 2960 Quod
276 2900 306 2944 ut
334 2888 539 2968 animadvertit
565 2888 692 2949 Socrates
719 2891 874 2970 sagaciter,
896 2903 997 2970 sponte
1015 2888 1056 2946 sic
1076 2885 1114 2944 ad
1138 2885 1216 2944 ideas
1235 2878 1377 2966 procedit,

160 3006 230 3064 quas
250 2984 333 3045 nobis
351 2987 383 3044 in
403 3001 526 3046 mentem
546 3007 697 3062 revocare,
726 2989 782 3046 nisi
802 3009 854 3069 per
873 3009 918 3046 res
937 2985 1067 3046 sensibus
1088 2983 1228 3062 subjectas
1256 2999 1284 3044 et
1308 2986 1375 3044 simi·

161 3083 222 3157 les,
244 3103 303 3144 non
333 3105 489 3164 possumus.
535 3084 656 3144 «Veluti
674 3086 792 3165 aequale
820 3107 896 3161 esse,
926 3085 1040 3162 inquit,
1061 3081 1203 3154 dicimus,
1223 3103 1281 3142 esse
1300 3085 1376 3143 etiam

162 3201 206 3241 res
225 3183 374 3261 aequales,
401 3197 432 3241 ut
452 3182 581 3262 lapides,
603 3182 702 3263 ligna,
733 3183 808 3244 alia:
840 3183 910 3242 haec
939 3178 1146 3244 viderinobis
1173 3177 1231 3238 alio
1259 3193 1377 3262 tempore

164 3279 311 3358 aequalia,
332 3280 390 3339 alio
411 3280 573 3358 inaequalia
590 3295 726 3362 possunt:
748 3303 808 3341 non
827 3283 894 3340 item
914 3279 1048 3360 aequale:
1071 3279 1166 3358 ipsum
1189 3279 1306 3356 aequale
1324 3301 1376 3338 non

161 3398 219 3436 esse
240 3377 390 3457 inaequale
408 3393 508 3458 potest.
535 3381 696 3438 Perfectum
714 3380 767 3438 hoc
790 3394 850 3455 cst,
871 3379 951 3454 illis,
972 3400 1028 3457 quo
1047 3376 1144 3435 minus
1161 3376 1288 3456 perfecta
1307 3379 1376 3449 sint,

161 3474 273 3553 aliquid
302 3475 390 3535 deest.
432 3477 493 3536 Hoc
521 3492 615 3537 autem
641 3473 738 3552 idem,
766 3478 861 3559 ipsum
889 3478 1023 3558 aequale,
1045 3467 1121 3536 uv'rd
1142 3467 1180 3534 td
1201 3467 1284 3548 ἴσον,
1306 3472 1375 3535 unde
1423 3507 1424 3512 κ

160 3574 362 3654 percepimus?
384 3575 429 3634 Ειι
447 3595 541 3634 rerum
554 3559 682 3656 profecto
696 3576 859 3655 aequalium
875 3575 1122 3652 consideratione,
1141 3577 1202 3636 sive
1217 3577 1310 3635 oculis
1317 3573 1375 3633 illas
1423 3575 1424 3590 ¹

161 3672 222 3731 sive
238 3671 295 3730 alio
314 3694 485 3754 quocunque
501 3693 584 3732 sensu
598 3675 826 3756 perceperimus,
850 3673 945 3734 deesse
965 3675 1001 3736 iis
1019 3674 1132 3754 aliquid
1151 3674 1324 3747 sentientes,
1343 3668 1375 3728 ad

161 3769 254 3849 ipsum
272 3769 348 3829 illud
364 3773 523 3851 perfectum
539 3772 693 3851 exegimus.
725 3772 921 3832 Veruntamen
936 3773 1029 3831 facere
1046 3772 1105 3832 hoc
1116 3793 1176 3832 non
1186 3773 1373 3852 potuissemus,

161 3867 217 3924 nisi
249 3882 332 3926 antea
360 3871 587 3947 cognovissemus
607 3870 702 3945 illud,¹
732 3892 811 3930 nunc
831 3885 924 3930 autem
943 3890 1065 3942 essemus
1083 3870 1211 3947 ejusdem
1230 3866 1377 3929 recordati:

160 3962 239 4034 Quid
256 3965 361 4043 igitur?
383 3966 500 4026 Scilicet
516 3968 660 4047 superiore
676 3968 800 4047 quadam
815 3969 875 4031 uita
890 3968 987 4028 animo
1004 3968 1035 4028 id
1046 3969 1257 4048 perceperimus
1269 3983 1372 4026 necesse

193 4189 218 4254 1)
238 4189 291 4242 Cic.
314 4192 382 4243 Tusc.
425 4194 469 4244 .l.
488 4191 529 4244 24.

193 4279 220 4344 2)
237 4282 330 4333 Ptoed.
346 4195 424 4336 733
448 4271 495 4357 ἆρ’
516 4273 584 4357 οὐχὶ
605 4278 692 4338 τοῦτο
715 4278 833 4360 δικαίως
853 4276 986 4360 λέγομεν,
1009 4273 1056 4341 ὅτι
1077 4270 1251 4360 ἀνεμνήσθη
1273 4267 1308 4338 οὗ
1326 4265 1371 4351 viv

161 4368 269 4436 ἔννοιαν
290 4369 404 4454 diripiam
427 4388 575 4458 legendum
591 4399 708 4456 putamus
726 4399 752 4441 et
767 4391 939 4456 expressimus
952 4390 1093 4452 vertendo,
1112 4378 1223 4441 τοῦτσν.

192 4476 217 4543 3)
237 4479 296 4530 Eud.
