2898 5120
729 233 788 294 528

154 403 296 465 libertatis
322 400 504 483 participem:
535 412 563 460 et
590 411 665 460 recte
692 397 902 479 quidemilli,
931 421 987 479 quo
1015 400 1103 480 magis
1126 397 1194 460 iude
1220 397 1363 474 efficiant,

134 523 233 586 ·posse
252 513 338 562 semet
355 499 449 581 ipsum
476 498 614 579 corrigere
633 517 664 557 ae
683 496 819 579 perlicere
838 497 992 559 bominem.
1033 498 1093 578 Ego
1112 517 1180 559 tero
1198 519 1256 558 uon
1274 498 1363 557 ausim

153 601 186 661 id
205 600 336 660 universe
354 597 390 658 de
404 597 552 656 homiuum
571 616 672 677 genere
689 616 835 677 usurpare.
876 597 947 656 Nam
965 597 1049 677 pauci
1068 595 1236 672 admodum,
1265 597 1287 656 si
1306 617 1363 654 rem

154 700 208 759 rite
229 695 473 780 perspexerimus,
493 714 590 775 reapse
619 691 704 753 liberi
732 707 817 756 sunt:
839 695 943 755 caeteri
969 693 1103 754 libertate
1129 695 1229 754 morali
1257 707 1362 754 carent

72 827 78 838 ·
153 797 224 878 Regi
252 796 328 858 enim
356 814 414 854 sese
444 815 460 852 a
488 791 698 873 cupiditatibus
726 785 957 871 libidinibusque
986 791 1045 852 suis
1071 793 1112 851 ita
1136 792 1304 874 patiuntur,
1335 804 1364 851 ut

154 916 267 976 prorsus
293 894 352 972 sint
378 893 414 951 iis
442 891 584 951 submissi.
625 891 683 950 Neo
711 909 779 951 vero
805 890 837 952 id
857 891 1111 952 vehementissimis
1130 904 1242 952 tantum
1260 890 1364 950 vilissi-

154 993 262 1072 misque
288 988 496 1071 cupiditatibus
522 987 710 1049 tribuendum
736 1002 796 1066 est;
825 988 961 1056 similiter
987 987 1139 1070 imperium
1164 989 1197 1049 in
1224 1009 1276 1048 nos
1291 1007 1367 1048 exer·

153 1103 220 1150 cent
244 1109 277 1148 ac
305 1087 490 1148 dominantur
509 1086 595 1168 plane
612 1107 677 1146 cum
699 1086 795 1146 minus
810 1086 920 1166 abjecta
939 1086 1158 1166 honestioraque
1178 1085 1290 1163 studia,
1310 1099 1368 1146 tum

59 1197 70 1218 ⁶
154 1187 305 1268 opiniones
331 1184 551 1266 praejudicatae.
599 1184 653 1243 His
685 1199 780 1245 autem
807 1187 872 1265 quis
900 1185 1018 1246 tandem
1048 1185 1211 1245 mortalium
1237 1197 1291 1261 est,
1321 1185 1369 1263 qui

155 1285 244 1368 plane
261 1305 289 1344 se
306 1284 430 1344 liberum
448 1283 537 1366 possit
554 1281 743 1364 praedicare?
782 1282 970 1358 Quamobrem
984 1304 1044 1343 non
1060 1284 1148 1364 magis
1165 1282 1273 1357 libera,
1308 1303 1369 1342 uam

154 1383 269 1464 sapiens
286 1395 344 1460 ‚aut
372 1381 497 1462 perfecta
525 1395 645 1457 natura,
665 1381 750 1441 bomo
775 1379 917 1441 dicendus
945 1394 1004 1456 est,
1025 1383 1132 1464 quippe
1150 1403 1210 1442 non
1233 1382 1321 1461 magis
1339 1379 1369 1440 li·

155 1480 273 1541 bertatis
301 1479 431 1554 moralis,
461 1499 545 1559 quam
565 1480 721 1561 sapientiae
742 1499 774 1538 ac
792 1479 976 1561 perfectionis
993 1480 1155 1562 particeps..
1188 1479 1226 1540 Et
1244 1497 1312 1540 vero
1329 1493 1369 1558 ty·

155 1579 292 1646 rannicus
320 1578 373 1638 iste
400 1577 485 1638 bomo
508 1577 622 1638 belluae
649 1592 691 1637 est
716 1577 830 1659 potius,
860 1575 982 1663 praedae
1008 1577 1150 1638 inhiantis
1183 1597 1249 1637 suae
1274 1577 1371 1656 suique

155 1676 320 1759 impotentis
348 1697 479 1758 prorsus,
510 1697 595 1757 quam
622 1675 729 1736 liberae
760 1688 878 1736 naturae
903 1674 1016 1735 similis.
1056 1675 1167 1750 Quodsi
1194 1676 1370 1757 quaerimus,

155 1774 393 1857 quemadmodum
422 1774 485 1835 lieri
508 1774 593 1835 homo
619 1773 761 1834 libertatis
788 1772 903 1833 moralis
924 1773 1069 1854 particeps
1089 1775 1197 1854 possit,
1217 1773 1254 1832 ab
1271 1773 1325 1833 boc
1341 1773 1371 1832 iu

158 1873 258 1956 primis
286 1873 405 1932 immani
431 1873 626 1954 ferissimoq‘ue
650 1873 713 1942 viro
736 1872 900 1950 conjectura
918 1870 1043 1952 petenda
1064 1884 1124 1947 est,
1146 1885 1197 1949 ut,
1217 1893 1288 1952 quae
1303 1871 1371 1950 justi

157 1974 195 2032 sit
220 1971 277 2034 viri
303 1970 451 2047 conditio,
471 1987 661 2052 assequamur.
702 1970 800 2032 Prouti
824 1969 856 2028 in
882 1968 934 2028 illo
960 1970 1038 2028 omni
1056 1970 1224 2032 auctoritate
1242 1970 1370 2032 destituta

156 2070 229 2130 ratio
249 2081 309 2143 est,
329 2081 430 2148 atquc,
450 2068 489 2130 ad
507 2069 582 2128 banc
600 2069 688 2129 ferme
704 2066 877 2143 delendam,
904 2060 939 2127 τά
957 2064 1117 2151 θυμοειδὲς
1138 2071 1169 2132 ri
1190 2091 1242 2130 sua
1259 2062 1294 2130 τά
1311 2061 1370 2128 ι’πι·

158 2159 327 2250 θυμητικάν
351 2169 434 2246 juvat
460 2188 493 2228 ae
518 2166 699 2242 corroborat,
720 2169 759 2226 ita
779 2166 812 2225 in
832 2165 886 2226 boc
905 2169 1060 2230 submissae
1079 2171 1187 2230 rationi
1207 2170 1366 2256 cupiditates

158 2283 243 2345 sunt,
274 2269 395 2348 imperat
422 2267 512 2342 ratio,
542 2287 678 2346 opemque
708 2268 735 2327 ei
761 2258 863 2343 θνμάς
886 2268 966 2328 affert
990 2268 1029 2336 ad
1047 2253 1177 2328 animum
1194 2283 1284 2328 totum
1297 2280 1368 2328 reete

153 2363 386 2448 gubernandum.
436 2363 492 2422 Hic
529 2377 623 2422 autem
648 2363 700 2424 ille
728 2380 783 2442 cst,
814 2367 863 2448 qui
890 2363 1037 2430 verissime
1061 2366 1176 2427 demum
1203 2366 1265 2427 diei
1287 2365 1372 2426 libera

157 2478 280 2538 natura,
309 2464 390 2521 homo
417 2463 510 2536 liber,
539 2462 644 2541 possit,
665 2483 804 2543 quemque
827 2485 923 2526 omnes
942 2464 1069 2541 imitari,
1090 2465 1141 2544 qui
1159 2464 1304 2526 libertatis
1323 2486 1372 2526 mo·

158 2563 225 2624 ralis
250 2560 404 2643 participes
432 2579 490 2618 esse
509 2559 650 2640 cupiunt,
677 2576 795 2641 oportet.
843 2562 923 2622 Talis
951 2561 1061 2622 scilieet
1088 2562 1233 2623 Socratica
1262 2563 1317 2624 illa
1340 2575 1373 2623 est

157 2655 325 2744 αὐτάρκεια,
356 2659 414 2718 imo
442 2650 647 2740 circumirem,
677 2679 762 2738 quam
793 2658 939 2742 praeclare
976 2660 1008 2720 in
1041 2660 1200 2720 Menoeceo
1228 2661 1375 2743 descripsit

158 2766 247 2826 Plato.
282 2755 366 2846 Ὅτῳ
385 2754 442 2842 γάρ
464 2755 551 2843 οἷνδρὶ
567 2758 606 2834 εἰς
621 2753 729 2820 {eorda
750 2750 912 2840 ἀνήρτηται
930 2749 1026 2818 πάντα
1044 2751 1083 2820 τά
1101 2754 1179 2842 πρός
1195 2752 1377 2840 εὖδαιμονάα

158 2858 286 2947 φέροντα
309 2858 329 2945 ἢ
355 2857 439 2944 ἔγγάς
465 2856 586 2936 τούτου,
608 2859 656 2921 καὶ
679 2855 724 2942 μή
744 2856 774 2922 ἓν
798 2852 894 2933 ἄλλοις
917 2852 1266 2943 οἷνθράποιςαῑωρεῖται
1286 2855 1319 2934 ἔξ
1341 2851 1377 2924 dv
1441 2837 1442 2854 .

158 2960 179 3049 ἢ
208 2959 241 3028 erl
266 2961 287 3050 ἢ
318 2965 412 3039 κακῶς
437 2958 610 3048 πραξάντων
638 2961 808 3024 πλανᾶσθαι
833 2955 1011 3044 ἠνάγκασται
1037 2960 1086 3023 καὶ
1112 2957 1244 3024 roissiaco
1250 3009 1261 3039 ,
1288 2957 1378 3048 τούτῳ

159 3063 265 3152 άριστα
289 3061 516 3151 παρεσκεύασται
541 3065 605 3148 ζῆν·
634 3055 721 3140 οὗτός
745 3059 821 3156 ξοτιν
841 3057 859 3126 α’
880 3057 1011 3146 σώφρων
1031 3062 1080 3126 καὶ
1101 3053 1189 3140 οὗτος
1210 3059 1229 3126 o‘
1251 3061 1379 3146 ἀνδρεῖος

159 3170 207 3233 καὶ
235 3166 393 3255 φρόνιμος·
419 3159 519 3244 οὗτος,
545 3161 722 3250 γιγνομὲνων
742 3159 908 3250 χρημάτων
928 3163 978 3226 καὶ
998 3164 1113 3228 παίδων
1133 3165 1183 3228 καὶ
1205 3167 1375 3250 διαφθειρο-

159 3269 273 3352 μένων,
294 3266 421 3351 μάλιστα
441 3268 568 3333 πείσεται
593 3267 634 3356 τῇ
660 3266 819 3354 παροιμίᾳ·
841 3261 906 3330 οὔτε
927 3261 985 3350 γάρ
1007 3266 1122 3350 χαίρων
1143 3262 1211 3330 odet
1234 3262 1378 3349 λοποάμε-

160 3398 209 3450 νος
239 3367 313 3455 άγαν
334 3366 494 3454 φανήσεται
516 3367 570 3434 διά
588 3367 626 3433 τά
650 3365 731 3456 αὐτῷ
756 3365 935 3432 πεποιθέναι.
961 3371 990 3452 1)
1038 3372 1129 3446 Quem
1156 3370 1253 3432 locum
1278 3373 1378 3432 diserte

163 3478 303 3560 expressit
313 3477 425 3536 Cicero:
447 3497 517 3552 nom
527 3483 577 3533 cui
593 3485 658 3534 viro
676 3497 711 3533 ee
730 3496 759 3532 so
770 3481 832 3550 ipso
842 3483 912 3551 opto
928 3480 1000 3532 sunt
1018 3478 1136 3544 omnio,
1157 3492 1235 3548 quoe
1249 3473 1379 3530 adlecta

110 3602 118 3621 ·
161 3579 319 3638 vivendum
327 3578 461 3652 ferunt,
481 3595 533 3632 nec
543 3619 552 3648 ,
564 3571 712 3651 'suspenso
730 3573 861 3630 oliorum
880 3579 936 3633 out
953 3572 1022 3628 bono
1040 3590 1112 3626 coare
1132 3578 1189 3627 aut
1207 3579 1376 3642 contrario,

160 3679 289 3756 pendere
318 3696 353 3733 ον
380 3675 509 3730 αἰωνίαν
536 3679 648 3731 eventio
674 3680 703 3729 et
729 3690 835 3728 errare
856 3653 1027 3749 'coguntur,
1047 3668 1117 3724 larcio
1136 3674 1246 3744 optime
1264 3669 1378 3726 visendi

163 3785 243 3834 ratio
269 3782 442 3852 comparato
472 3781 533 3829 est:
555 3771 603 3840 bic
622 3779 666 3829 ost
687 3771 742 3827 illc
756 3769 948 3842 moderatus,
967 3768 1015 3824 tic
1033 3767 1153 3840 fortis,
1173 3766 1224 3822 die
1244 3775 1377 3842 sapiens,

165 3877 212 3933 lric
222 3920 230 3949 ‚
256 3885 284 3932 ct
302 3872 491 3929 nascentibus
505 3879 535 3927 et
552 3869 809 3927 cadentiluccum
827 3859 954 3943 reliquis
971 3864 1125 3923 conmodis
1135 3907 1144 3940 ,
1165 3873 1233 3922 tum
1250 3873 1378 3924 mosim

166 3975 268 4030 liberis
278 4015 286 4045 ‚
297 3958 420 4046 parebit
436 3979 464 4027 et
480 3968 589 4027 obediet
601 3976 760 4046 praecepto
777 3967 827 4023 tlte·
846 3971 960 4022 veteri:

265 4064 365 4144 Neque
384 4075 465 4125 enim
486 4069 651 4126 lactabitur
670 4086 818 4143 unquam,
839 4084 890 4121 nec
911 4063 1050 4121 maerebit
1070 4065 1181 4133 nimis,

202 4201 207 4212 ‹
267 4163 349 4244 Quod
369 4186 482 4242 semper
502 4173 535 4222 ι’νν
556 4187 585 4224 νο
605 4173 667 4243 ipso
687 4186 798 4224 munem
819 4183 897 4242 spem
917 4169 1037 4238 reponet
1057 4166 1116 4226 ιιιὶ.
1136 4154 1169 4236 2)

197 4340 222 4404 1)
241 4343 337 4394 Mortem.
355 4337 413 4391 247.
430 4339 460 4391 E.

197 4426 223 4492 2)
243 4427 292 4479 cic.
312 4426 381 4479 Τινιο.
397 4426 425 4489 Q.
440 4425 470 4476 V.
490 4423 528 4476 12.
