2898 5120
690 267 749 327 4‘19

83 450 162 509 ferro
195 437 395 520 aggrediatur:
426 437 500 496 tales
526 436 602 516 finge
630 447 732 494 nautas
754 434 793 494 ad
814 432 1035 515 gubernatorem
1054 427 1140 489 illum
1159 427 1325 508 confluere,

84 541 233 600 obsecrare
261 536 427 616 obnixeque
456 534 650 609 contendere,
681 547 714 592 ut
744 533 815 614 ipsis
843 529 1039 612 gubernacula
1065 523 1177 588 tradat:
1200 530 1325 592 subinde

84 637 176 712 adeo,
207 636 257 695 ubi
279 655 339 694 non
358 634 554 715 persuaserint
574 633 650 713 ipsi,
671 630 723 690 sed
741 631 812 705 alii,
834 630 886 689 bos
905 628 972 687 illos
992 627 1040 688 vel
1059 628 1221 708 perimere,
1240 630 1290 690 vel
1310 651 1326 688 e

84 737 155 796 uari
182 737 304 813 ejicere,
332 755 364 791 ac
391 747 584 812 postremum,
606 731 683 789 bono
704 728 756 787 illo
777 729 861 788 navis
881 727 1016 808 principe
1036 747 1088 806 per
1108 725 1326 807 mandragoram

85 833 133 895 vel
160 833 263 893 vinum
294 843 433 910 occupato
458 830 633 908 vinctoque,
653 827 891 908 gubernationem
918 824 1003 886 navis
1021 824 1166 903 arripere,
1188 845 1327 910 praesen-

84 931 167 992 tibus
193 929 280 988 rebus
310 929 372 1002 uti,
405 931 475 988 vino
503 941 531 986 et
556 926 650 1007 epulis
678 925 831 1005 indulgere
858 938 944 1002 atque
962 923 1003 980 ita
1020 921 1255 1001 gubernare,·ut
1273 924 1329 982 bu-·

80 1027 211 1108 jusmodi
246 1026 379 1085 homines
413 1025 623 1104 gubernaturos
660 1023 824 1084 verosimile
860 1035 921 1080 est:
963 1041 1061 1080 omnes
1089 1035 1235 1101 praeterea
1261 1043 1327 1080 eum

85 1126 226 1199 laudare,
256 1145 320 1182 eum
349 1137 466 1182 nautam
495 1135 526 1180 et*
552 1122 773 1202 gubernatorem
803 1139 925 1192 vocare,
954 1138 1039 1192 eum,
1059 1139 1133 1196 quae
1160 1119 1197 1178 ad
1226 1117 1327 1179 navem

85 1237 238 1306 spectant,
269 1221 393 1294 callere,
425 1221 592 1298 quicunque
620 1219 658 1280 ad
686 1220 770 1279 navis
801 1214 1000 1299 usurpandum
1029 1217 1248 1304 principatum,
1279 1219 1327 1278 vel

84 1322 274 1404 persuasione
303 1319 351 1380 vel
380 1319 410 1377 vi
439 1317 577 1399 opitulari
602 1319 673 1399 ipsis
701 1317 809 1398 possit,
830 1317 882 1396 qui
902 1335 971 1374 vero
994 1313 1026 1372 id
1050 1335 1110 1373 non
1130 1317 1238 1394 possit,
1261 1331 1328 1376 tan-

83 1441 175 1500 quam
194 1416 329 1476 inutilem
351 1416 535 1496 vituperare;
558 1416 621 1475 reri
642 1429 737 1475 autern
754 1413 955 1496 gubernatoris
973 1410 1101 1472 officium
1122 1434 1160 1472 ne
1179 1417 1328 1496 suspican-

1377 602 1395 634 0

85 1533 136 1577 tes·
158 1515 296 1596 quidem,
329 1535 443 1572 necesse
471 1512 518 1572 illi
549 1533 626 1588 esse,
649 1527 681 1572 ut
709 1516 849 1574 rationem
870 1511 976 1570 habeat
996 1512 1086 1586 anni,
1107 1524 1328 1594 tempestatum,
1391 1575 1397 1582 ,

85 1615 183 1689 coeli,
213 1627 370 1686 astrorum,
403 1611 799 1692 ventorum,‘omniumque,
832 1631 903 1690 quae
930 1608 968 1669 ad
989 1599 1085 1668 ¹artem
1113 1615 1283 1691 pertinent,
1304 1615 1328 1673 si

84 1713 265 1793 gubernator
292 1711 357 1789 quis
380 1709 465 1768 navis
494 1729 524 1766 re
553 1729 622 1770 vera
650 1711 767 1769 futurus
791 1723 848 1768 est:
870 1722 902 1767 ut
931 1728 1000 1768 tero
1019 1707 1178 1787 gubernet,
1199 1711 1262 1770 sive
1280 1731 1329 1772 vo·

85 1810 221 1872 lentibus
242 1807 438 1888 quibusdam,
469 1808 531 1866 sive
558 1808 680 1883 invitis,
712 1807 800 1884 hujus
828 1808 921 1888 ipsius
948 1820 1037 1864 artem
1061 1807 1174 1865 nullam
1196 1823 1331 1889 putantes

85 1910 186 1990 accipi
204 1927 285 1988 posse
302 1906 389 1965 simul
415 1918 444 1964 et
474 1904 706 1984 gubernatoriam
725 1905 903 1965 facultatem.
957 1896 1109 1964 Τοιούτων
1129 1899 1170 1986 δη
1191 1906 1259 1987 περὶ
1277 1901 1331 1982 τοὶς

85 2007 161 2080 ναῦς
191 1993 384 2086 γιγνομένων,
421 1996 472 2064 τὸν
501 1991 546 2075 οἷς
572 1996 701 2084 ἀληθῶς
725 1999 934 2087 κυβερνηνωόν
962 2000 1021 2086 οὐχ
1046 2001 1116 2088 η’γεῖ
1138 2002 1175 2068 ἂν
1201 2009 1247 2095 τῷ
1268 2004 1331 2072 ὄντι

84 2099 338 2189 μετεωροσκόπον
358 2127 389 2166 te
410 2102 459 2164 καὶ
477 2098 646 2187 ἀδολέσχην
667 2106 717 2166 καὶ
733 2099 891 2188 ἄχρηστόν
912 2129 996 2189 σφισι
1016 2113 1172 2173 subicitur
1192 2104 1254 2174 aiud
1271 2114 1333 2178 τῶν

87 2211 120 2272 ἒν
153 2212 221 2282 ταῖς
251 2199 329 2268 οὕτω
357 2201 635 2285 κατεσκευασμέναις
667 2206 753 2270 νοννσὶ
783 2203 965 2291 πλωτήρωνς
996 2215 1067 2272 boec
1094 2221 1122 2273 ον’
1139 2211 1266 2275 ν’νινονν·
1284 2222 1342 2278 ito*

64 2336 153 2374 oeae
183 2313 331 2384 babeant,
361 2332 458 2368 arnone
486 2331 591 2368 oerum
615 2312 849 2390 gubernatorem
867 2334 968 2372 censes
986 2316 1023 2372 od
1042 2314 1127 2388 illie,
1147 2323 1201 2391 qui
1219 2309 1333 2375 talibus

88 2413 249 2472 vehuntur
276 2411 417 2483 metus,
452 2416 575 2467 inanem
604 2418 634 2466 et
662 2418 817 2470 annosum
847 2432 953 2468 rerum
981 2413 1157 2471 ereble’me'um
1184 2421 1333 2494 inspecto-

88 2535 173 2584 rem,
195 2516 324 2586 navique
344 2508 488 2576 inutilem
508 2507 663 2566 vocitari?
683 2505 713 2588 l)
763 2508 843 2568 Talis
862 2507 951 2568 bodie
970 2508 1101 2569 conditio
1120 2524 1164 2569 est
1181 2511 1333 2573 civitatum

89 2623 284 2670 nostrarum.»
1150 2591 1152 2596 ¹

174 2801 282 2881 Quid
316 2822 493 2860 aenaeae
530 2823 618 2860 eaee
648 2803 859 2876 dieamus,
883 2809 1260 2881 utpeaer'mefere

472 2910 693 2978 regantur
720 2902 960 2959 civitatee?

133 3095 249 3172 Quodsi
275 3116 428 3176 ‚perversae
448 3094 535 3172 hujus
559 3095 734 3174 miseraeque
758 3095 936 3156 conditionis
954 3111 1066 3157 nostrae
1087 3119 1214 3158 caussam
1233 3100 1337 3179 exqui-

92 3199 208 3271 rimus,
239 3194 443 3275 exprimuntur
481 3190 579 3250 etdem
613 3191 701 3252 bacco
730 3193 938 3274 gubernatoris
957 3209 985 3254 et
1018 3211 1172 3256 nautarum
1200 3197 1338 3279 imagine.

92 3294 284 3375 spernuntur
303 3292 328 3350 si
347 3293 396 3370 qui
417 3289 524 3350 adsunt
543 3310 639 3349 rerum
656 3291 840 3370 politicarum
857 3293 964 3373 periti,
987 3295 1037 3373 qui
1058 3317 1126 3354 vero
1144 3317 1242 3355 earum
1258 3317 1338 3377 pror·

93 3415 144 3452 sus
161 3403 232 3450 suut
250 3391 364 3470 ignari,
385 3387 570 3448 contendunt
593 3409 689 3446 secum
716 3391 843 3451 invicem
864 3393 901 3452 de
920 3393 1060 3474 imperio,
1081 3415 1190 3474 proque
1208 3395 1318 3475 populo
1328 3440 1339 3470 ,

92 3491 147 3570 qui
180 3488 327 3568 legitimus
355 3487 479 3546 babetur
509 3487 641 3564 quamvis
661 3487 858 3568 ineptissimus
876 3491 1070 3570 gubernator,
1091 3513 1136 3550 res
1154 3491 1272 3551 student
1288 3493 1337 3553 ad·

94 3588 274 3648 ministrare.
316 3587 396 3660 Quae
424 3605 490 3645 cum
514 3583 554 3642 ita
583 3584 659 3658 sint,
688 3583 850 3646 detrectant
874 3579 1027 3669 imperium
1051 3589 1151 3670 optimi
1179 3589 1286 3668 quique
1310 3605 1339 3650 et

93 3684 306 3766 sapientissimi
328 3685 395 3744 riri.
441 3706 455 3738 o
466 3675 512 3742 Oti
530 3675 587 3763 γάρ
608 3673 670 3762 ἕχει
688 3676 796 3771 φύσιν,
810 3681 993 3769 κυβερνήτην
1009 3685 1124 3764 νοννῶν
1140 3685 1262 3746 detortos
1281 3681 1341 3769 ἄρ.

93 3786 216 3865 χεσθαι
239 3775 291 3861 ὑφ’
311 3775 423 3858 αὑτοῦ,
443 3778 514 3844 οὐδὲ
530 3778 599 3858 τούς
619 3776 733 3866 σοῳονς
749 3783 798 3846 e'nt
816 3782 870 3862 τοὶς
891 3789 951 3850 τῶν
966 3784 1113 3848 πλουσίων
1133 3780 1235 3874 θύρας
1256 3786 1341 3852 ἰέναι·

94 3876 137 3949 τέ
161 3879 199 3944 δὲ
221 3877 336 3964 atores
359 3877 503 3964 πέφυκεν,
525 3879 578 3947 ἒοίν
602 3909 633 3948 τε
657 3881 794 3962 πλούσιος
817 3883 869 3950 dciv
889 3913 920 3951 re
944 3884 1033 3970 πένης
1049 3882 1161 3976 κάμνῃ,
1184 3883 1342 3972 chramlos>

91 3981 172 4050 εἶναι
201 3981 250 4046 e'ni
276 3984 387 4064 ἰατρῶν
411 3979 512 4068 θέρος
537 3982 622 4062 ἰέναι,
650 3987 700 4050 καὶ
730 3983 827 4051 πάντα
853 3983 907 4052 τόν
935 3985 1089 4072 ἄρχεσθαι
1122 3987 1264 4072 δεόμενον
1293 3993 1341 4056 ἐπὶ

607 4085 615 4108 2
665 4082 674 4104 b
717 4084 733 4108 ῚΙ

91 4084 152 4163 τάς
175 4087 230 4149 τοῦ
258 4080 360 4168 ἄρχων
382 4085 556 4168 δονοηιενοιν
579 4113 614 4152 ον
635 4113 691 4153 τον
711 4114 846 4173 ορχοντα
867 4093 989 4155 δεῖσθαι
1009 4093 1072 4155 τῶν
1091 4089 1268 4176 ἀρχομένων
1285 4089 1342 4179 riq-

93 4194 229 4273 xeodae,
253 4180 288 4263 oei
305 4183 344 4251 die
362 4191 403 4277 τῇ
417 4177 549 4277 ν’ληέεέᾳ
569 4214 597 4253 τι
619 4185 725 4274 ὄφελος
742 4186 776 4278 ᾖ·
793 4217 852 4254 non
874 4203 954 4254 enim
968 4209 1102 4256 naturae
1111 4210 1342 4259 consentaneum

138 4473 590 4541 nmmumau
