2838 5120
757 239 817 298 226

472 354 489 386 0

173 402 283 460 fatum:
324 395 403 481 εἴπερ
431 394 568 479 ἀριθμόν
595 398 627 460 ἐκ
649 398 702 480 τῆς
728 395 923 482 ἀνθρωπίνης
950 395 1069 482 φύσεως
1094 396 1250 480 ἐξέλοιμεν,
1277 397 1320 464 οὖν
1341 395 1365 462 ἄν

172 523 241 560 ποτ(
263 499 292 560 τὶ
314 496 452 583 φρόνιμοι
473 500 647 582 γενοίμεθα·
670 497 706 563 ori
726 498 783 584 γάρ
806 498 843 563 ἂν
863 497 906 566 ἔτι
927 501 1000 565 ποτὲ
1018 499 1106 586 ψυχή
1120 498 1226 566 τούτου
1245 497 1292 564 τού
1306 497 1365 576 {citu

172 601 270 696 (νᾶσον
296 599 403 687 α’ρττήν
428 598 513 684 λάβοι
540 601 662 685 exedris,
688 598 761 666 dcco
788 599 873 686 λόγος
898 600 1001 688 οἷπείη·
1028 605 1109 681 ζαῐον
1128 603 1164 668 δὲ
1187 598 1220 680 d,
1239 629 1265 666 τι
1284 600 1321 686 μή
1336 629 1366 685 μ-

172 700 305 785 γνώσκοι-
321 703 375 769 δύο
401 708 449 769 καὶ
475 706 557 788 τρία,
584 705 665 789 μηδὲ
686 703 823 788 carpenda
843 705 925 788 μηδὲ
947 702 1059 790 ἄρτιον,
1090 704 1193 790 οἷγνοοῖ
1211 705 1245 770 δὲ
1263 701 1365 788 τοπαρά-

171 831 229 868 νταν
256 805 406 892 α’ριθμόν,
435 805 490 884 ου’κ,
514 803 552 870 ἄν
577 832 647 870 ποτε
675 805 789 871 διδόναι
816 803 902 889 λόγον
927 807 992 892 ἔχοι
1017 810 1084 893 περὶ
1106 802 1149 872 ὦν
1174 804 1318 894 αἰσθήσεις
1334 809 1367 870 καὶ

170 906 291 992 μνήμας
316 909 463 992 μόνον
434 937 478 995 (ιη
506 908 693 1030 κεκτημένον·
714 958 749 968 -.
770 906 944 995 στερόμενος
969 911 1005 974 Ji
1025 910 1162 995 ἀληθοῦς
1181 909 1280 995 λόγου,
1300 907 1368 992 σοφᾶς

171 1008 270 1075 otiaris
287 1039 356 1076 ποτε
371 1001 551 1098 ιγένοιτο·-·
574 1009 668 1090 οὕτως
685 1009 821 1110 αριθμόν
836 1012 894 1093 μὲν
912 1011 1022 1099 ἀνάγκη
1039 1017 1121 1078 πᾶσα
1133 1011 1330 1078 ὖποτιἫθεσθο(
1348 1012 1367 1092 l)

172 1117 231 1176 Nec
259 1120 356 1178 minus
383 1121 530 1200 praeclare
557 1119 684 1179 eodem
676 1142 710 1177 in
728 1119 834 1199 scripto
854 1117 891 1177 de
910 1121 1090 1180 arithmetica
1111 1134 1291 1200 cognatisque
1302 1120 1367 1178 diso

171 1216 262 1296 plinis
279 1220 472 1300 praecipitur:
495 1212 531 1278 οὐ
551 1212 608 1300 γάρ
631 1212 699 1277 ἄνευ
719 1229 751 1296 yt
773 1209 886 1276 coricum
906 1211 1021 1298 μήποτ(
1042 1217 1087 1292 τὶς
1109 1217 1141 1278 ἓν
1161 1211 1373 1278 attentarint.

169 1337 237 1392 μων
257 1311 374 1398 γένηται
397 1313 584 1398 φύσις·,α’λλ’
604 1310 851 1400 οὗτοςότρότιος,
875 1313 950 1400 αὕτη
967 1313 1081 1402 τροφή,
1099 1319 1194 1382 ταῦτα
1211 1314 1361 1401 μαθήματα·

170 1414 225 1478 εἴτε
247 1416 376 1500 χαλεποὶ,
398 1416 453 1482 εἴτε
475 1415 578 1508 ῥᾴδια,
600 1417 696 1507 ταύτῃ
724 1416 889 1504 πορευτέον.
911 1422 943 1504 2)
984 1425 1063 1498 Quae
1089 1423 1150 1482 loca
1177 1445 1243 1482 cum
1268 1423 1316 1482 alii
1332 1441 1365 1479 ic-

169 1534 261 1580 terum
290 1522 464 1600 laudarunt,
495 1541 557 1585 tum
579 1525 795 1585 mathematicus
823 1523 989 1584 Platonicus
1000 1569 1009 1597 ,
1030 1522 1132 1581 Theon
1160 1519 1331 1602 Smyrnaeus.
1348 1516 1367 1597 3]

171 1621 305 1678 (litantur
332 1623 401 1686 vero
428 1622 481 1682 hae
507 1625 666 1683 sententiae
695 1625 773 1698 fere,
806 1636 837 1681 ut
866 1622 922 1682 loci
948 1642 1111 1680 communes
1138 1621 1174 1689 de
1201 1619 1369 1679 arithmeticae

169 1720 343 1798 praestantia
370 1734 397 1779 et
425 1721 560 1782 utilitate.
603 1721 712 1797 Quodsi
742 1722 932 1802 praestantiae
951 1719 1032 1778 illius
1052 1741 1181 1779 caussam
1201 1718 1369 1798 exquirimus,

169 1802 345 1876 attendenda
375 1819 458 1878 nohis
488 1822 613 1880 maxime
642 1835 728 1894 sunt,
759 1839 832 1898 quae
857 1841 894 1898 ex
922 1818 1001 1877 hisce
1023 1815 1146 1876 Socratis
1166 1837 1231 1876 cum
1248 1815 1369 1875 Glaucone

169 1915 347 1989 sermonibus
370 1919 431 1994 *iam
459 1919 626 1995 attulimus,
658 1933 718 1978 turn
748 1920 833 1976 etiam
860 1939 932 1996 quae
960 1917 992 1975 in
1021 1917 1057 1974 iis
1075 1916 1212 1996 deinceps
1231 1925 1368 1974 occurrunt.

169 2013 286 2073 Scilicet
304 2036 364 2073 non
380 2016 507 2096 vulgaris
525 2018 573 2077 lile
594 2019 770 2098 intelligitur
785 2015 982 2089 arithmetica,
1003 2035 1076 2094 quae
1096 2014 1133 2073 ad
1152 2035 1247 2072 rerum
1264 2011 1367 2071 familia-

167 2115 242 2171 rium
259 2111 556 2191 administrationem,
577 2115 615 2176 ad
633 2116 746 2195 negotia
760 2116 946 2196 pecuniaria,
968 2113 1005 2173 ad
1024 2112 1176 2172 emendum
1196 2109 1368 2172 vendendum·

169 2233 224 2290 que
241 2213 381 2269 refertur:
399 2234 579 2302 ‘quamquam
600 2214 687 2292 hujus
705 2215 772 2272 item
791 2213 870 2273 haud
890 2214 993 2292 exigua
1012 2223 1053 2269 est
1072 2209 1109 2270 ad
1124 2211 1287 2270 'acuendum
1304 2211 1367 2288 inge-

169 2311 250 2368 nium
271 2308 397 2396 utilitas,
411 2309 468 2370 'sed
488 2334 548 2371 earn
568 2313 648 2372 Plato
668 2312 875 2371 arithmeticam
896 2323 1004 2391 spectat
1013 2355 1021 2384 ,
1042 2331 1099 2389 qua
1116 2330 1196 2372 mens
1214 2332 1230 2367 a
1246 2308 1324 2367 rebus
1336 2305 1366 2361 his

167 2408 309 2488 corporeis
338 2408 375 2467 ad
404 2430 455 2484 ea,
476 2432 548 2489 quae
567 2411 719 2490 cogitando
738 2411 959 2491 percipiuntur,
990 2408 1127 2487 erigitur,
1154 2428 1211 2486 quo
1232 2407 1315 2486 magis
1331 2403 1369 2460 ah·

168 2519 285 2564 stractas
295 2511 313 2580 ,'
324 2527 395 2585 quae
405 2522 559 2582 vocantur,
581 2506 713 2568 noiiones
723 2507 952 2588 magnitudinis,
973 2505 1141 2586 quantitatis
1153 2551 1161 2579 ,
1182 2502 1369 2585 proportionis,

168 2603 294 2677 similes,
315 2626 401 2684 puras
424 2607 605 2686 sincerasque
624 2628 823 2690 assequamur:
845 2606 891 2665 his
911 2619 1004 2663 autern
1023 2603 1066 2662 nil
1084 2604 1173 2682 magis
1193 2603 1231 2662 ad
1249 2617 1318 2660 recte
1334 2621 1369 2658 co

168 2702 319 2782 gitandum
331 2703 580 2784 judicandumque
602 2705 672 2764 utile
687 2726 718 2763 ac
738 2703 928 2764 necessarium
947 2717 996 2762 est.
1024 2702 1059 2761 Id
1077 2723 1161 2800 porro
1181 2701 1306 2760 Socrates
1322 2710 1368 2777 apte

168 2747 329 2878 disciteque
348 2803 477 2882 exponit.
516 2804 669 2862 «Deceat
662 2805 768 2882 igitur,
790 2803 906 2881 inquit,
927 2800 1091 2873 oGlauco,
1092 2794 1188 2858 hanc
1207 2798 1368 2908 disciplinam

169 2897 281 2976 legibus
309 2898 502 2975 inducere,
493 2902 584 2980 risque
601 2901 792 2982 persuadere,
813 2901 863 2980 qui
883 2901 1015 2958 maximis
1034 2898 1165 2957 functuri
1185 2913 1253 2957 sunt
1269 2881 1299 2955 iri
1317 2891 1367 2952 ciri·

167 3009 224 3054 tate
244 2998 430 3072 muneribus,
453 3013 484 3058 ut
502 2999 689 3079 computandi
708 3013 796 3057 artem
816 2997 1035 3080 aggrediantur
1059 3017 1112 3054 nee
1132 3017 1199 3056 vero
1220 2997 1366 3055 levitereun

167 3109 308 3170 tractent,
329 3116 381 3154 nec
401 3097 515 3177 vulgari
535 3119 628 3172 more,
650 3097 700 3156 sed
717 3110 944 3178 persequantur,
966 3091 1092 3154 donee
1077 3115 1125 3152 ant
1147 3088 1225 3155 θέαν
1249 3093 1301 3174 τῆς
1324 3086 1367 3150 τοῖν

166 3187 311 3273 opidanis
332 3187 448 3274 φύσεως
470 3189 631 3276 αφίκιονται
653 3195 694 3282 τῇ
714 3189 811 3276 νοήσει
833 3190 927 3280 αὐτῆ
961 3220 1020 3256 non
1048 3218 1109 3255 eam
1134 3197 1267 3256 emtionis
1284 3190 1367 3254 vendi-

168 3295 311 3374 tionisque
332 3298 439 3414 gratia,
462 3312 492 3356 ut
513 3311 680 3356 mercatores
700 3313 727 3357 et
747 3319 905 3378 caupones,
927 3312 1098 3372 tractantes
1120 3289 1219 3355 att*
1203 3317 1283 3355 aaran
1303 3282 1367 3352 noli-

166 3415 226 3472 μου
248 3417 278 3454 τ(
300 3393 347 3455 καὶ
370 3391 460 3478 αὐτρς
481 3398 535 3476 τῆς
556 3395 661 3477 ψυχῆς
692 3390 844 3480 ῥαστώνης
868 3395 917 3456 καὶ
942 3397 1150 3478 μεταστροφῆς
1175 3392 1234 3457 cinci
1255 3389 1367 3478 γενέσεως

166 3491 212 3554 ἐπ’
233 3487 380 3578 α’λήθαᾶν
401 3521 431 3559 τε
453 3498 502 3559 καὶ
524 3494 662 3560 ου’σιάν.)ι·
704 3497 790 3557 Unde
810 3497 986 3579 intelligitur
1006 3499 1082 3578 quod
1101 3522 1185 3580 porro
1205 3497 1366 3559 animadver·

166 3699 318 3779 equidem,
340 3722 425 3780 quarn
444 3699 590 3781 praeclara
610 3700 647 3757 sit
666 3696 717 3756 illa
727 3681 896 3776 ,quamque
915 3694 995 3755 utilis
1013 3696 1096 3754 nohis
1116 3695 1241 3754 multis'
1233 3720 1264 3755 in
1284 3687 1367 3754 caussis

165 3796 203 3855 ad
222 3795 311 3856 1llud
309 3845 317 3873 ,
348 3798 434 3877 quod
446 3811 623 3880 spectamus,
654 3798 677 3854 si
697 3795 760 3872 quis
780 3813 841 3850 eam
860 3794 1051 3875 cognoscendi
1071 3795 1179 3873 gratia,
1201 3815 1261 3852 non
1279 3807 1365 3868 caupo-

166 3895 276 3968 nandi,
297 3911 415 3956 tr:aetat
437 3897 520 4002 hoc
513 3895 718 3979 ipsoscilicet,
740 3883 781 3964 (ἇς
808 3883 979 3973 σφοὸρα
960 3915 1020 3952 (ινα
1042 3913 1090 3952 aot
1113 3886 1173 3972 dyas
1194 3914 1249 3973 την
1268 3905 1364 3967 ψοχρν

197 4105 222 4170 l)
244 4109 355 4177 Fpinma.
374 4107 431 4159 9⁷7.
453 4109 481 4160 C.
500 4109 557 4179 D.,

197 4191 224 4256 2)
243 4195 305 4246 Eod.
323 4193 382 4244 992.
402 4195 432 4245 Α.

197 4277 223 4342 3)
243 4281 371 4331 Aritlmct
399 4299 423 4347 p.
448 4285 472 4331 5.
500 4282 580 4331 Edit.
589 4297 663 4350 quam
682 4297 765 4349 nuper
784 4282 950 4334 doctissimus
966 4282 1112 4347 juvenisJ.
1130 4284 1155 4332 J
1175 4279 1312 4332 dadam
1327 4284 1362 4320 ⁸⁰·

163 4368 303 4418 lectissimo
337 4367 539 4435 doctissimoque
569 4378 662 4455 patre
691 4385 749 4420 meo
777 4370 838 4420 olim
865 4379 1054 4436 praeceptore,
1080 4368 1172 4435 diguus
1197 4367 1276 4426 lilius,
1299 4351 1363 4421 lugd·
1392 4427 1398 4448 ι

161 4453 216 4503 Bat.
236 4455 337 4520 paravit
354 4451 429 4504 1821.
