2908 5114
674 271 733 332 335

80 443 248 520 appellarit
267 434 401 510 θεοειδές
431 450 461 500 et
490 430 663 522 θεοείκελον.
685 475 719 486 -
749 435 850 497 Recte.
873 480 905 490 ..
929 431 996 494 [tol
1018 427 1056 496 ati
1076 422 1133 514 ιιὲν
1149 429 1205 512 tto,
1224 426 1321 516 olunt,

79 535 272 620 ἐξαλείφοιεν,
299 531 338 603 ed
368 535 404 600 δὲ
431 529 518 598 πάλιν
546 528 740 619 ἐγγράφοιεν,
767 532 825 608 ἓως
850 527 887 595 to
912 528 959 597 dac
987 529 1117 610 μάλιστα
1148 532 1324 620 ἀνθρώπεια

79 636 149 723 ἤθη
174 637 215 714 εἰς
235 636 309 704 ὅσον
328 635 480 721 ἐνδέχεται
494 635 630 721 θεοφιλῆ
647 631 805 720 ποιήσειαν.
819 681 851 690 -
867 635 1023 720 Καλλίστη
1039 639 1110 719 γοῦν
1129 633 1201 721 εἳνή
1218 634 1323 723 γραφή

78 738 207 825 γένοιτο·
229 755 258 804 at
278 748 378 820 modo,
399 749 505 822 opinor¹
515 787 524 818 ,
540 741 661 800 deleant
678 759 753 815 qaue
768 747 952 818 pinccrint,
968 764 970 776 ⁴
984 743 1066 800 modo
1087 750 1226 823 pingant
1251 761 1324 800 rur·
1408 741 1410 746 ’

78 868 132 905 sus
143 890 152 921 ‚
172 863 263 919 usque
281 846 353 903 dum
374 863 471 902 mores
491 843 670 915 homiuum,
688 840 784 914 quoad
801 845 868 915 φἰιι
876 839 958 915 fieri
975 849 1082 917 potest,
1101 838 1322 921 Deceangruos

78 952 246 1018 amicosque
271 943 474 1002 reddiderint.
490 980 526 991 -
554 937 752 998 Pulcorrima
776 939 847 996 laec
870 958 942 995 sone
963 945 1093 1014 pictura
1112 949 1222 998 esset.»
1248 935 1277 1018 l)

96 1069 98 1072 ·
124 1041 241 1100 Dixisse
271 1039 339 1098 satis
368 1037 405 1098 de
435 1037 510 1097 ideis
540 1037 669 1096 Platonis
695 1033 850 1110 videmur,
883 1047 932 1110 ut,
960 1055 1018 1114 quo
1041 1049 1149 1116 spectet
1167 1037 1199 1096 in
1220 1035 1323 1117 primis

77 1139 153 1198 baec
176 1137 344 1219 philosophi
364 1136 517 1212 doctrina,
539 1133 732 1214 intelligatur.
773 1130 954 1212 Pergendum
975 1133 1065 1212 igitur
1080 1133 1166 1194 uobis
1185 1133 1223 1194 ed
1241 1135 1324 1192 loni

79 1235 179 1296 ideam
199 1249 260 1311 est,
281 1255 367 1314 quam
394 1233 523 1294 idearum
542 1233 671 1292 omnium
689 1231 852 1312 principem
877 1231 958 1289 Plato
977 1230 1148 1312 appellavit.
1190 1231 1248 1292 Sed
1267 1253 1324 1312 quo

78 1333 199 1394 facilius
225 1331 414 1392 escendamus
437 1331 529 1407 illuc,
562 1349 675 1410 quoque
704 1330 857 1392 universae
886 1326 976 1406 hujus
1004 1325 1155 1387 doctrinae
1182 1331 1324 1390 rationem

77 1433 287 1512 perspiciamus
303 1431 440 1516 plenius,
462 1442 494 1490 ut
512 1428 599 1489 modo
616 1449 632 1488 a
652 1427 826 1488 Cartesianis
837 1471 846 1502 ,
866 1427 906 1485 ita
927 1445 1007 1485 nune
1024 1448 1040 1486 a
1060 1424 1218 1486 Kantianis
1248 1424 1325 1489 ideis

77 1527 245 1590 Platonicas
260 1529 346 1608 juvat
369 1529 557 1610 distinguere.

221 1722 525 1805 Distinguero
552 1731 655 1783 item
685 1731 803 1781 recte
833 1743 853 1779 ιι
883 1718 1041 1780 Kontii
1069 1723 1184 1780 ideis

77 1823 123 1900 Ο
455 1821 715 1882 Platonicae
746 1828 927 1898 oportet.

119 2015 209 2076 Kan
220 2017 251 2076 ti
263 2037 307 2075 us
323 2015 425 2100 'vulgo
443 2015 480 2078 ab
499 2015 571 2098 ipsis
590 2014 744 2076 Germanis
777 2013 958 2074 Gemanica
987 2014 1170 2075 An'stotelcs
1194 2015 1320 2092 dicitur,

79 2117 191 2197 quippe
206 2116 276 2193 qui,
297 2115 411 2193 antiqui
431 2116 523 2173 instar
542 2113 727 2188 Aristotelis,
751 2081 885 2172 nothram
905 2127 935 2172 et
953 2113 1104 2172 facultates
1133 2116 1239 2174 mentis
1267 2113 1321 2174 hu·

79 2234 183 2274 manae
203 2211 356 2292 indagavit
375 2213 595 2294 exploravitque
613 2212 802 2292 sagacissime.
845 2211 923 2270 Mihi
945 2212 1006 2294 fere
1023 2213 1085 2290 ejus
1103 2209 1237 2271 doctriua
1255 2211 1324 2272 Pla-

78 2311 210 2370 tonicam
230 2311 337 2390 magis,
357 2331 443 2389 quam
462 2311 674 2371 Aristotelicam
696 2309 910 2390 philosophiam
930 2311 1038 2368 referre
1059 2310 1120 2371 visa
1139 2323 1190 2370 est.
1232 2308 1323 2370 Haud

27 2443 30 2448 ·
79 2409 137 2468 fuit
158 2409 287 2468 enimin
305 2409 517 2468 recentioribus
537 2407 738 2489 philosophis,
769 2407 820 2486 qui
848 2407 1044 2482 accuratius‚·
1060 2429 1146 2486 quam
1176 2405 1321 2484 Kantius,

79 2527 124 2564 res
140 2507 276 2566 sensibus
293 2505 498 2588 percipiendas
518 2507 630 2580 abiis,
651 2526 724 2584 quae
745 2505 803 2564 uua
823 2518 919 2564 mente
948 2519 976 2564 et
1003 2506 1176 2585 cogitatione
1203 2525 1322 2586 cognos-

80 2605 214 2678 οιιιιειιο,Χ
231 2603 426 2664 discerneret:
448 2601 481 2662 id
499 2618 594 2664 autem
611 2603 694 2663 Plato
714 2605 817 2678 unice,
840 2617 871 2661 ut
890 2601 1037 2676 vidimus,
1058 2617 1086 2662 et
1106 2603 1209 2683 agitet
1228 2625 1320 2684 agen-

79 2699 152 2762 dum
173 2721 233 2760 esse
255 2699 430 2781 philosopho
458 2700 615 2761 arbitratus
645 2715 696 2760 est.
738 2700 873 2761 Idearum
902 2713 997 2759 autem
1027 2699 1210 2776 doctrinam,
1240 2705 1324 2781 errius

80 2813 184 2861 auctor
202 2798 284 2857 Plato
312 2797 455 2873 habetur,
478 2799 579 2878 rejecit
598 2799 783 2872 Aristoteles,
805 2797 932 2856 Kantius
951 2818 1020 2858 vero
1037 2811 1119 2857 tanto
1139 2799 1235 2860 studio
1250 2812 1324 2859 trac·

80 2898 156 2957 tavit
176 2895 411 2974 elaboratique,
434 2909 466 2955 ut
486 2896 567 2955 hune
587 2896 682 2955 locum
702 2897 734 2954 in
754 2896 855 2956 critica
882 2895 1067 2976 philosophia
1087 2897 1119 2956 in
1137 2900 1239 2979 primis
1257 2923 1323 2982 gra-

86 3015 152 3054 vem
174 2995 350 3053 existimasse
369 2993 536 3055 videatur·
557 2994 660 3054 Effecit
676 2993 765 3069 adeo,
786 3007 817 3052 ut
837 2993 972 3052 sublimia
992 2993 1044 3052 illa
1063 2995 1191 3055 Platonis
1212 2997 1248 3056 de
1267 2999 1324 3060 boc

84 3104 255 3172 argumento
272 3091 394 3173 placita,
412 3113 485 3170 quae
503 3093 607 3152 Wolf
610 3093 636 3151 ii
657 3090 816 3172 disciplina
835 3091 1038 3152 obscuraverat
1056 3091 1159 3172 plane,
1176 3095 1210 3154 in
1226 3096 1322 3157 lucem

84 3202 294 3250 revocarentur
313 3187 410 3249 denuo
428 3190 641 3270 multorumque
666 3188 771 3268 studiis
810 3189 980 3269 scriptisque
1008 3190 1262 3269 frequentarentur
1288 3216 1324 3255 ac

88 3277 318 3347 celebrarentur.
360 3287 419 3346 Nec
449 3295 518 3349 vero
544 3288 668 3368 profecit
695 3301 809 3347 tantum
839 3287 893 3346 ille
919 3309 934 3346 e
959 3287 1144 3370 philosophia
1173 3291 1321 3354 Platonis:

81 3383 159 3444 idem
178 3383 255 3464 hanc
273 3385 387 3464 antiqui
405 3385 574 3467 philosophi
594 3383 775 3460 doctrinam,
797 3385 875 3465 quod
899 3387 1087 3446 recentiorem
1114 3388 1321 3473 philosophum

81 3480 184 3558 decet,
203 3483 271 3547 crisi
293 3483 435 3562 subjecit,
456 3465 585 3563 miroqhe
604 3485 737 3543 acumine
756 3496 784 3542 et
811 3483 909 3544 studio
934 3483 1014 3544 ideas
1033 3499 1073 3544 en¹
1098 3487 1190 3568 ipsius
1217 3492 1322 3550 mentis

81 3595 196 3640 nostrae
215 3595 317 3640 natura
339 3595 366 3641 et
385 3581 575 3642 facultatibus
593 3579 689 3642 duxit.
732 3582 796 3657 Quo
814 3602 883 3642 vero
902 3580 954 3640 ille
974 3585 1093 3664 propius
1113 3585 1151 3645 ad
1170 3587 1321 3662 Platonem

81 3680 219 3754 accessit,
241 3700 274 3739 eo
293 3681 382 3760 magis
401 3679 506 3756 nobis,
527 3677 730 3740 discernendis
749 3679 899 3759 utriusque
920 3681 1055 3778 placitiq,
1085 3684 1200 3762 antiqui
1218 3683 1321 3765 philo-

82 3776 166 3857 sophi
185 3779 358 3837 sententiam
377 3779 487 3857 assequi
509 3778 619 3838 licebit.

119 3875 157 3933 In
176 3873 309 3934 doctrina
328 3874 432 3936 Kantii
452 3875 488 3936 de
507 3877 607 3936 formis
626 3875 812 3950 intuitionis,
835 3874 871 3934 de
891 3875 1060 3954 categoriis,
1092 3875 1130 3936 de
1150 3891 1317 3943 transscen-

81 3969 193 4032 dentali
213 3971 442 4054 philosophandi
462 3975 592 4050 ratione,
624 3975 657 4033 in
674 3973 776 4055 primis
795 3971 832 4032 de
851 3971 944 4048 ideis,
970 3973 1111 4053 placitum
1130 3975 1298 4040 dominatur
1307 4027 1318 4057 ‚

80 4067 158 4146 quod
174 4069 264 4151 plane
281 4072 366 4133 nobis
386 4073 537 4133 Platonem
555 4073 661 4132 refert:
683 4071 738 4130 hoc
758 4070 835 4147 dico,
861 4091 921 4130 non
940 4072 1072 4133 sensibus
1091 4075 1187 4138 omnia
1212 4076 1320 4140 debere

80 4163 247 4246 hominem,
268 4169 319 4229 sed
338 4192 425 4251 puras
441 4171 534 4252 ipsius
556 4169 719 4232 intellectui
738 4169 832 4228 inesse
851 4169 1002 4245 notiones,
1023 4191 1115 4248 quae,
1139 4195 1191 4252 per
1218 4196 1321 4236 sensus

1095 4259 1111 4291 0

116 4447 140 4514 t)
163 4451 201 4502 oe
214 4452 277 4520 nep.
294 4455 338 4506 v1.
361 4457 419 4508 soc.
433 4457 578 4510 n-sor.
596 4457 624 4512 ο.
639 4455 678 4510 οι.
694 4459 767 4512 uon.
782 4459 812 4512 ιι.
837 4445 864 4511 a'
881 4471 920 4506 vs.
939 4455 996 4508 tet.
