2838 5120
728 261 788 322 rat
840 230 844 240 ’

139 393 208 482 1τινα
226 422 392 500 fructuosa,
411 443 497 502 quam
526 421 811 496 adinveniendum,
838 421 874 482 ad
903 436 977 484 artes
1002 421 1205 503 doctrinasque
1226 424 1364 483 et‘discer·

154 518 265 579 nendas
293 534 368 580 recte
397 533 425 579 ct
444 521 609 581 tractandas
637 534 752 601 aptast
782 519 894 582 efficax.
937 523 997 582 Hac
1023 522 1173 596 ubertate,
1202 522 1258 581 hac
1277 522 1312 582 ad
1330 543 1364 580 res
1401 539 1402 588 1

155 638 253 678 omnes
273 617 412 678 humanas
441 634 516 680 recte
544 617 744 700 pmvchendas
775 619 804 678 vi
835 632 864 694 et¹
891 617 1060 680 efficacitate
1087 621 1214 701 insignis
1240 633 1281 678 est
1306 621 1364 678 ratio
1401 623 1402 628 ’

154 716 206 776 illa
226 717 372 792 Platonis,
394 717 568 796 excellitquc
590 717 675 796 longe
695 715 861 799 disciplinis
881 719 1012 793 cunctis,
1028 739 1100 798 quae
1120 715 1183 791 sive
1205 719 1365 776 dialecticae
1401 727 1402 744 ¹

152 815 214 876 sive
235 817 348 895 logicae
366 817 482 876 nomine
503 815 581 897 apud
599 815 772 876 recentiores
790 816 971 900 prodierunt.
1011 816 1059 876 ld
1077 800 1247 876 acutrldum
1265 815 1314 876 hae
1331 817 1365 874 in·
1401 809 1402 882 l

152 913 269 992 genium
296 915 374 988 fere,
404 915 571 994 pracsertim
594 914 631 973 ad
659 912 830 994 disputandi
850 905 938 974 artem
957 913 1159 977 instruendam
1180 914 1302 989 velem,
1318 914 1365 972 ani·

153 1010 193 1068 mi
214 1031 281 1069 vero
300 1031 400 1072 sensus
416 1024 444 1070 et
458 1010 553 1070 studia
575 1012 627 1072 vix
647 1011 804 1090 attingunt.
1401 1019 1402 1090 j

195 1106 377 1167 Praeclarum
401 1108 455 1169 hoc
483 1131 550 1169 sane
581 1123 622 1170 est
649 1108 818 1168 dialecticae
839 1106 1002 1168 Platonicae
1020 1109 1221 1190 prepositum
1253 1107 1302 1168 scd
1322 1107 1363 1166 hcc
1401 1135 1402 1170 r

156 1204 418 1270 animadvertamus
437 1208 601 1289 praecipue.
642 1206 723 1266 Idem
744 1219 786 1266 est
806 1204 903 1278 illud,
931 1227 988 1284 quo
1009 1219 1135 1266 caeteras
1155 1227 1275 1286 quaque
1295 1205 1365 1266 disci·
1401 1199 1402 1292 l

156 1302 271 1383 plinta,
292 1305 519 1381 arithmeticam,
540 1306 740 1386 geometriam,
769 1304 969 1364 astronomiam
986 1304 1122 1366 colendas
1137 1305 1291 1382 judicavit
1299 1349 1308 1380 ,
1325 1323 1364 1380 qee

157 1400 269 1460 scilieet
289 1403 376 1483 magis
397 1403 434 1463 ad
454 1411 614 1467 caritatem
635 1403 716 1482 quasi
740 1402 937 1477 traheremur,
957 1425 1072 1484 quaque
1092 1403 1280 1462 excoleretur
1299 1401 1365 1480 magis

156 1511 184 1558 ct
204 1502 363 1580 aperiretur
383 1523 531 1582 organum
553 1501 632 1562 illud
653 1509 762 1560 mentia
772 1545 781 1576 ,
802 1521 858 1578 quc
879 1521 937 1561 ano
957 1510 1075 1562 veritas.
1090 1508 1281 1580 percipitur.
1308 1497 1366 1558 sa

156 1596 254 1658 limem
273 1597 402 1660 Platonis
428 1599 464 1660 dc
484 1601 539 1660 hoc
561 1595 735 1681 disciplinae
765 1598 912 1680 proposito
936 1601 1108 1662 sententiam
1129 1599 1168 1660 ad
1189 1600 1272 1662 hunc
1291 1599 1368 1681 locun

157 1696 384 1774 remiserimus,
415 1713 448 1758 ut
468 1712 526 1758 tota
553 1699 662 1760 Graece
690 1710 900 1780 apponeretur,
919 1699 1027 1779 quippe
1048 1698 1086 1759 ad
1106 1697 1281 1758 dialecticae
1299 1695 1367 1754 finen

156 1793 365 1873 assequendum
388 1797 422 1858 iu
441 1798 543 1878 primis
564 1797 706 1858 idoneam.
725 1812 727 1815 ·
758 1797 810 1856 Est
834 1795 888 1855 illa
912 1796 1088 1882 hujusmodi.
1135 1797 1299 1878 «Vulgus,
1324 1795 1367 1865 ait,

157 1890 210 1952 has
240 1891 410 1972 disciplinas
435 1895 555 1955 inutiles
579 1917 638 1956 esse
665 1896 820 1976 opinatur5
851 1883 890 1954 rei
923 1889 952 1956 d⁰
985 1892 1065 1958 ἐστὶν
1091 1889 1129 1956 oei
1152 1889 1236 1959 πάνυ
1262 1891 1365 1976 φαῦλα,

158 1981 232 2050 ἄλλα
258 1986 390 2070 pannio
413 1991 577 2072 πιστεῦσαι,
601 1985 646 2054 ὅτι
667 1987 698 2054 ἓν
717 1987 831 2067 τούτοις
852 1997 913 2070 τοῖς
937 1991 1120 2080 ’μαθήμασιν
1141 1991 1278 2072 ἑκάστοις
1296 1989 1366 2076 ἔργα

156 2085 209 2154 νόν
234 2115 264 2154 τι
283 2092 389 2177 ψυχῆς
420 2089 629 2178 ἐκκαθαίρεταί
657 2119 689 2157 τε
715 2093 763 2156 καὶ
789 2091 1040 2182 ἀναζωπυρεῖται,
1067 2093 1272 2179 ἀπολλύμενον
1288 2098 1313 2180 1)
1328 2089 1364 2156 ια’

157 2190 359 2277 τυφλούμενον
378 2191 437 2260 aiud
454 2198 515 2260 τῶν
536 2192 633 2260 ἄλλων
653 2193 905 2281 ἐπιτηδευμάτων,
927 2206 1057 2286 κρεῖττον
1072 2197 1107 2265 ὂν
1120 2203 1263 2286 σωθῆναι
1276 2193 1363 2280 μορίων

160 2288 323 2377 ὀμμάτων·
344 2294 428 2386 μόνῳ
448 2296 518 2384 peip.
539 2295 622 2387 adipi
642 2295 771 2383 ἀλήθεια
801 2296 920 2386 ὁρᾶται·
951 2309 1003 2367 leae
1033 2317 1135 2365 autem
1163 2329 1226 2368 nan
1256 2311 1300 2362 ita
1324 2297 1364 2357 eila

162 2411 224 2476 art,
245 2405 295 2461 aad
314 2405 353 2462 ad
367 2407 598 2482 percipiendam
617 2405 853 2485 credendumque
873 2408 1016 2488 difficile,
1042 2407 1175 2486 singulis
1197 2407 1279 2464 hisce
1296 2401 1367 2458 dirci-

156 2501 255 2578 plicia
282 2519 430 2582 argonam
461 2511 571 2563 meretis
597 2505 743 2582 quoddam
766 2515 905 2586 purgari
932 2513 1120 2584 recitarique
1140 2515 1170 2562 et
1190 2491 1366 2566 reviviscere,

163 2601 240 2678 quod
258 2603 331 2660 aliis
340 2603 414 2676 fere
433 2605 545 2662 stadiis
561 2610 646 2682 perit
665 2613 755 2682 atqua
775 2615 963 2680 occaecatar,
993 2627 1068 2662 cam·
1086 2605 1120 2662 sd
1140 2609 1280 2676 saroam,
1299 2582 1367 2676 qvod

160 2709 311 2758 sescentos
332 2702 448 2776 oeulos,
464 2712 602 2779 praestet
610 2723 625 2772 ;
647 2703 704 2760 eolo
725 2709 806 2760 enim
826 2703 911 2762 hocca
929 2711 1044 2762 emtas
1064 2709 1244 2770 cernitur.»
1269 2695 1300 2778 2)
1323 2689 1365 2751 Sed

161 2808 193 2854 ut
211 2794 343 2856 efficiunt
357 2798 411 2858 hoc
426 2799 558 2860 ¹caeterae
578 2799 752 2880 disciplinae
762 2845 771 2875 ,
793 2801 834 2859 ita
854 2799 1026 2860 dialecticae
1044 2801 1126 2861 Plato
1146 2799 1261 2860 hancce
1280 2795 1367 2857 vine

161 2891 357 2955 efficacitatem
377 2897 495 2974 tribuit,
519 2913 551 2958 ut
574 2899 669 2979 ipsum
688 2881 873 2957 animemed
893 2899 1068 2960 cernendam
1088 2899 1241 2960 veritatem
1268 2908 1366 2954 aaron*

160 3002 210 3052 tat
236 3007 345 3054 totum:
366 2996 445 3076 quod
463 2997 554 3078 ipsius
572 3015 631 3056 esse
650 2994 851 3077 philosophiae
870 2999 1049 3079 propositum
1067 2999 1258 3079 praecipuum
1276 2987 1364 3052 statuit

167 3093 259 3152 «Non
275 3093 387 3174 puerile
407 3115 475 3154 sane
495 3095 660 3175 negotium,
681 3094 737 3170 ait,
756 3094 828 3153 haec
848 3097 998 3157 conversio
1018 3105 1075 3156 est:
1100 3119 1161 3156 non
1183 3083 1324 3176 ὀστράκου
1340 3093 1367 3144 est

161 3181 346 3274 reclausa*
357 3239 367 3265 ›
400 3182 475 3253 aaa
508 3190 613 3274 evea
646 3181 815 3274 certatori
843 3185 875 3252 a
905 3194 1177 3278 warewicsire
1207 3189 1318 3278 ἠμέρας
1341 3179 1367 3251 a

165 3284 315 3376 ἀληθινήν
333 3285 390 3376 τήν
408 3287 501 3369 ὅντως
521 3287 626 3373 οὖσαν,
646 3288 684 3377 ἢν
701 3285 743 3376 δή
768 3287 912 3356 ἐπάνοδον
925 3293 1109 3379 φιλοσοφίαν
1128 3291 1237 3381 ἀληθῆ
1258 3287 1366 3378 φήσομθ
1401 3347 1402 3358 .

162 3389 247 3458 εἶναι·
276 3405 502 3457 conconsortio
521 3397 648 3456 testulae
672 3407 733 3471 ert,
756 3399 806 3455 aad
825 3406 923 3456 animi
942 3419 961 3456 a
981 3402 1047 3476 die,
1069 3407 1122 3480 qai
1139 3413 1256 3460 noctem
1273 3397 1366 3472 reforio
1401 3417 1402 3468 t

166 3502 207 3558 ad
235 3519 340 3558 aarum
367 3499 463 3573 diem,
487 3505 597 3576 quique
614 3506 681 3575 ipsa
701 3498 781 3554 lucet
801 3504 946 3557 veniatis
965 3499 1049 3574 lace,
1070 3523 1139 3559 cam
1156 3505 1303 3560 οοαοινιίο
1320 3501 1365 3548 itm
1401 3479 1402 3484 Ἰ

165 3607 308 3673 escensio,
323 3619 414 3676 qaam
430 3617 532 3656 aeram
545 3619 605 3656 aeae
615 3595 834 3674 philosophiam
850 3597 1013 3658 dicamas.»
1028 3595 1060 3679 3)
1080 3597 1199 3659 Scilicet
1214 3587 1366 3658 sermouiltlls

198 3799 224 3868 1)
243 3801 348 3869 (Dubito
369 3815 430 3852 num
442 3808 515 3852 recte
529 3800 630 3870 legatur
656 3781 867 3869 ainai-iwanus,
889 3799 1023 3868 partitam,
1043 3797 1206 3858 casinatem
1224 3809 1280 3846 nam
1296 3795 1365 3855 parra

165 3903 268 3972 quidem
281 3911 352 3954 recte
364 3902 478 3954 additum
489 3902 608 3955 videatur
625 3885 841 3974 τυφλούμενον,
863 3913 939 3968 mum
952 3897 1078 3966 perpendi
1089 3896 1232 3948 necessitas
1251 3875 1364 3945 sarcienti

164 4004 313 4060 facultatem
328 4003 462 4070 praeclare
475 4003 635 4071 praecedat
628 4021 655 4055 1n
671 4001 809 4071 prioribus.
827 3999 893 4052 Puto
906 3997 985 4065 igitur
999 3994 1139 4064 legendum
1156 3967 1402 4070 dnotnparirt

164 4123 232 4176 νον,
254 4111 508 4176 sordilasinseetum,
522 4091 653 4179 αλυμη,
681 4109 742 4161 lues.
784 4106 896 4176 Egregie
922 4101 1093 4168 respondebit
1113 4112 1156 4175 τῳ
1142 4079 1362 4162 ”ἐ’νιιιαθοιι’ρέῐαι

165 4205 270 4256 Fieinus
294 4219 396 4272 quoque
418 4203 510 4254 vertit·
534 4221 566 4253 ea
583 4200 641 4253 aliis
661 4203 747 4254 sociiis
767 4202 885 4266 infectum
900 4205 1153 4262 occaecatamquee-
1177 4189 1245 4256 Ed..)

198 4288 356 4359 2)Deltep.
378 4289 431 4340 Vll.
452 4288 511 4340 52⁷.
534 4287 565 4340 D.
585 4285 615 4340 Ε.
636 4285 683 4340 clf.
703 4289 823 4354 lpitiap.
843 4281 902 4335 139.

16 4377 18 4396 '
122 4391 123 4396 ’
202 4378 229 4446 3)
247 4383 310 4435 Eod.
340 4381 399 4434 521
429 4379 458 4433 C.
483 4381 515 4433 D.
545 4380 592 4433 Ch.
624 4381 753 4448 laitiap.
781 4376 822 4430 33.
845 4362 1009 4448 Ὀστροαιον
1036 4383 1180 4439 tremeat,
1204 4355 1360 4442 quaprrriil
1401 4369 1402 4382 ¹

16 4471 19 4506 ²
164 4478 232 4533 ludis
255 4479 398 4531 utebantur
426 4477 483 4530 tid.
503 4477 550 4530 Ast
569 4478 647 4530 adh.
673 4478 689 4528 h
1401 4467 1402 4556 l
