2832 5120
637 291 690 350 147

64 440 271 528 προτρέπεσθαι
292 450 602 526 facultatematurali,
624 465 684 510 tum
713 471 750 510 ex
776 451 950 513 discentium
978 467 1080 512 natura
1106 468 1134 516 et
1162 455 1278 536 ingenio
1314 469 1321 482 ‘

60 549 234 629 intelligitur.
277 549 314 610 Et
333 551 458 630 primum
481 552 599 629 quidem
623 547 709 608 rudes
730 547 823 608 videri
848 550 978 630 plerique
1006 565 1034 610 et
1054 551 1165 611 indocti
1192 552 1276 612 debe*-

61 647 124 706 bant
134 694 142 722 ,
162 648 267 727 quibus
284 648 391 729 quippe
412 649 540 708 Socrates
560 669 672 708 omnem
697 643 846 706 doctrinae
871 651 993 730 speciem
1012 651 1052 707 sic
1073 650 1293 730 interrogando*

59 745 204 820 adimeret,
226 760 258 804 ut
277 747 333 826 ipsi
352 761 525 827 cogerentur·
537 747 635 820 fateri,
656 745 762 825 quique
777 745 898 804 aderant
913 748 1073 822 faterentur
1092 761 1192 827 sponte
1211 769 1275 822 sua,

59 864 110 902 esse
128 845 208 904 illam
227 864 325 925 reapse
345 847 467 927 speciem
496 846 627 918 inanem,
656 843 817 903 doctrinam
846 845 957 918 inesse,
978 846 998 903 i.
1020 866 1044 902 e.
1067 865 1161 902 rernm
1184 847 1283 920 scien,

57 941 137 1016 dam,
157 941 279 1002 nullam.
322 942 379 1002 Sed
398 943 501 1017 iidem,
522 941 568 1002 bis
588 937 672 1004 vanis
692 940 828 1020 falsisque
848 941 1035 1022 opinionibus
1055 941 1188 1018 liberati,
1208 945 1276 1022 qui-

56 1038 104 1099 bus
122 1061 205 1102 verae
229 1039 480 1116 excludebantur,
502 1039 697 1121 suscipiebant
717 1041 778 1117 jam
796 1053 897 1121 sponte
922 1059 971 1098 sna
995 1039 1141 1102 doctrinas
1159 1063 1257 1102 omnes
1267 1087 1277 1118 ‚

56 1159 120 1216 qnae
138 1137 175 1198 ad
193 1157 289 1198 rerum
304 1140 454 1200 scientiam
472 1138 621 1198 ducerent.
664 1137 735 1196 Nam
754 1139 830 1196 inest
848 1137 951 1196 naturl
970 1138 1082 1198 homini
1101 1161 1179 1201 amor
1203 1143 1273 1202 veri.

56 1236 133 1312 Quod
162 1237 239 1298 uidit
258 1252 339 1298 acute
353 1236 451 1311 Plato,
473 1251 518 1312 et,
541 1257 592 1296 nos
616 1250 649 1294 ut
672 1233 980 1318 videremus,suq1md
1010 1234 1158 1297 evidentia
1177 1239 1276 1320 expli-

55 1335 117 1395 cuit.
157 1333 341 1413 Νομίζοντες
366 1329 437 1417 γαρ,
465 1343 523 1414 ait,
551 1331 579 1394 οἱ
604 1331 798 1412 καθαίροντες
824 1327 943 1409 αὐτοῦς,
971 1325 1069 1415 οἵσπερ
1097 1331 1125 1395 οἱ
1150 1334 1216 1418 περὶ
1237 1329 1275 1396 τοὶ

5 1499 6 1502 ,
55 1428 296 1519 separataeque
320 1435 500 1516 acroaticum,
527 1430 572 1517 μή
594 1429 739 1518 πρότερον
760 1430 797 1496 dr
817 1433 872 1516 τῆς
893 1430 1139 1518 προσφερομένης.
1157 1435 1275 1520 τροφής

5 1573 6 1604 ;
54 1530 201 1600 ἀπολαύειν
227 1533 377 1602 δύνασθαι
402 1538 506 1620 σῶμα,
533 1535 603 1621 πρίν
629 1533 666 1598 dr
691 1531 729 1598 τιλ
757 1535 956 1616 ἐμποδίζοντα
983 1535 1015 1599 ἒν
1041 1533 1139 1623 ἑαυτῷ
1160 1537 1204 1614 τίς
1226 1538 1274 1600 ἐκ·

5 1643 7 1654 ’
53 1633 139 1725 βάλῃ,
166 1631 350 1702 ταιιιόνααλ
376 1640 443 1722 περὶ
468 1639 574 1722 ψυχῆς
596 1633 795 1722 διενοήθησαν
817 1637 930 1700 ἐκεῖνοι·
953 1636 998 1720 μή
1018 1633 1163 1724 πρότερον
1184 1636 1276 1724 aderiti

5 1739 7 1804 J
54 1739 118 1813 ἑξιιν
142 1742 204 1804 eae
230 1739 481 1826 προσφερομένων
500 1735 697 1822 μαθημάτων
719 1736 831 1823 ὄνησιν,
859 1741 928 1826 πρὶν
949 1737 985 1804 dr
1006 1737 1137 1826 ἐλέγχων
1157 1742 1202 1818 τίς
1222 1738 1276 1806 adr

6 1867 7 1912 j
55 1839 239 1926 ἐλεγχόμενον
268 1845 307 1920 είς
337 1841 480 1927 αἰσχύνην
511 1829 710 1925 καταστήσας,
743 1839 795 1919 τας
823 1848 885 1918 τοϊς
910 1839 1091 1926 μαθήμασιν
1117 1843 1276 1927 ἐμποδίους
1304 1842 1307 1850 ’

6 1979 7 1982 ¹
54 1941 137 2024 ιλίξας
169 1944 294 2024 ἔξελαλν,
320 1943 459 2030 καθαρόν
485 1940 640 2030 α’ποφήνη,
667 1947 716 2008 καὶ
746 1946 842 2008 ταῦτα
867 1941 1046 2028 ήγοιίμινον,
1079 1943 1153 2028 ἅπερ
1181 1942 1275 2023 οἶδεν,

6 2043 7 2060 ³
54 2047 151 2112 εἰδέναι
182 2045 280 2131 μόνα,
316 2048 405 2112 πλείω
440 2046 475 2110 δὲ
502 2043 560 2130 μή·
593 2060 802 2128 existimantes
838 2058 936 2124 enim,
967 2058 1020 2129 qut
1057 2051 1107 2108 ίιοι
1135 2072 1275 2131 purgare

55 2163 211 2230 nituntur,
242 2165 278 2212 at
303 2155 337 2212 de
357 2155 527 2230 corporibus
552 2158 730 2211 existimarit
756 2150 882 2222 medici,
912 2171 970 2206 ποιι
993 2169 1077 2224 pesse
1097 2169 1203 2224 eorpus
1227 2149 1275 2205 al-

55 2255 107 2312 late
133 2256 193 2312 eido
218 2260 356 2326 nutriri,
386 2262 569 2329 anteaquam
594 2251 807 2326 impedimenta
832 2254 899 2325 quis
921 2254 1057 2322 ejecerit,
1091 2248 1191 2304 eddam
1220 2268 1275 2303 ra·

55 2360 127 2410 tione
146 2353 196 2410 illi
215 2353 251 2409 de
270 2357 370 2409 anime
385 2351 575 2426 judicarunt
584 2331 602 2423 ,Ι
621 2371 678 2406 ποιι
699 2353 792 2428 prius
814 2347 893 2403 Ιιιιιιο
919 2367 953 2402 er
975 2345 1081 2402 adlatis
1103 2345 1276 2420 disciplinis

49 2451 185 2523 fractum
205 2473 266 2508 esee
283 2457 464 2526 capturum,
486 2470 576 2526 quam
590 2449 778 2524 redarguente
799 2452 866 2522 quis
886 2465 967 2515 eum,
984 2450 1037 2519 qui
1056 2443 1273 2521 redarguitur,

54 2559 200 2628 postquam
210 2552 295 2624 fecit
305 2557 340 2605 ut
355 2551 556 2621 erubesceret,
568 2547 696 2604 sublatis
711 2544 903 2620 opinionibus.
913 2549 1019 2615 anuis,
1040 2541 1274 2616 disciplinarum

55 2649 285 2746 impedimentis,
309 2669 426 2724 purum
454 2645 608 2722 effecerit,
635 2645 705 2700 haee
735 2663 765 2698 se
793 2648 871 2698 seire
894 2649 1056 2716 putantem
1086 2637 1166 2711 ιοία,
1194 2661 1272 2752 puae

56 2741 147 2822 uenit,
163 2749 260 2824 plura
281 2768 348 2803 vero
372 2767 401 2803 ee
425 2767 483 2802 aaa
503 2751 589 2802 scire.
614 2739 643 2820 l)
672 2737 805 2798 Medetur
825 2737 913 2816 igitur
936 2739 1037 2797 animo
1050 2730 1221 2830 μαιιοτική,
1242 2751 1273 2796 ut

21 2910 27 2927 Ι
56 2857 124 2904 tetus
140 2846 310 2926 penitusque
339 2857 473 2917 sanatus,
495 2841 583 2924 possit
606 2838 713 2899 deinde
734 2835 929 2932 doctrinarum
953 2837 1094 2917 suscipere
1117 2823 1273 2910 alimenta,

56 2944 187 3023 possitque
206 2941 302 3015 idem,
323 2940 397 2999 bene
421 2940 467 2998 his
490 2940 617 3005 nutritus
636 2951 663 2995 et
682 2934 896 3006 σοι’·ιολιοιιιῑιιι,
918 2934 1099 3013 gravissimos
1127 2936 1269 3016 suscipere

58 3061 83 3099 ac
100 3041 252 3122 perdurare
271 3037 537 3100 adinveniendum
556 3057 655 3095 verum
676 3049 703 3092 et
723 3035 755 3092 in
775 3033 851 3093 vitae
870 3052 952 3090 usum
970 3033 1065 3091 confer
1064 3032 1179 3091 endum
1194 3032 1271 3092 labo·

59 3160 102 3199 res.
123 3139 229 3198 Verum
246 3138 315 3196 haec
330 3132 499 3215 μαιιστιπής
513 3156 578 3194 cum
597 3113 716 3194 salutari
735 3145 794 3190 arte
814 3131 1005 3209 comparatio,
1027 3144 1058 3190 ut
1077 3131 1212 3209 frequens
1232 3144 1272 3190 est

59 3237 126 3316 apud
142 3238 309 3313 Platonem,
338 3239 445 3318 quippe
474 3255 588 3318 prorsus
612 3246 730 3291 naturae
759 3249 903 3308 congrua,
924 3228 964 3285 ita
992 3227 1210 3308 diligentissime
1231 3241 1272 3285 est

60 3333 89 3392 ab
107 3357 136 3395 eo
150 3337 181 3395 in
202 3335 343 3412 Sophiste
359 3337 503 3395 instituta:
526 3353 611 3412 quam
626 3327 850 3411 disputationem
866 3347 912 3400 eo,
927 3345 983 3404 quo
1003 3326 1152 3407 procedit,
1170 3325 1272 3385 ordine

60 3452 237 3512 apponemus,
259 3455 315 3512 quo
341 3435 430 3512 magis
450 3453 486 3492 ex
506 3430 568 3489 *illo
597 3428 779 3487 dialecticam
808 3423 1003 3499 Platonicam,
1024 3445 1110 3503 quam
1134 3423 1271 3504 deinceps

62 3532 249 3606 tractabimus,
270 3531 319 3590 htc
335 3534 395 3640 jam
415 3527 623 3609 quodammodo
643 3525 829 3604 degustemus.

99 3624 277 3712 «Κιλθαρσις
298 3629 388 3691 animi
409 3622 530 3707 ἐλεγχος
551 3637 606 3702 est,
621 3628 681 3686 sive
699 3615 720 3702 ή
734 3610 902 3700 paraverat:
918 3618 996 3696 quod
1010 3620 1105 3678 animo
1124 3638 1188 3676 cum
1207 3637 1273 3675 σοι-

63 3750 117 3808 pore
133 3733 235 3792 collato
253 3745 352 3812 sponte
371 3744 497 3812 apparet
540 3729 612 3786 Nam
630 3723 742 3804 duplex
762 3737 803 3782 est
825 3738 958 3800 perversa
978 3717 1103 3795 corporis
1123 3714 1269 3774 conditio:

64 3851 116 3890 cum
142 3824 245 3906 νόσος,
284 3832 314 3889 si
335 3829 414 3886 intus
443 3841 608 3906 corruptum
636 3837 695 3897 est,
726 3837 787 3882 tum
812 3811 942 3897 αἶσχος,
971 3815 993 3873 si
1022 3828 1141 3873 externo
1170 3812 1271 3872 habitu

65 3931 124 3990 male
150 3955 177 3991 se
206 3931 303 3993 habet
363 3927 484 4003 Utrique
517 3925 589 3984 vitio
622 3922 791 4001 corrigendo
820 3941 864 3980 ars
893 3911 1103 3976 accommodata
1131 3926 1194 3987 est,
1225 3913 1272 3972 illi

67 4024 177 4111 λσραη,
196 4032 264 4090 huic
286 4017 518 4107 γυμναστική
533 4020 674 4101 Duplex
666 4032 734 4077 rtem
750 4021 838 4078 animi
832 4016 956 4075 'malum
972 4025 1026 4070 est:
1042 4025 1083 4070 est
1100 4012 1145 4070 vel
1160 3957 1271 4084 αἰλικία,

68 4131 104 4188 uel
128 4125 251 4211 αμαθία.
292 4127 388 4187 His
366 4150 390 4186 st
413 4125 574 4205 quaerimus
593 4139 732 4199 quaenam
751 4116 919 4175 medeantur
936 4109 1133 4191 potissimum,
1155 4112 1273 4188 injusti·
1288 4131 1290 4136 ·

68 4230 112 4290 tiae
133 4232 292 4294 adhibenda
311 4219 464 4305 κολαστικη
496 4222 556 4282 sive
589 4215 655 4298 ιλίκη
689 4231 748 4288 est,
775 4213 905 4272 inscitiae
927 4201 1123 4286 διδασκαλική.
1164 4210 1272 4267 Verum

69 4383 300 4398 Q*—

97 4475 362 4552 umumu
