2898 5120
633 265 691 326 525

72 436 123 510 ait,
142 455 194 513 qao
216 455 308 511 nequa
327 439 458 491 taetrius
477 453 569 511 nequa
585 434 710 508 foedius
741 453 793 490 noc
813 431 875 491 dita
900 431 1122 509 hominibusque
1141 437 1271 491 invisius

73 534 177 592 nrimal
202 533 296 588 ullum
324 537 454 612 cogitari
478 540 592 608 potest:
620 539 673 610 qni
684 575 693 607 ,
722 549 901 609 quamquam
915 530 1027 610 figuret
1055 539 1098 588 eat
1126 531 1271 606 bominis,

73 652 177 690 morum
194 639 292 688 tamon
312 636 502 687 imncanitato
521 636 707 688 vastissimae
726 619 821 686 vincit
839 629 960 687 bollano.
1004 625 1077 706 Quia
1095 635 1174 686 anim
1193 630 1271 686 bunc
1294 629 1299 638 ’

74 731 206 788 hminem
234 735 295 790 n'to
321 727 454 801 dicerit,
483 733 535 804 qui
559 729 615 786 ethi
639 746 707 784 cum
731 733 795 785 auia
822 728 952 800 atritas,
979 729 1033 803 qai
1054 726 1180 804 deniquo
1204 728 1273 785 cuni

73 834 143 886 omni
160 827 308 885 bominum
324 847 433 906 gonaro
450 825 567 883 nullom
586 845 646 883 aare
659 830 749 900 funs
765 829 1014 898 communionem,
1034 824 1151 882 nullom
1169 825 1272 884 bumo-

73 931 171 983 aitotta
189 930 356 982 sociotatem
373 922 470 982 volit?
501 919 529 1002 l)
569 920 626 980 Sed
652 941 689 981 ex
715 920 817 981 iisdem
843 920 923 997 illis,
943 941 1015 1000 quac
1036 934 1144 982 veteres
1163 922 1199 982 de
1218 923 1273 983 hoc
1350 925 1352 930 ’

74 1024 182 1104 pessimo
209 1021 336 1081 civitatis
362 1036 435 1081 statu
463 1032 653 1095 monuerunt,
683 1019 744 1100 ipsa
772 1019 875 1096 ctiam,
895 1039 980 1099 qnam
998 1019 1207 1100 significamus,
1227 1041 1275 1080 re-

74 1119 307 1202 rumpublicarum
331 1127 412 1177 ratio
432 1132 460 1179 et
484 1126 617 1194 notura,
638 1137 709 1196 quae
732 1118 846 1198 proprie
864 1117 969 1192 fuerit,
990 1114 1065 1177 effici
1084 1131 1194 1199 potest:
1214 1116 1273 1178 effi·

74 1221 139 1279 citur
157 1219 189 1277 in
207 1216 325 1297 primis,
356 1237 440 1296 qnam
460 1235 518 1275 esse
538 1205 712 1277 verissimam
729 1229 837 1276 veteres
858 1215 1025 1274 libertatem
1036 1216 1162 1274 .cioa‘lem
1179 1217 1276 1276 existi·

75 1318 212 1378 neverint.
257 1315 356 1376 Cicero
374 1315 536 1389 civitatem,
557 1315 590 1373 in
611 1335 667 1393 qna
687 1313 819 1394 tyrannis
846 1311 976 1388 obtinet,
998 1333 1056 1371 non
1074 1325 1186 1376 tantum
1202 1313 1278 1373 male

75 1435 99 1473 se
123 1414 243 1492 babere,
272 1415 405 1491 intusque
431 1425 508 1493 peste
535 1411 683 1488 laborare,
714 1412 765 1473 sed
794 1413 910 1471 nullam
937 1431 1014 1486 esse,
1044 1408 1181 1470 affirmat:
1210 1432 1278 1471 nam

77 1511 228 1592 ubicunqne
259 1511 341 1571 nulla
374 1509 497 1569 babetur
529 1509 623 1590 legum
651 1523 701 1570 aut
734 1509 882 1589 justitiae,
911 1507 962 1569 sed
991 1508 1078 1568 unius
1106 1508 1192 1569 unice
1220 1509 1279 1570 viri

75 1611 154 1686 ratio,
181 1610 245 1670 illic
273 1607 497 1690 rempublicam,
518 1607 538 1667 i.
557 1628 582 1668 e.
602 1629 665 1668 rom
687 1608 791 1687 populi
801 1651 810 1684 ,
833 1605 1001 1668 desiderari.
1042 1605 1106 1680 Quo
1123 1607 1212 1687 magis
1230 1627 1278 1688 pa·

76 1719 126 1782 tet,
152 1708 196 1784 ad¹
215 1708 355 1768 rationem
384 1704 529 1787 propriam
545 1705 714 1781 civitatum,
735 1705 792 1766 imo
811 1727 877 1767 vero
895 1704 942 1766 ad·
953 1725 1049 1764 earum
1067 1695 1199 1764 naturain
1216 1725 1279 1786 per·
1366 1783 1367 1788 ἵ

77 1805 175 1881 tinere,
203 1804 283 1885 quod
311 1805 406 1886 posuit
435 1802 515 1862 Plato
548 1796 577 1862 et
604 1803 703 1864 Cicero
732 1803 860 1864 inculcat
887 1804 965 1880 fere,
996 1795 1035 1863 aci
1065 1799 1159 1884 φίλων
1187 1797 1279 1878 acerui,

77 1905 224 1963 communia
254 1921 312 1962 csse
339 1900 472 1962 omnibus
490 1901 586 1959 omnia
605 1899 725 1960 debere:
746 1900 825 1981 qnod
840 1899 899 1962 non
919 1902 1010 1962 solum
1030 1904 1067 1966 ad
1087 1906 1281 1986 suffragiorum
1335 1951 1343 1960 ,

74 2001 115 2078 jus
121 2046 131 2091 3
151 2001 199 2061 sed
219 2001 354 2060 universe
372 1998 410 2059 ad
427 1998 521 2080 legum
541 1998 673 2078 jurisque
691 1998 922 2079 aequabilitatem
939 2002 1071 2064 refertur.
1112 2004 1212 2083 Itaque
1231 2027 1283 2088 per

77 2099 235 2178 tyrannides
253 2097 401 2179 perierunt
425 2097 556 2158 civitates
575 2097 727 2175 antiquae,
749 2097 907 2158 floruerunt
926 2119 994 2160 vero
1011 2113 1038 2160 et
1058 2102 1213 2182 riguerunt
1228 2104 1282 2164 bac

49 2276 52 2284 Ι
74 2197 139 2274 juris
166 2197 377 2257 communione.
417 2193 505 2269 Quod
529 2195 583 2254 rite
610 2194 687 2255 vidit
712 2194 834 2256 Sosicles
861 2195 939 2278 apud
965 2199 1158 2276 Herodotum,
1180 2220 1211 2276 ac
1235 2222 1283 2261 re-

78 2314 134 2374 apse
159 2294 289 2356 Athenae
318 2293 351 2352 in
378 2305 525 2373 utramque
548 2305 657 2373 partem
686 2314 752 2353 cum
779 2307 869 2354 aetate
888 2295 1027 2356 Pisistrati
1045 2311 1073 2356 ct
1091 2298 1284 2360 Pisistratida-

79 2411 146 2467 rum,
165 2407 225 2452 tum
254 2404 318 2472 post
338 2404 470 2472 expertae
488 2404 564 2451 sunt.
605 2392 640 2451 In
665 2392 804 2452 concione
822 2394 961 2455 sociorum
981 2393 1203 2456 Lacedaemonii
1217 2419 1285 2457 sua-

79 2487 193 2566 debant,
215 2502 266 2564 ut,
286 2509 342 2567 quo
362 2487 504 2548 infirmior
526 2487 694 2550 redderetur
720 2476 883 2572 respublica
903 2492 1123 2553 Atheniensium
1134 2497 1286 2578 ,Hippias

80 2585 109 2644 iis
139 2588 324 2664 redderetu13
356 2575 476 2646 Sosicles
505 2607 572 2646 vero
596 2587 678 2645 aimo
704 2609 789 2664 vero,
819 2588 933 2667 ajebat,
961 2591 1072 2650 coelum
1102 2591 1155 2652 sub
1181 2607 1286 2654 terram

80 2684 200 2745 subibit
212 2700 241 2745 et
273 2698 350 2744 terra
383 2705 467 2764 supra
495 2683 607 2743 coelum
633 2683 689 2743 erit
724 2683 873 2760 sublimis,
900 2687 1086 2768 hominesque
1111 2689 1287 2752 habitabunt

80 2780 107 2839 in
138 2785 226 2860 mari,
268 2795 296 2842 et
329 2783 420 2863 pisces
454 2780 633 2842 domicilium
666 2781 848 2863 occupabunt
884 2783 1050 2862 bominum,
1089 2787 1205 2866 quando
1238 2811 1288 2852 vos
1303 2807 1317 2848 ·.

81 2854 203 2957 qiidam,
240 2879 478 2954 Lacedaemonii,
504 2879 579 2957 juris
606 2878 810 2958 aequabilitate
835 2880 967 2960 sublata,
997 2883 1203 2995 tyrannides
1195 2911 1226 2949 ιιι
1248 2890 1287 2949 ci·

82 2978 172 3042 vitatas
198 2979 336 3059 reducere
369 2978 494 3059 paratis·
525 2999 582 3057 qno
612 2976 690 3037 nibil
718 2978 814 3038 estin
841 2979 1041 3042 bominibus
1033 2984 1181 3063 iniquius,
1211 2986 1289 3047 nibil

82 3075 244 3138 sceleratius.
261 3101 276 3134 ιι
299 3074 331 3157 2)
371 3121 372 3128 ι
1077 3147 1079 3158 A
1105 3149 1106 3154 ἵ

118 3173 193 3235 lllud
222 3174 334 3235 scilicet
364 3187 439 3233 recte
459 3174 671 3256 perspiciebant
700 3175 766 3251 illi,
787 3175 954 3242 labefactari
981 3177 1014 3238 in
1038 3179 1225 3258 civitatibus,
1246 3197 1290 3264 ty·

84 3271 195 3332 rannide
223 3271 344 3347 exorti,
383 3273 493 3358 civipm
524 3274 601 3349 vim,
641 3273 772 3333 restituti
799 3295 865 3335 vero
888 3288 917 3333 et
944 3278 1114 3338 auctoritate
1140 3279 1235 3392 legam
1263 3295 1292 3341 ct

84 3371 261 3447 aequalitate,
290 3370 415 3450 vigorem
443 3369 530 3430 simul
557 3366 673 3438 civibus
700 3373 823 3432 restitui.
863 3373 949 3448 Quod
977 3388 1073 3436 autem
1100 3379 1292 3456 verissimam,

85 3486 161 3543 qnam
188 3469 334 3552 diximus,
365 3469 472 3528 civium
502 3468 535 3526 in
559 3467 735 3528 civitatibus
764 3472 889 3551 antiquis
917 3473 1079 3535 libertatem
1106 3479 1227 3554 attinet,
1258 3499 1293 3538 ex

86 3565 159 3656 nulla
182 3587 211 3626 re
241 3566 294 3625 illa
321 3566 429 3646 magis,
450 3585 534 3644 qnam
555 3585 591 3623 ex
611 3565 664 3626 bac
684 3564 832 3626 Platonica
849 3571 1015 3650 tyrannidis
1034 3571 1227 3654 descriptione
1245 3596 1293 3656 pa·

88 3675 131 3723 tet.
170 3667 295 3726 Tantum
315 3665 409 3739 abest,
431 3678 462 3724 ut
482 3665 534 3724 ista
556 3665 607 3739 sit,
627 3685 712 3744 quam
726 3664 759 3724 in
779 3665 979 3727 democraticis
993 3669 1159 3730 civitatibus
1178 3687 1296 3780 crepant

87 3779 193 3838 onnes,
225 3777 256 3822 nt
284 3763 353 3821 baec
375 3761 412 3822 ad
437 3782 614 3822 communem
641 3763 769 3822 omnium
795 3766 961 3826 servitutem
987 3766 1104 3827 tendat:
1126 3769 1183 3829 imo
1211 3769 1296 3848 v'ero,

88 3876 138 3933 quo
164 3859 277 3942 longius
306 3859 343 3919 ab
373 3860 427 3920 ista
447 3860 563 3936 distat,
582 3881 694 3941 qnoque
712 3863 818 3922 arctius
837 3884 902 3928 cum
920 3859 1013 3944 legum
1032 3886 1064 3924 ac
1085 3869 1297 3948 magistratuum

89 3955 244 4019 obedientia
261 3961 414 4037 conjuncta
433 3971 492 4034 est,
514 3979 546 4020 eo
564 3960 669 4020 rectius
687 3961 827 4043 appellari
847 3969 1003 4022 amedaeo
1023 3971 1158 4025 civitatis
1175 3969 1299 4029 libertos

90 4068 183 4132 potest.
224 4058 261 4116 Et
289 4057 358 4116 binc
386 4057 503 4136 quidem
530 4077 602 4136 qnae
629 4078 697 4119 vero
726 4059 794 4120 item
823 4061 939 4120 nomine
967 4061 1095 4122 bominis
1117 4063 1241 4124 dice‘nda
1258 4069 1299 4124 li-

91 4235 338 4254 b·-···-—-=-—·=--

122 4355 146 4420 1)
163 4359 212 4411 Clo.
230 4361 267 4413 De
284 4363 344 4431 ssep.
362 4361 392 4413 ll.
410 4360 452 4412 26.

123 4440 147 4506 2)
164 4444 257 4498 Herod.
274 4447 303 4498 V.
323 4445 363 4498 9¹.
383 4445 422 4498 ct.
440 4446 522 4498 Dicte.
538 4463 592 4498 meo
609 4463 633 4513 p.
651 4445 692 4497 ot.
