2898 5120
641 281 700 340 529

99 443 150 504 Sed
179 443 326 523 explorata
351 445 391 505 ita
421 447 454 503 in
483 465 596 504 omnem
624 461 752 526 partem,
774 444 941 507 adhibendis
970 449 1002 506 iu
1021 449 1122 540 primis
1141 449 1292 510 civitatum

64 542 197 620 imagine,
229 543 330 600 natura
346 541 506 616 bumont,
538 543 737 604 accedendum
766 565 799 604 eo
829 543 946 604 tandem
976 547 1122 606 existimat
1147 543 1294 620 Socrates,

63 661 113 716 qno
130 640 222 699 omnis
244 637 315 697 haec
345 640 469 701 tetendit
501 640 679 721 disputatio,
702 656 753 717 ut,
773 661 847 721 quae
861 642 992 719 justitiae
1012 643 1050 703 sit
1071 665 1103 704 ac
1127 646 1204 706 ritae
1225 643 1294 704 bea·

64 751 102 795 tae
127 738 218 812 ratio,
242 737 435 815 exquiramus.
478 739 543 812 Qua
573 739 609 799 de
641 759 671 798 re
702 753 733 798 ut
762 739 952 820 pronunciari
971 739 1132 818 aliquando
1149 757 1226 802 recte
1249 731 1294 802 re·

63 853 139 910 reque
161 836 264 915 possit,
283 829 475 912 justissimum
496 835 614 896 tandem
632 838 728 898 virum
747 857 813 898 cum
833 837 1024 914 injustissimo
1044 841 1206 900 committit.

60 1081 62 1083 .
103 1029 199 1088 Utor
234 1033 403 1091 tondant
432 1033 625 1090 tectior?
648 1034 1276 1109 justusneille,unematium'

169 1129 237 1187 liic
278 1130 486 1187 bominum
516 1135 882 1209 injustissimus,
914 1139 1178 1218 tyrannicus

624 1227 717 1285 uir?

97 1402 173 1463 lllnd
192 1405 333 1464 continuo
351 1402 514 1464 tenendum
532 1418 630 1463 censet
652 1403 802 1480 Socrates,
824 1425 883 1464 non
908 1405 1032 1484 speciem
1054 1416 1204 1465 externam
1213 1451 1222 1479 ,
1244 1405 1295 1466 sed

64 1498 217 1560 interiorem
246 1499 446 1560 conditionem
470 1502 543 1579 justi
569 1501 731 1582 injustique
755 1502 814 1562 riri
840 1500 1083 1562 considerandam
1114 1521 1209 1562 esse·
1239 1523 1253 1556 ο
1266 1501 1297 1560 Si

63 1599 233 1674 tyrannicam
261 1599 429 1674 civitatem,
461 1599 576 1677 inquit,
614 1617 784 1679 cognoscere
815 1597 958 1674 velimus,
990 1619 1051 1658 non
1082 1601 1145 1678 ejus
1174 1600 1319 1681 speciem·

63 1691 278 1772 admirabimur,
300 1694 338 1755 ad
365 1695 459 1757 solum
484 1709 643 1775 tyrannum
672 1695 859 1777 respicientes
885 1709 937 1754 aut
965 1695 1003 1756 ad
1032 1717 1078 1757 cos
1098 1717 1224 1777 paucos,
1244 1697 1296 1776 qui

63 1811 118 1849 cum
144 1815 176 1853 eo
196 1813 293 1854 rerum
321 1795 408 1874 potiti
430 1805 516 1869 sunt,
539 1791 609 1869 sed,
632 1806 663 1852 ut
681 1790 781 1868 decet,
803 1813 918 1853 omnem
939 1793 1057 1874 penitus
1077 1794 1227 1856 civitatem
1248 1795 1298 1852 in-

64 1891 156 1968 grcssi,
178 1889 366 1952 lustrabimus
393 1889 509 1972 singula
532 1903 578 1966 et,
596 1891 635 1952 ad
654 1904 761 1950 cuncta
782 1890 930 1950 conversis
951 1890 1062 1965 oculis,
1084 1892 1209 1950 feremus
1235 1911 1298 1950 sen·

64 1987 178 2047 tentiam.
221 1989 333 2048 Pariter
351 1987 390 2048 ad
410 1987 506 2048 virum
525 1988 714 2068 tyrannicum
732 1986 983 2069 cognoscendum,
1005 1987 1053 2047 illi
1069 1987 1300 2069 permittendum

60 2081 211 2162 judicium,
233 2087 298 2168 qui
312 2085 487 2166 cogitatione
513 2105 542 2144 se
569 2085 660 2168 possit
686 2087 719 2145 in
738 2086 867 2146 bominis
886 2100 1013 2144 mentem
1033 2086 1202 2161 insinuare,
1224 2086 1320 2165 ejus?

64 2201 110 2258 que
137 2205 228 2244 mores
258 2183 384 2244 interius
412 2185 596 2265 perspicere:
628 2206 706 2259 non,
738 2186 806 2264 qui,
837 2197 869 2243 ut
899 2184 984 2265 pueri
1010 2183 1124 2258 solent,
1155 2185 1299 2244 exteriora

64 2279 168 2342 intuens
184 2268 390 2364 obstupescat,
410 2303 501 2362 quum
527 2283 711 2362 tyrannicam
731 2281 814 2342 illam
837 2281 964 2364 adspicit
981 2303 1116 2363 pompam
1135 2295 1165 2342 et
1185 2283 1300 2363 magni-

64 2375 213 2455 licentiam,
245 2378 283 2440 ad
312 2400 399 2458 quam
427 2379 473 2438 illi
501 2400 561 2440 sese
590 2369 671 2460 apud
699 2401 764 2452 ecs,
800 2380 851 2458 qui
883 2393 1003 2439 externa
1031 2393 1184 2461 spectant,
1214 2378 1296 2440 effiu·
1344 2387 1347 2392 '
1407 2363 1410 2368 Ι

64 2489 158 2550 gunt.»
185 2475 215 2557 l)
257 2476 373 2552 Quibus
402 2477 508 2552 dictis,
534 2477 684 2556 judicium
714 2478 844 2539 Socrates
870 2499 936 2538 cnm
962 2478 1121 2538 Adimanto
1150 2479 1299 2559 utriusque

64 2573 118 2630 cum
143 2576 270 2636 civitatis
291 2589 353 2635 tum
380 2576 438 2637 riri
468 2575 607 2636 instituit.
660 2576 811 2657 Principio
837 2589 936 2656 rogat:
969 2577 1122 2634 rutilarunt
1149 2575 1297 2635 civitatem

64 2671 233 2745 tyrannicam
260 2671 359 2748 dices,
386 2695 424 2732 au
454 2672 597 2733 servam?
616 2712 650 2721 -
670 2673 800 2733 Maxime
829 2674 960 2732 omnium
983 2693 1105 2732 servam.
1127 2708 1162 2723 -
1182 2671 1298 2733 Verun-
1382 2713 1387 2720 -

63 2771 195 2831 tamenin
216 2792 251 2830 ea
269 2768 403 2830 dominos
428 2784 456 2830 et
476 2769 584 2828 liberos
609 2769 834 2832 animadvertis.
853 2797 887 2808 ·-
908 2768 1138 2844 Anius-adverto,
1161 2769 1213 2830 sed
1232 2771 1298 2829 exi-

64 2882 139 2942 guum
167 2882 207 2928 est
237 2866 330 2926 istud:
364 2868 546 2929 universum·
569 2883 638 2926 vero
667 2868 700 2926 in
727 2869 790 2949 ipsa
819 2880 848 2926 et
877 2867 1156 2948 praestantissimum
1185 2889 1304 2948 genus,

65 2965 173 3042 turpiter
201 2953 247 3024 est
274 2979 302 3023 et
327 2965 429 3024 misere
449 2985 574 3025 servum.
596 2964 763 3038 -Quodsi
786 2967 833 3024 vir
853 2963 970 3026 civitati
988 2961 1092 3022 similis
1112 2977 1168 3037 est,
1190 2965 1298 3044 pariter

65 3059 116 3134 ejus
132 3067 251 3122 animus.
264 3061 474 3122 illiberalitatis
495 3083 529 3121 ac
548 3062 696 3137 servitutis
728 3063 783 3122 erit
812 3061 919 3143 plena,
941 3081 974 3120 ac
996 3053 1149 3141 probabile
1167 3073 1209 3119 est
1219 3106 1229 3135 ‚
1250 3082 1297 3120 eas

65 3155 141 3216 aninri
159 3175 264 3240 partes
292 3161 325 3218 in
352 3158 407 3218 illo
436 3160 564 3234 servire,
596 3179 669 3238 quae
697 3151 959 3240 praestantissimae
986 3169 1072 3230 sunt,
1095 3156 1202 3216 exilem
1228 3178 1298 3218 vcro

65 3269 178 3332 partem,
200 3257 418 3338 ignavissimam
439 3271 467 3316 et
485 3255 747 3332 dementissimam,
769 3257 925 3317 dominari.
949 3282 980 3291 -
1002 3255 1139 3318 Omnino.
1161 3255 1298 3330 -Quid

65 3351 165 3428 igitur?
196 3347 309 3436 δούλην
334 3347 355 3434 ἢ
384 3347 548 3430 ἐλευθέραν
573 3347 789 3435 cyrenensium
810 3345 1008 3436 φήσειςεῖναι
1030 3344 1155 3431 tungrim
1177 3375 1299 3412 cereum

65 3467 98 3505 on
124 3455 250 3515 liberum
280 3477 340 3514 esse
365 3457 446 3515 dices
475 3458 568 3514 telem
597 3456 761 3514 cesimum?
782 3483 817 3492 -
838 3455 971 3515 Servum.
992 3485 1027 3496 -
1048 3453 1137 3531 tiqui
1164 3471 1247 3512 serva
1271 3463 1301 3508 et

66 3559 177 3624 tyranno
204 3553 322 3614 subdita
351 3553 455 3613 civitas
483 3540 621 3627 minime,
653 3573 727 3629 quae
755 3553 838 3627 rult,
870 3553 938 3632 agit.
969 3549 1168 3610 &Minime
1191 3588 1222 3598 -
1250 3545 1299 3605 Sic

66 3661 148 3708 autem
177 3653 291 3711 animus
320 3643 493 3730 tyrannicus
523 3651 662 3727 minime,
689 3671 763 3728 quae
783 3649 867 3724 vult,
888 3647 1014 3724 efficiet,
1036 3637 1097 3705 tut
1120 3639 1156 3704 δὲ
1176 3638 1299 3723 οἶοτρου

66 3738 104 3802 dat
131 3741 269 3830 ἑλκομένη
301 3745 369 3832 βίᾳ,
402 3745 540 3830 ταραχῆς
570 3747 619 3808 καὶ
640 3744 832 3827 μεταμολοίος
853 3736 951 3828 μεστή
974 3739 1072 3806 ἔσται·
1097 3748 1148 3808 aad
1174 3746 1298 3805 stimulo

67 3865 169 3924 temper
185 3858 322 3930 percitus
339 3853 482 3924 violento,
497 3853 731 3928 perturbatione
747 3856 995 3928 poenitentiaque
1012 3841 1207 3907 redunddbit.
1229 3843 1296 3902 Huc

67 3941 145 4020 igitur
163 3962 190 4006 et
208 3949 246 4010 ad
266 3963 394 4024 caetera,
415 3969 488 4028 qnae
515 3947 561 4008 bis
585 3953 741 4026 coniuncta
768 3961 855 4022 sunt,
877 3945 1054 4028 respiciens,
1075 3965 1176 4008 nonne
1200 3956 1229 4002 et
1252 3941 1299 4000 ei·

68 4041 173 4103 ritatem
199 4061 227 4107 et
255 4049 351 4108 virum
376 4047 462 4126 longe
492 4045 651 4106 miserrimi
679 4065 738 4106 esse
758 4044 927 4105 conditione
946 4043 1046 4104 dicis?
1068 4078 1102 4088 —
1124 4041 1196 4102 Dico
1215 4039 1296 4117 equi·

67 4132 157 4198 dem.»
182 4141 213 4222 2)
867 4144 868 4147 Ἴ

99 4363 438 4458 mmmmmn

98 4462 505 4530 mmmm-mn
