2872 5122
650 291 688 353 st

70 455 304 516 commendatione
321 474 355 516 ac
362 456 486 538 pedestri
498 457 556 514 fere
571 455 698 514 oratione
708 455 848 536 procedit}
871 453 958 537 Apud
966 467 1075 516 veteres
1084 473 1153 515 vero
1161 467 1280 533 utraque

67 575 79 610 e
96 553 184 613 choris
212 569 279 614 nata
302 568 357 630 est,
378 555 535 632 horumque
557 557 696 633 perpetuo
711 566 740 611 et
756 556 877 634 gratiam
896 553 1001 613 retulit'
1014 565 1042 617 et
1064 552 1279 614 sublimitatem.

66 651 130 708 Nam
147 652 228 711 chori
255 656 383 736 agebant
409 653 464 732 ipsi
485 655 515 710 in
535 650 639 710 Bacchi
660 652 764 725 sacris,
787 666 818 712 ut
837 653 869 711 in
889 652 1015 712 Deliacis
1034 652 1121 710 iestis·
1133 652 1282 723 solebant,

64 764 89 807 et
113 751 218 830 pariter
247 772 291 810 res
309 752 432 811 Deorum
451 764 479 808 et
496 749 646 808 hominnm
663 750 775 829 agendo
793 749 1063 832 repraesentabant:
1085 764 1113 808 et
1130 751 1281 830 quamvis,

65 861 170 906 arrotore
190 850 351 930 Aeschylo,
372 847 541 908 accederent
558 846 720 908 identidem
738 848 910 921 histriones,
934 844 963 927 1)
983 867 1039 925 quo
1057 847 1129 916 ratio
1148 848 1281 906 ctiorma

64 947 192 1005 dramatis
219 948 271 1006 rite
301 947 415 1006 demum
441 945 596 1007 constituta
623 960 682 1019 est,
703 946 806 1006 chorus
835 960 931 1006 tamen
958 946 989 1006 in
1008 943 1116 1004 sabulis
1135 943 1282 1026 principes

63 1043 192 1122 quasdam
209 1058 303 1126 panes
328 1045 441 1118 tenuit,
462 1063 508 1101 eas
530 1057 622 1118 certe,
643 1044 749 1123 quihus
766 1045 891 1103 musicae
909 1045 939 1104 vi
959 1057 991 1103 et
1005 1042 1164 1102 saltationis
1190 1027 1280 1122 pant

64 1142 228 1202 mirabiliter
246 1156 414 1223 spectatores
428 1156 457 1200 et
476 1155 603 1202 moverer
617 1141 829 1202 et·oltlectar'et.
852 1139 1028 1202 Constabant
1046 1137 1135 1219 igitur¹
1152 1139 1281 1200 &emata

63 1237 109 1298 illa
131 1261 190 1300 non
217 1241 308 1299 solum
335 1241 412 1320 poisi
422 1286 431 1317 ,
450 1239 502 1301 sed
519 1239 627 1300 musica
645 1239 731 1300 simul
748 1253 776 1302 et
792 1239 1045 1299 saltationes-imo
1063 1245 1178 1298 munseo
1198 1255 1279 1298 voca·

64 1337 161 1396 bantur
187 1343 357 1398 certamino
366 1383 375 1413 ,
396 1339 428 1396 in
451 1337 556 1417 quibus
583 1321 759 1398 concertare¹
774 1359 870 1398 secum
887 1339 1013 1398 invicem
1030 1334 1163 1397 solebant
1178 1335 1280 1414 ¹tragici

64 1441 153 1515 poetae
187 1449 216 1496 et
249 1437 360 1496 comici.
410 1437 495 1494 tiam*
510 1435 721 1514 dominabatur¹
742 1436 830 1516 plane
857 1437 890 1496 in
916 1435 996 1508 illis,
1026 1433 1105 1495 unde
1125 1433 1279 1513 originem

63 1534 218 1609 duxerunt,
239 1542 363 1593 murico.
405 1534 555 1594 'semime
579 1533 658 1615 apud
680 1533 803 1594 Graecos
825 1534 941 1615 patebat
966 1532 1085 1599 diuinae
1103 1531 1278 1616 haimarus

63 1634 149 1690 viset
172 1633 335 1692 auctoritas.
351 1629 382 1712 2)
435 1665 438 1668 ·
815 1665 829 1705 ‚·
993 1671 1005 1684 ι.
1053 1660 1070 1692 ιι

96 1729 150 1790 Sed
165 1729 210 1790 'in
234 1730 347 1804 choris,
378 1730 420 1788 uti
443 1731 677 1806 memoravimus,
709 1744 750 1790 et¹
765 1729 856 1790 multo
882 1723 966 1790 etiam
994 1727 1081 1807 magis
1108 1726 1144 1786 in
1170 1725 1276 1804 tragica

62 1842 85 1884 et
108 1829 216 1888 comica
244 1828 342 1909 poesi,
368 1835 501 1886 irritatio
525 1828 686 1890 0orineort..
714 1829 791 1887 Haec
815 1827 964 1894 autem,in
994 1840 1140 1903 utramque
1167 1837 1276 1903 partem

63 1947 189 2005 perquam
216 1939 258 1986 est
284 1923 409 1999 efficax,
425 1947 491 1986 cum
517 1926 554 1986 ad
580 1925 794 2000 emendandos,
814 1939 875 1985 tum
904 1945 974 1986 vero
996 1922 1036 1985 ad
1055 1919 1276 2002 corrumpendos

59 2024 190 2098 juvenum
208 2023 328 2083 animos.
358 2025 478 2098 Poetae,
502 2025 553 2104 qui
576 2045 668 2084 mores
690 2024 840 2084 hominum
858 2023 1009 2082 imitantur
1034 2040 1139 2100 pravos
1153 2033 1181 2078 et
1197 2019 1276 2098 inge·

64 2143 113 2180 ouo
139 2123 203 2184 viro
229 2120 381 2200 indignos,
400 2136 508 2182 nocent
524 2123 707 2204 carminibus
720 2122 869 2200 juventuti
889 2120 1070 2200 gravissime:
1091 2117 1274 2198 praesertim,

62 2219 194 2295 quando
185 2220 242 2300 ipsi
254 2220 390 2297 juvenes,
412 2220 552 2280 inchoris
576 2234 729 2294 canentes,
750 2234 778 2279 et
797 2239 866 2281 voce
885 2239 933 2279 eos
951 2231 979 2278 et
997 2215 1121 2279 motibus
1138 2213 1274 2294 gestiban-

62 2337 109 2392 qne
124 2318 298 2397 exprimunt.
337 2317 506 2378 Verendum
525 2339 695 2428 magnopere
713 2333 768 2394 est,
789 2341 836 2378 me
844 2314 883 2380 ἐκ
897 2314 952 2397 τῆς
973 2307 1125 2395 μιμήσεως
1145 2335 1180 2376 το
1174 2305 1276 2376 tim

62 2403 264 2476 ἀπολαύσωσιν.
303 2417 376 2476 Nam
389 2417 589 2500 imitationes,
610 2417 648 2492 si,
667 2421 807 2477 ateneris
823 2419 954 2483 ludendo
971 2431 1062 2492 orme,
1082 2417 1209 2490 diutius
1207 2435 1273 2495 ··pro

63 2515 206 2591 σιιίιιιιι,1
198 2539 230 2576 ιιι
259 2535 350 2577 mores
377 2529 405 2574 et
431 2526 562 2588 naturam
588 2514 716 2590 abeunt,
738 2539 796 2576 nec
821 2518 917 2584 minus
936 2519 1081 2590 animum,
1102 2535 1188 2594 quam
1215 2535 1273 2576 cor·

63 2635 107 2693 pus
131 2629 160 2674 et
186 2635 284 2676 vocem
309 2625 503 2693 corrumpunt.
533 2610 564 2692 3)
585 2612 699 2692 Quodsi·
717 2597 818 2694 pulcra
836 2617 981 2677 imitantes
996 2619 1094 2694 poetae
1111 2626 1139 2672 et
1156 2612 1274 2672 houe'sta

64 2714 158 2772 stodiis
172 2727 388 2794 prosequentes,
404 2710 480 2770 nihil
499 2709 656 2790 quidquam
674 2726 786 2791 praeter
802 2713 871 2773 haec
890 2727 949 2773 arte
967 2711 1084 2786 student
1102 2710 1273 2789 exprimere,

64 2826 154 2888 sponte
176 2831 272 2871 eorum
300 2811 427 2870 carmina
454 2810 487 2867 in
513 2809 678 2868 canentium
700 2810 936 2890 audientiumque
955 2810 1059 2870 animis
1078 2808 1173 2888 pulcri
1192 2808 1274 2866 enei-

65 2908 157 2968 tahunt
182 2909 349 2987 honestique
377 2927 509 2972 amorem.
549 2908 624 2982 Quo¹
638 2909 728 2987 magis
744 2908 776 2968 id
794 2909 928 2970 omnibus
946 2906 1088 2988 agendum
1105 2920 1146 2970 est
1163 2907 1272 2986 poecis,

67 3020 90 3064 ut
110 3030 163 3087 την
183 3005 237 3068 τοῦ
257 3001 377 3086 myndos
396 2998 493 3066 εἰκόνα
513 2997 612 3085 ἤθους
632 3006 809 3088 poematibus
828 3008 1009 3087 exprimant,
1024 3003 1055 3084 ὰ)
1076 3004 1189 3082 tragicis
1207 3025 1274 3065 reru

66 3109 246 3185 potissimum,
261 3129 388 3188 quorum
412 3107 518 3188 qnippe
547 3105 674 3168 studium
698 3097 839 3168 imitando
865 3104 1030 3165 continetur
1056 3114 1156 3162 totum.

97 3208 170 3266 Haec
196 3229 262 3268 oum
289 3207 439 3268 chororum
466 3217 537 3264 esset
569 3205 728 3282 antiquitus
761 3203 840 3284 apud
866 3203 988 3264 Graecos
1016 3200 1163 3274 conditio,
1187 3198 1274 3266 Plato

66 3305 172 3380 primam
200 3303 310 3366 abiis
326 3304 535 3364 institutionem
562 3301 746 3382 repetendam
773 3322 831 3362 esse
860 3301 980 3361 censuit.
1012 3301 1083 3358 Nam
1109 3296 1147 3359 ad
1175 3317 1291 3374 sensus*

64 3421 148 3464 omncs
173 3405 341 3482 affectusque
369 3399 567 3482 temperandos
588 3400 693 3458 musica
722 3401 782 3460 vim
800 3399 888 3460 habet
905 3400 1073 3459 maximam:
1094 3396 1273 3477 praesertim,

65 3501 83 3556 si
104 3515 204 3562 mature
219 3499 391 3592 adhibeatur
405 3499 563 3577 juventuti.
582 3497 687 3557 Molles
705 3499 782 3556 enim
801 3512 868 3558 sunt
886 3498 940 3556 hac
960 3511 1049 3556 aetate
1068 3509 1096 3554 et
1115 3495 1206 3556 teneri
1225 3493 1272 3552 ho·

65 3600 160 3660 ninum
186 3585 290 3674 animi,
320 3596 368 3658 acui
393 3590 521 3675 μάλιστα
547 3590 587 3677 δι)
613 3585 682 3657 τότε
708 3589 863 3658 πλάττεται
889 3619 938 3657 και
930 3588 1091 3656 ἐνδύεται
1112 3586 1215 3666 τύπος,
1238 3587 1273 3652 ὂν

66 3689 93 3754 ἄν
115 3721 155 3772 τις
178 3692 320 3779 βούληται
346 3691 572 3781 ἐνσημήνασθαι
594 3691 724 3782 ἑκάστῳ
765 3698 841 3758 Tum
868 3707 997 3759 murima
1007 3699 1149 3776 fingitur
1167 3696 1272 3754 indui-

66 3809 159 3878 turque
177 3803 303 3877 foma,
332 3823 422 3880 quem
448 3809 516 3881 quie
541 3809 703 3879 unicuique
725 3807 900 3877 imprimere
920 3798 1001 3856 velit.
1014 3792 1055 3872 5),
1075 3786 1271 3875 Κνριωτάτη,

92 4075 114 4140 1)
130 4078 232 4131 Aristot.
250 4081 355 4150 depoe't.
374 4099 395 4134 c.
417 4077 440 4133 4.
1279 4038 1286 4088 Ι

91 4161 113 4226 2)
129 4164 182 4216 vm.
200 4166 255 4216 Deo
274 4165 328 4217 Tea.
345 4184 370 4234 p.
393 4166 442 4215 152
462 4183 517 4237 sqq.
539 4175 565 4219 et
587 4167 684 4234 scripte.
704 4164 735 4218 ab
753 4183 786 4218 co
806 4167 889 4252 citati:
909 4167 985 4229 item,
993 4181 1070 4234 quae
1088 4178 1139 4216 nos
1158 4161 1274 4214 iiiiono-

68 4250 200 4318 tarimusp.
223 4249 282 4300 110

93 4331 114 4396 3)
131 4335 164 4387 Dc
180 4338 240 4406 step.
256 4335 298 4388 ΙΙΙ.
316 4335 374 4389 395.
394 4337 422 4390 0.

95 4415 115 4480 4)
132 4419 187 4472 dod.
202 4420 259 4474 401.
277 4421 313 4474 B:

96 4501 116 4566 5)
132 4507 187 4559 dod.
203 4509 232 4562 11.
251 4505 309 4559 ³⁷7.
325 4507 353 4560 B.
