2886 5118
718 221 778 282 eat

129 389 170 446 ris
186 385 303 445 nomine
321 404 476 456 vocamus,
497 401 550 441 nec
573 381 651 460 quod
672 383 855 462 applicatur,
876 379 928 442 sed
949 379 1140 441 intermedius
1159 379 1281 459 quidam
1304 382 1362 438 cui-

129 505 185 564 que
203 484 337 566 proprius
356 483 483 542 affectus.
525 483 571 538 An
591 502 660 542 vero
678 501 839 544 asseverare
868 478 962 554 ausis,
983 473 1079 557 qualis
1094 478 1149 538 tibi
1171 483 1365 562 uuusquisque

130 583 209 642 color
227 594 385 662 appareat,
402 579 490 640 talem
511 578 636 638 canibus
656 579 746 642 etiam
765 576 945 658 singulisque
965 576 1142 638 animalibus
1162 583 1326 660 apparere?
1338 611 1364 620 -

129 681 195 740 Non
214 700 284 759 ego,
304 699 356 760 per
369 679 481 742 Jorem.
503 717 538 730 .-
559 674 642 750 Quid
669 678 787 740 autem?
810 674 896 736 alteri
914 673 1026 736 homini
1048 687 1080 736 et
1096 675 1153 738 nbi
1165 691 1265 738 utrum
1284 677 1365 758 quid-

129 799 218 859 quam
234 798 372 858 apparere
393 778 507 853 simile,
520 776 640 838 firmiter
660 773 843 836 contendas?
864 794 906 834 an
924 793 995 834 rere
1014 773 1109 834 multo
1125 776 1236 856 magis,
1259 799 1295 836 ne
1313 777 1361 836 tihi

128 875 248 956 quidem
269 875 324 955 ipsi
346 873 423 934 idem
444 893 588 957 apparere
608 893 742 952 semper,
760 872 1058 952 quoniamnunquam
1078 873 1239 953 tuiipsius
1267 873 1361 936 similis

130 974 302 1036 esl-Hoe
324 975 434 1055 magis,
456 995 541 1055 quam
563 972 645 1034 illud
662 971 739 1032 miht
766 970 893 1032 ridetur.
914 1005 949 1016 -
970 970 1092 1050 Ergosi
1112 969 1162 1047 id,
1184 971 1267 1051 quod
1287 974 1362 1035 meti-

131 1095 196 1135 mur
218 1070 267 1132 uel
286 1073 478 1152 attingimus,
495 1092 632 1152 magnum
649 1089 748 1150 reapse
771 1069 820 1129 rel
841 1067 940 1126 alhum
961 1068 1014 1130 uel
1031 1069 1162 1132 calidum
1179 1083 1275 1148 esset,
1294 1093 1364 1131 nun·
1426 1085 1427 1088 ’

131 1192 220 1249 quam
234 1169 286 1247 id,
306 1170 389 1232 alteri
411 1169 569 1245 accidens„
586 1167 670 1230 aliud
698 1166 799 1242 lieret,
829 1167 887 1227 uisi
916 1179 1094 1228 minaretur:
1116 1169 1163 1230 sin
1186 1181 1287 1230 autem
1305 1191 1364 1232 rue·

133 1267 249 1344 sarid,
270 1268 349 1347 quod
368 1269 486 1330 metitur
507 1267 557 1326 vel
577 1266 714 1346 attingit,
735 1264 841 1326 horum
859 1263 973 1344 aliquid
993 1279 1067 1338 esset
1087 1287 1207 1347 reapse,
1227 1287 1364 1336 nauseae,
1426 1251 1427 1334 l

134 1367 225 1428 altero
243 1365 398 1428 accedente
427 1365 476 1428 vel
507 1363 622 1444 aliquid
651 1364 801 1446 patiente,
828 1361 911 1422 aliud
939 1361 1041 1437 fieret,
1067 1385 1157 1442 quum
1182 1367 1281 1447 ipsum
1300 1367 1364 1426 nilril

135 1467 315 1546 poteretur.'’
335 1463 367 1545 l)
383 1462 483 1526 Efficit
502 1463 572 1524 hinc
593 1462 722 1522 Socrates
732 1506 741 1537 ,
761 1460 860 1523 album
890 1460 1015 1520 colorem
1036 1483 1090 1522 nec
1111 1463 1198 1526 oculo
1218 1465 1365 1545 spectantis

136 1564 272 1640 neerei,
289 1584 362 1643 quac
382 1577 546 1644 spectatur,
567 1562 678 1622 inesse:
711 1559 790 1622 unde
812 1578 881 1620 vero
913 1560 1050 1635 exsistat,
1071 1581 1108 1620 ex
1126 1561 1183 1622 illo
1202 1583 1302 1622 rerum
1318 1583 1363 1621 om·

136 1663 221 1722 nium
237 1675 317 1721 motu
327 1707 337 1737 ,
347 1681 432 1740 quem
452 1661 613 1740 loquuntur
624 1659 767 1740 sapientes
785 1659 853 1734 isti,
864 1658 1011 1740 explieat,
1030 1657 1268 1739 demonstratque
1282 1660 1364 1722 simul

135 1756 213 1816 nihil
230 1779 289 1818 esse
299 1759 397 1839 ipsum
405 1780 494 1840 perse
505 1779 596 1817 unum
608 1757 656 1820 rel
666 1756 739 1836 quid
748 1757 796 1817 vel
812 1757 909 1836 quale.
953 1777 968 1812 e
978 1757 1068 1831 Nam,
1080 1757 1121 1818 ait
1132 1777 1218 1831 ,curn
1228 1759 1363 1828 sensibus,

136 1868 168 1914 ut
177 1854 306 1916 diximus
317 1901 326 1930 ,
336 1878 399 1932 res,
417 1877 490 1936 quae
508 1857 544 1916 iis
554 1855 778 1938 percipiuntur,
797 1855 993 1937 respondeant
1003 1899 1013 1930 ‚
1022 1855 1054 1914 in
1066 1868 1145 1914 motu
1164 1854 1219 1914 illo
1240 1870 1364 1936 perpetuo

135 1952 314 2012 conueniens
333 1974 398 2013 cum
415 1975 446 2014 re
466 1969 587 2034 cognata
613 1952 716 2012 oculus
743 1953 837 2032 gignit
856 1953 981 2012 colorem
1004 1952 1114 2014 alhtuu.
1155 1951 1205 2012 Sic
1228 1953 1312 2012 nobis
1328 1953 1364 2012 al-

136 2049 206 2110 bum
227 2065 348 2132 apparet
369 2053 430 2114 sive
461 2051 575 2131 liguum
595 2051 657 2112 sive
683 2070 786 2116 saxum
814 2062 843 2108 et
863 2064 974 2110 caetera
995 2051 1104 2131 pariter
1121 2053 1261 2132 negotia,
1274 2051 1363 2110 durum

136 2163 164 2210 et
184 2150 334 2224 calidum:
357 2150 452 2230 ipsum
478 2169 530 2229 per
550 2168 581 2207 se
612 2146 691 2206 nihil
710 2161 771 2221 est,
792 2146 843 2205 sed
863 2167 915 2226 per
935 2162 1064 2224 motum,
1084 2163 1186 2210 mutuo
1206 2171 1363 2232 congressu,
1426 2153 1427 2222 1

136 2245 213 2306 fiunt
233 2247 329 2306 omnia
359 2261 387 2306 et
405 2247 578 2325 omnigena:
610 2242 850 2322 quandoquidem
868 2256 927 2304 tam
947 2265 1034 2324 agens
1052 2267 1137 2325 quam
1154 2247 1273 2326 patiens
1288 2268 1364 2306 unum

136 2343 251 2421 aliquid
269 2365 328 2404 esse
346 2363 398 2425 per
419 2363 467 2417 se,
487 2340 567 2400 haud
586 2340 725 2417 firmiter,
744 2355 778 2400 ut
794 2343 896 2419 ajunt,
916 2344 1041 2422 cogitare
1065 2343 1142 2404 licet.
1185 2347 1288 2425 Neque
1299 2347 1363 2406 enirn
1426 2347 1427 2358 ¹

136 2459 223 2516 agens
242 2439 400 2518 quidquam
419 2453 461 2498 est
478 2439 580 2518 prius,
607 2459 693 2516 quam
712 2460 779 2498 eum
808 2441 937 2522 patiente
962 2441 1187 2520 congrediatur:
1218 2465 1309 2522 neque
1323 2465 1362 2522 pa·
1426 2443 1427 2446 ’

136 2535 213 2596 tiens
229 2535 330 2615 prius,
358 2557 444 2615 quam
463 2557 528 2594 cum
557 2550 668 2616 agente.
711 2536 798 2612 Quod
826 2537 906 2598 enim
933 2537 1125 2616 congreditur
1144 2561 1212 2601 oum
1233 2541 1324 2618 aliqua
1340 2561 1363 2598 re
1426 2569 1427 2572 ¹

135 2646 164 2691 et
183 2633 243 2693 vim
265 2632 414 2694 efficiendi
435 2633 544 2708 hahet,
561 2633 611 2691 uhi
631 2633 662 2692 in
684 2633 769 2693 alind
801 2634 957 2710 inciderit,
976 2635 1020 2696 ibi
1040 2649 1102 2696 tum
1115 2637 1246 2716 primum
1266 2639 1363 2718 patiens
1426 2621 1427 2648 ³

137 2743 268 2812 apparet.
288 2729 320 2810 2)
340 2732 365 2790 Ε
385 2731 493 2811 qqibus
513 2731 649 2792 omnibus
671 2731 878 2809 consequitur,
900 2730 977 2811 quod
993 2731 1363 2810 abinitiodiximns,nihil
1426 2787 1427 2812 q

80 2851 84 2860 ·
138 2847 197 2886 esse
217 2829 312 2908 ipsum
332 2850 434 2909 perse
456 2849 565 2904 unum,
586 2826 637 2886 sed
659 2829 757 2907 aliquo
779 2849 890 2909 semper
911 2829 993 2890 fieri:
1016 2853 1077 2890 eaeo
1097 2834 1308 2894 autemomnie
1324 2851 1363 2890 ne·
1426 2813 1427 2840 l

136 2925 214 3005 gotio
234 2926 399 2988 tollendum.
420 2947 478 2988 esse
489 2951 497 3004 ;
520 2923 695 3007 quamquam
717 2947 769 2986 nos
790 2927 823 2986 in
844 2927 1041 3008 superioribus
1061 2930 1273 2994 cousuetudine
1293 2945 1363 3008 atque
1426 2925 1427 3020 ζ

137 3024 252 3085 inscitia
273 3039 371 3086 nostra
392 3025 435 3086 uti
456 3025 511 3084 illo
532 3024 647 3105 saepius
667 3025 759 3084 coacti
780 3025 902 3088 fuimus.
931 3027 1007 3086 'Non
1038 3047 1111 3086 vero
1129 3027 1213 3091 decet
1234 3027 1317 3103 illud,
1339 3039 1364 3083 nt
1426 3035 1427 3094 ζ

137 3123 299 3202 sapientum
321 3124 377 3183 fert
397 3124 559 3198 sententia,
582 3144 635 3182 nec
657 3121 809 3182 admittere
830 3124 904 3202 quid
927 3123 976 3186 vel
995 3131 1087 3200 cujus
1107 3125 1157 3184 vel
1177 3135 1238 3195 mei
1259 3127 1303 3189 vel
1321 3127 1364 3183 tn

77 3230 90 3243 ⁸
138 3221 187 3280 rel
207 3223 288 3282 illud
307 3222 357 3284 rel
376 3220 461 3281 aliud
480 3221 676 3302 quodcunque
697 3241 824 3295 nomen,
854 3219 934 3299 quod
963 3234 1089 3296 statuat,
1109 3237 1242 3302 oportet;
1265 3222 1313 3284 sed
1329 3241 1362 3280 se·

137 3319 266 3378 cundum
287 3335 422 3382 naturam
451 3319 575 3380 nomina
598 3304 842 3400 pronuncianda,
865 3340 937 3398 quae
950 3321 1043 3396 fiere,
1074 3322 1182 3397 confite
1191 3367 1201 3398 ‚
1228 3329 1363 3392 inemec,

110 3477 114 3485 ,
137 3425 256 3479 onerari
273 3432 385 3480 notant.
426 3421 499 3478 Nam
520 3419 543 3478 si
565 3417 638 3496 quid
658 3417 766 3496 aliquis
785 3415 915 3499 dicendo
934 3418 1054 3493 statuit,
1075 3418 1162 3478 facile
1184 3419 1363 3499 redarguitur.

85 3535 90 3540 ·
135 3517 223 3576 Hune
239 3530 334 3576 autem
354 3517 393 3576 ad
413 3517 531 3576 modum
551 3531 580 3575 et
600 3514 770 3594 singulatim
791 3514 827 3574 de
849 3514 971 3595 singulis
992 3515 1074 3596 loqui
1085 3529 1197 3596 oportet
1209 3531 1238 3578 et
1254 3517 1289 3576 de
1298 3515 1363 3576 mul-

136 3615 174 3674 tis
193 3615 230 3696 1¹1.
249 3637 340 3674 unum
361 3615 509 3674 collectis:
532 3614 565 3672 in
586 3613 693 3692 quibus
711 3613 859 3672 hominem
880 3627 999 3672 censent
1018 3628 1046 3673 et
1065 3613 1193 3694 lapidem
1213 3630 1297 3694 atque
1313 3613 1363 3672 arii·

73 3776 79 3786 ,
136 3714 196 3773 mal
216 3713 442 3792 unumquodque
462 3727 493 3771 et
513 3733 613 3790 genus.
654 3711 814 3770 Placentne
835 3710 892 3770 tihi
913 3697 1003 3786 haec,
1025 3713 1226 3796 Theaetetel''
1251 3708 1288 3793 3)‘

74 3853 77 3860 .
177 3811 290 3870 ironiae
311 3811 398 3892 plena
419 3825 486 3870 sunt
507 3799 584 3884 fere,
606 3829 679 3888 quae
701 3807 781 3890 apud
800 3809 950 3868 Platonem
972 3810 1102 3872 Socrates
1123 3812 1155 3873 in
1176 3807 1362 3892 sophistasdi-

136 3911 186 3968 cit.
229 3910 293 3984 Quo
314 3908 366 3984 fit,
388 3923 420 3968 nt
440 3909 539 3970 multis
559 3909 592 3972 hi
612 3908 744 3970 homines
766 3931 826 3968 non
848 3928 1018 3990 magnopere
1039 3908 1245 3984 solertes‚imo
1256 3905 1362 3968 ridiculi

138 4006 303 4068 rideantur.
347 4007 497 4087 Perperatn
519 4029 572 4070 nos
592 4021 689 4067 autem
708 4005 779 4066 inde
800 4005 856 4065 hoc
863 4006 1010 4084 judicium
1025 4019 1164 4088 petamus.
1185 4008 1257 4066 Nam
1276 4003 1362 4066 eadem

136 4106 173 4166 de
194 4127 292 4164 caussa
313 4105 422 4185 pariter
443 4119 471 4163 et
491 4111 588 4185 poetas
609 4119 724 4165 tantum
745 4126 806 4166 non
827 4126 943 4180 omnes,
964 4106 1014 4183 qui
1036 4126 1051 4162 a
1074 4104 1192 4164 Platone
1219 4123 1363 4163 memoran-

140 4227 197 4328 ἰ)
216 4265 313 4314 anter.
330 4261 388 4314 153.
407 4262 437 4312 n.
450 4261 553 4314 -15a
571 4263 601 4315 n.
620 4294 624 4302 -

171 4347 197 4409 2)
212 4349 327 4400 Illustrat
339 4349 401 4398 haec
412 4349 532 4399 Socrates
550 4349 692 4416 deinceps,
714 4349 757 4401 ubi
773 4349 865 4402 eadum
887 4349 919 4401 ad
936 4357 1065 4418 gustum
1087 4348 1167 4399 refert
1182 4363 1207 4414 p.
1227 4343 1281 4396 159.
1297 4340 1322 4394 C.
1338 4341 1362 4388 ll·

172 4431 198 4496 3)
220 4434 314 4488 lleeoet.
331 4433 390 4484 155.
408 4434 435 4481 n.
450 4431 557 4484 -157,
576 4431 605 4482 G.
686 4463 690 4474 ·
