2838 5120
742 263 802 325 2¹14

157 427 329 488 Socraticam
349 426 550 486 inductionem
571 425 767 486 conabamurt
790 426 820 508 l)
857 442 910 487 nec
930 428 1017 506 hujus
1041 439 1083 486 eet
1107 426 1182 502 loci,
1208 445 1239 486 ea
1266 426 1367 506 longius

154 529 296 613 persequi.
338 523 413 600 Sed,
433 525 572 606 explicita
596 525 709 605 analysi
729 527 896 602 Platonica,
917 527 1069 604 exquirere
1086 545 1166 584 nunc
1186 526 1288 603 jurat,
1306 525 1367 603 quid

153 618 267 685 Platoni
285 623 451 685 Aristoteles
469 641 534 682 cum
555 625 689 684 universe
719 625 756 684 ad
784 624 963 684 tractandam
991 618 1191 698 dialecticam,
1222 637 1283 681 tum
1310 643 1367 682 tero

152 726 238 790 etlam
253 723 372 785 adhanc
382 723 473 804 ipsam
489 719 703 804 explanandam
713 722 920 804 syllogisticam
934 723 1075 782 rationem
1088 719 1223 782 debuisse
1237 719 1366 782 videatur.

191 822 298 884 Ubiyis
317 820 485 881 Anatoteles
502 821 536 880 in
556 820 672 902 scriptis
691 821 751 882 suis
769 822 876 880 refutat
896 819 1061 880 Platonem:
1083 817 1162 878 unde
1180 815 1252 878 haec
1271 820 1367 879 exstitit

150 923 306 983 multorum
329 919 509 980 eruditorum
528 919 644 1000 opinio,
667 939 725 979 esse
743 921 805 998 ejus
821 919 984 982 doctrinam
1002 934 1119 1000 prorsus
1137 919 1275 996 omnique
1298 929 1366 997 parte

150 1021 316 1080 Platonicae
342 1017 523 1078 contrariam.
572 1018 629 1092 Qui
651 1037 730 1078 error
750 1039 782 1078 eo
800 1032 828 1078 et
845 1017 933 1078 latius
951 1017 1053 1098 serpsit
1074 1030 1102 1076 et
1120 1015 1249 1109 iqvalnit
1273 1015 1365 1094 magis,

150 1137 206 1198 quo
227 1115 426 1176 vehementius
455 1116 632 1178 seinvicem
661 1117 820 1197 aliquando
840 1117 1009 1198 impugnare
1039 1115 1186 1194 utriusque
1213 1111 1366 1196 philosophi

150 1229 322 1291 sectatores,
353 1215 495 1274 Platonici
519 1224 547 1274 et
567 1214 763 1290 Aristotelici,
783 1227 952 1296 coeperunt.
993 1212 1155 1274 Fatendum
1174 1214 1295 1274 omnino
1317 1223 1363 1284 cst,

149 1313 344 1375 dissensisse'
336 1333 368 1372 ιιι
385 1313 492 1372 caussis
520 1313 697 1392 gravissimis
716 1333 731 1372 a
751 1314 885 1394 magistro
904 1312 1105 1386 Aristotelem,
1126 1311 1204 1390 quod
1222 1323 1287 1370 tum
1304 1322 1361 1390 pate

148 1412 193 1472 ltit
221 1411 306 1472 nohis
324 1413 466 1485 maxime,
488 1410 539 1470 ubi
568 1409 605 1469 de
635 1409 709 1470 ideis
738 1411 868 1473 Platonis
895 1425 923 1470 et
942 1410 1051 1471 mundo
1071 1431 1168 1514 roptqt
1198 1408 1268 1474 dati
1296 1408 1363 1488 operi

147 1531 244 1570 sumus
263 1510 366 1570 acturi.
409 1508 519 1584 Quodsi
548 1509 632 1588 quis,
655 1507 739 1569 nullo
757 1508 862 1570 ductus
882 1511 1009 1592 partium
1029 1512 1145 1587 studio,
1144 1471 1294 1591 'perlecto
1311 1506 1365 1566 Pla-

146 1615 213 1669 tone
233 1608 430 1690 perpensaque
455 1610 516 1686 ejus
541 1607 745 1689 philosophia,
767 1609 968 1668 Aristotelem
979 1609 1081 1690 legerit
1107 1610 1266 1689 deinceps,
1293 1605 1366 1665 mirer

146 1707 299 1787 equidem,
320 1707 344 1766 si
365 1727 425 1767 uon
444 1706 642 1788 perspexerit,
664 1706 814 1766 inchoasse
844 1703 935 1766 multa
962 1706 1129 1784 Platonem,
1150 1727 1223 1788 quae
1245 1706 1366 1766 Aristote-

145 1807 189 1865 les
207 1806 330 1886 perfecit
348 1815 462 1886 postea:
485 1803 563 1866 viam
589 1802 734 1884 discipulo
761 1795 993 1864 monstrassent
1021 1805 1190 1887 patefecisse
1211 1804 1365 1875 doctorem,

145 1924 231 1983 qnam
249 1903 307 1961 nisi
326 1903 466 1962 tenuisset
482 1902 666 1978 Aristoteles,
688 1899 773 1962 tanta
788 1901 836 1960 hic
860 1915 1002 1982 praestare
1022 1901 1244 1986 philosophiae,
1272 1913 1364 1982 quauta

146 2003 306 2083 praestitit,
327 2000 407 2060 haud
425 2001 510 2060 facile
535 2001 693 2082 potuisset:
716 2001 910 2080 omninoque,
929 2014 962 2059 ut
979 1999 1141 2062 Socraticus
1159 2002 1279 2084 proprie
1298 2001 1365 2061 Plau

144 2101 221 2176 fuit,
242 2101 283 2182 ita
300 2119 366 2158 eum
384 2099 418 2158 in
434 2098 553 2159 modum
572 2098 608 2156 ab
634 2098 688 2158 hoo
716 2095 902 2158 informatum
922 2097 1105 2158 Aristotelem
1124 2100 1231 2175 fuisse,
1262 2099 1363 2158 atvero

143 2198 203 2259 dici
232 2177 398 2259 Platonicus
418 2199 516 2279 posslt.
553 2197 628 2257 Ex
620 2215 699 2290 ipsa,
720 2214 806 2277 quam
815 2193 943 2258 modo
935 2197 1132 2272 instituimus,
1153 2197 1358 2277 disquisitione,

144 2299 214 2358 haec
233 2297 372 2358 continuo
400 2295 616 2375 intelliguntur.
658 2297 730 2354 Nam
760 2294 837 2374 quod
866 2295 914 2354 hic
943 2296 1064 2375 agitavit
1093 2315 1228 2376 magnum
1256 2278 1361 2355 sanda

144 2409 256 2456 vastum
275 2393 450 2468 consilium,
470 2407 503 2452 ut
522 2408 596 2452 artes
616 2413 713 2452 omnes
731 2392 933 2474 doctrinasque
953 2393 1187 2476 philosophando
1206 2394 1363 2475 complecte-

144 2505 241 2568 retur,
263 2492 420 2573 repcsitum
441 2489 495 2552 hoc
515 2505 574 2566 est,
603 2504 636 2549 ut
663 2491 810 2567 vidimus,
832 2492 864 2552 in
893 2492 1022 2552 Platonis
1050 2491 1252 2574 philosophia,
1283 2491 1328 2572 qui
1351 2509 1363 2545 a

144 2591 228 2678 nullo
241 2603 340 2650 aarum
357 2607 460 2671 genere
479 2589 608 2648 alienum
628 2602 686 2648 esse
706 2607 807 2670 verum
827 2589 1033 2672 philosophum
1050 2589 1265 2664 contendebat,
1286 2586 1362 2669 quud·

143 2707 199 2770 qne
218 2690 256 2748 ab
275 2689 341 2749 aliis
359 2688 543 2771 postulabat,
565 2689 676 2769 ipsein
694 2688 839 2768 plerisque
856 2687 998 2769 dialogis,
1010 2690 1045 2749 in
1064 2689 1166 2770 primis
1185 2688 1218 2746 in
1241 2688 1362 2757 Timaeo,

143 2791 238 2849 facere
258 2799 471 2868 aggressusest.
514 2786 589 2848 Tum
608 2789 693 2847 etiam
704 2832 713 2862 ,
735 2786 813 2866 quod
833 2787 918 2867 vulgo
937 2786 1046 2847 dicitur
1065 2789 1175 2869 primus
1199 2786 1289 2846 fuisse
1306 2785 1363 2846 Ari-

143 2888 257 2948 stoteles
267 2933 275 2962 ,
303 2887 355 2966 ‘qui
374 2886 547 2970 disciplinas
568 2900 633 2967 apte
654 2885 864 2965 distingueret,
886 2884 996 2946 adhoc
1016 2886 1085 2946 item
1106 2885 1235 2947 vidimus
1260 2886 1361 2966 signum

142 2996 209 3047 aute
237 3003 302 3054 eum
331 2986 479 3046 sustulisse
509 2981 669 3044 Platonem.
692 2979 724 3062 2)
762 2983 820 3042 Sed
840 2983 894 3044 hoc
919 2983 1021 3044 debuit
1045 2985 1078 3044 in
1107 2985 1211 3066 primis
1239 2983 1362 3062 magistro

141 3077 321 3168 discipulus,
343 3097 375 3143 ut
395 3082 557 3144 disserendi
578 3083 689 3142 ratione
707 3082 855 3163 analytica
875 3095 1022 3159 uteretur,
1042 3103 1099 3164 qua
1124 3084 1249 3143 maxime
1269 3078 1361 3141 doctri·

142 3185 189 3242 nis
207 3183 416 3262 omnibusque,
445 3197 517 3262 qnae
537 3181 692 3256 tractavit,
713 3181 890 3260 argumentis
908 3179 1007 3240 lumen
1026 3180 1144 3249 affudit:
1174 3182 1267 3262 ipsam
1286 3178 1361 3260 syllo-

138 3281 289 3361 gisticam,
311 3295 343 3340 ut
362 3280 451 3341 terho
467 3283 528 3359 jam
548 3279 733 3352 monuimus,
754 3278 900 3358 analytice
917 3281 1060 3360 exposuit.
1082 3277 1113 3360 3)

182 3379 268 3454 Quod
287 3385 380 3462 autem
400 3391 505 3440 novam
526 3378 626 3451 illam,
646 3395 733 3456 quam
753 3377 900 3438 invenisse
919 3377 1047 3454 dieitur,
1068 3377 1237 3437 methodum
1255 3377 1359 3446 attinet,

136 3475 195 3557 ,ltuc
213 3490 344 3554 constat,
366 3493 397 3538 ut
425 3477 559 3538 inventio
589 3473 750 3556 praeeedit.
765 3473 984 3555 probationem,
1006 3475 1046 3534 sic
1074 3475 1281 3556 syllogisticam
1309 3474 1359 3532 sire

51 3613 53 3616 v
140 3576 293 3656 synthesin
316 3575 429 3658 analysi
457 3575 619 3634 succedere.
670 3569 733 3632 Nisi
759 3573 908 3634 cernendo
932 3573 1140 3653 ,iungendoque
1161 3573 1252 3632 multa
1272 3568 1358 3630 etalii

141 3673 308 3758 philosophi
331 3675 506 3735 etSoc1·ates
530 3695 562 3732 ac
588 3673 689 3748 Plato,
711 3686 739 3732 et
758 3672 820 3752 ipse
839 3671 1006 3732 Aristotcles
1032 3672 1229 3747 inuenissent,
1249 3669 1359 3752 probare

174 3943 198 4009 i)
217 3945 294 3998 Ιιιίοὲιι
333 3946 417 4001 Alo.

172 4028 198 4094 2)
217 3964 332 4084 Imitatuh
358 4033 425 4086 adeo
451 4032 500 4084 hac
524 4033 549 4082 iu
569 4045 598 4080 re
616 4029 750 4102 Platonem
773 4027 929 4081 Aristoteles
948 4036 996 4081 est.
1031 4027 1116 4080 Veluti
1134 4029 1159 4079 in
1179 4024 1355 4098 distinguendis

138 4125 288 4190 dialectica,
318 4125 448 4178 rhetorica
477 4133 503 4178 et
524 4124 648 4191 politica,
681 4106 855 4186 ιὀιοδύιται,
888 4124 938 4187 ait,
963 4105 1028 4198 ¹cittii
1058 4106 1093 4174 tri
1124 4112 1231 4196 σχῆμα
1254 4107 1288 4176 ati
1309 4108 1355 4190 τῆς

136 4218 284 4298 πολιτικῆς
313 4208 335 4296 η’
365 4209 521 4297 ῥητορική,
548 4214 598 4276 καὶ
623 4211 651 4276 οἱ
677 4210 907 4294 ἀντιποιούμενοι
933 4210 1051 4297 ταύτης.
1078 4227 1266 4291 Pheronia,
1289 4227 1310 4276 l.
1324 4249 1354 4258 -

137 4319 213 4380 Quod
238 4319 328 4371 sumsit
359 4335 373 4370 e
403 4317 518 4370 Platonis
544 4321 637 4387 Gorgia
659 4319 717 4371 tot.
739 4319 769 4370 B.
790 4319 832 4370 ubi
859 4309 952 4372 dehis
975 4320 1039 4385 ipsis
1058 4318 1156 4372 artibus
1179 4313 1352 4388 distinguendis

118 4407 198 4471 .agit.
235 4405 310 4456 Vidd.
336 4406 458 4481 luitiup
486 4403 548 4467 165,
567 4405 626 4456 266.

169 4487 196 4552 3)
214 4489 334 4558 luitiup.
353 4489 412 4542 246.
