2950 5134
292 307 365 334 *¹
685 305 840 376 59,

97 468 187 527 borum
206 487 276 540 usu,
298 479 429 526 accurata
449 467 608 545 argumenti
629 466 820 539 definitione,
843 467 978 524 interiore
1000 465 1092 524 animi
1112 464 1233 542 bumani
1254 487 1323 547 per-

97 566 295 646 vestigatione:
338 564 415 623 valet
444 565 531 622 unice
558 562 595 623 ad
625 585 751 626 caussam
779 563 987 639 obtinendam,
1018 581 1105 642 quam
1136 579 1323 645 proposuerat

96 665 200 744 Lysias,
231 665 338 722 amanti
366 661 520 742 gratificari
551 683 610 720 non
636 675 765 744 oportere
791 664 939 740 juvenem.
983 661 1211 736 «Quaerendum
1239 662 1324 720 nobis

96 763 209 843 primum
221 808 229 836 ,
256 763 372 841 inquit,
404 759 476 838 quid
500 760 537 818 sit
561 779 656 819 amor:
687 773 749 819 tum
777 760 917 838 quidnam
944 779 991 818 ctt-
1006 779 1039 820 eo
1067 761 1245 840 percipiatur
1275 760 1325 820 vel

96 859 268 918 emolumenti
302 859 350 920 vel
383 859 492 918 damni.
548 859 649 918 Omnis
677 877 755 918 amor
788 858 933 939 cupiditas
972 873 1013 917 est
1046 858 1206 938 quaedam:
1247 857 1322 932 sed,

96 973 122 1016 ut
148 958 234 1017 multa
260 972 328 1017 sunt
352 978 454 1037 genera
480 957 690 1037 cupiditatum,
712 977 833 1036 quorum
852 955 909 1014 alia
928 956 988 1015 alio
1006 970 1155 1037 spectant,
1184 957 1224 1016 ita
1245 977 1324 1016 amor

96 1057 259 1137 voluptatem
286 1056 395 1137 appetit
424 1055 642 1135 pulcritudinis.
692 1057 796 1129 Porro,
821 1075 887 1114 cum
916 1054 974 1113 duo
1003 1043 1087 1115 uobis
1108 1056 1217 1129 insint,
1249 1075 1321 1132 quae

94 1155 164 1233 sequi
191 1154 330 1213 soleamus
356 1171 528 1232 quocunque
555 1153 682 1228 ducant,
713 1156 862 1234 primum,
885 1155 993 1212 ⁴innata
1024 1152 1094 1212 baec
1124 1153 1208 1212 nobis
1236 1154 1327 1234 cupi·x
1408 1137 1410 1146 Ι

94 1251 159 1311 ditas
176 1251 386 1333 pulcritudinis
413 1265 441 1310 et
469 1251 644 1333 voluptatis,
665 1265 727 1310 tum
756 1251 897 1326 alterum,
918 1251 992 1310 boni
1018 1250 1211 1325 existimatio,
1232 1255 1323 1312 ratio-

94 1371 125 1408 ne
149 1364 175 1408 et
199 1348 294 1408 studio
319 1363 418 1428 parta,
441 1369 518 1407 amor
540 1351 603 1408 sine
626 1351 737 1409 ratione
766 1349 874 1410 bonive
902 1347 998 1408 studio
1023 1347 1060 1406 ad
1085 1350 1321 1429 cerporistrahit

95 1447 254 1528 voluptates.
265 1471 280 1504 u
304 1447 367 1505 Hac
379 1447 537 1528 praemissa
555 1449 658 1507 amoris
677 1447 849 1508 definitione
859 1494 867 1523 ,
887 1446 977 1506 efficit
995 1446 1065 1506 inde
1084 1445 1230 1522 Socrates,
1257 1470 1319 1528 per·

94 1545 308 1620 niciosum,‘'esse
332 1546 438 1622 juveni
466 1565 610 1604 amoremr
639 1559 792 1605 amatorem
822 1547 927 1620 enim,
956 1546 1064 1626 quippe
1094 1545 1237 1626 voluptati
1263 1568 1335 1606 serv

94 1643 225 1718 rientem,
247 1641 280 1702 id
308 1643 393 1702 unice
427 1663 527 1722 agere,
549 1657 580 1702 ut
608 1644 746 1704 amasium
776 1644 833 1703 sibi
861 1643 968 1704 reddat
993 1663 1078 1721 quam
1108 1644 1317 1722 gratissimum:

93 1739 164 1800 haud
187 1743 261 1800 ferre
285 1741 395 1821 igitur,
413 1740 449 1799 ab
479 1761 510 1800 eo
531 1761 559 1800 se
579 1743 642 1804 site
660 1741 796 1821 ingenio,
819 1742 880 1802 sive
902 1741 1096 1816 iorutudine,
1121 1743 1180 1802 sive
1204 1741 1319 1828 divitiis

93 1841 209 1919 superari
225 1838 277 1899 'aut
291 1841 424 1918 aequari:
447 1857 514 1898 nam
529 1854 640 1918 gratum
658 1857 718 1900 esse
736 1840 896 1900 insanienti
915 1838 1064 1918 quidquid
1080 1861 1141 1900 nou
1158 1854 1316 1920 repugnets
1385 1897 1387 1902 ,

52 1973 55 1982 ‚
92 1937 224 2016 quidquid
243 1959 312 1998 vero
331 1937 378 1997 vel
396 1938 527 2018 superius
542 1938 579 1996 sit
594 1937 642 1998 rel
657 1959 728 2018 par,
750 1939 805 2018 ipsi
825 1959 883 1998 esse
900 1938 1060 2000 inimicum.
1082 1937 1182 2016 ltaque
1197 1921 1230 1996 eo
1248 1959 1317 1998 con·
1361 1967 1365 1974 ·

92 2033 198 2094 tendere
214 2049 374 2110 amantem,
396 2049 428 2093 ut
454 2036 591 2096 amasium
619 2034 726 2097 efficiat
750 2035 888 2112 mallem,
909 2036 1068 2114 ignarum,
1086 2036 1318 2111 effoemiaatum.,

91 2152 217 2210 egenum,
246 2133 383 2194 excludat
411 2155 477 2192 enm
503 2134 644 2194 bonorum
669 2136 897 2211 consuetudine,
927 2126 1003 2196 tides
1027 2128 1065 2195 iia
1094 2127 1210 2212 μάλιστ’
1238 2129 1312 2216 ἁνήρ

91 2226 218 2309 ylyrouo,
241 2234 323 2292 unde
339 2239 468 2290 metm
484 2239 581 2308 possit
600 2236 810 2304 circumdem
831 2235 968 2296 excludat
988 2255 1054 2296 cum
1071 2235 1142 2296 adico
1160 2251 1313 2316 arceatque

93 2330 183 2410 procul
210 2331 246 2390 ab
274 2351 371 2390 eornm
399 2349 471 2404 usu,
493 2329 572 2390 unde
601 2333 723 2390 manime
750 2333 838 2411 pessit
867 2334 981 2414 sapiens
1012 2334 1093 2394 lieri:
1124 2316 1216 2396 reiro
1234 2331 1312 2417 <liei

93 2427 153 2488 θεία
172 2426 332 2511 φιλοσοφία
351 2418 487 2508 repperiret
510 2421 556 2488 iir·
577 2431 612 2486 id
630 2441 732 2488 eatam
752 2441 796 2490 est
813 2431 918 2490 deine
935 2435 1144 2512 philosophie:
1163 2459 1220 2516 quo
1243 2459 1315 2498 sane

94 2529 184 2591 damno
202 2533 292 2610 majus
311 2531 481 2610 graviusque
498 2530 610 2589 homini
631 2529 732 2588 inferri
756 2529 873 2588 nullum
890 2545 991 2610 potest.
1017 2530 1046 2612 1)

125 2629 176 2688 Sed
199 2631 274 2690 banc
303 2629 425 2688 Socratis
453 2628 490 2688 de
513 2649 607 2687 amore
636 2629 793 2687 orationem
817 2623 857 2686 ita
887 2629 1081 2710 intelligemus
1110 2636 1251 2709 maxime,
1279 2650 1311 2694 ut
1348 2677 1351 2688 ,

93 2725 297 2806 diligentissime
312 2726 520 2786 adverterimus
535 2747 626 2786 moses
645 2726 841 2804 libidinesque
854 2727 983 2805 gentium
1003 2731 1194 2808 antiquarum.
1217 2733 1253 2792 In
1267 2732 1313 2792 his

94 2826 210 2886 omnibus
230 2825 380 2886 obtinebat
404 2845 482 2882 amor
509 2827 602 2906 turpis
622 2839 650 2884 et
675 2824 803 2901 abjectus
814 2870 822 2898 ,
843 2825 895 2902 qui
916 2827 1001 2884 unice
1021 2829 1218 2888 contineretur
1232 2851 1314 2892 seu-

94 2943 162 2982 suum
186 2923 403 3006 voluptatibus,
421 2923 479 2982 imo
498 2937 617 2982 naturae
642 2937 814 3003 repugnaret
833 2935 861 2982 et
880 2922 979 2988 hestiis
999 2923 1070 2984 adeo
1095 2927 1229 2996 viliorem
1248 2927 1314 2988 effi—

94 3035 156 3080 ceret
176 3023 330 3088 hominem.
380 3022 478 3100 Neque
506 3020 658 3080 obtinebat
679 3020 730 3080 ille
756 3033 868 3080 tantum
891 3021 923 3080 in
951 3021 1076 3082 rudibus
1097 3039 1127 3083 et
1152 3027 1315 3105 agrestibus

94 3117 263 3180 homiuibus:
284 3119 488 3180 dominabatur
505 3119 594 3199 plane
612 3121 644 3178 in
664 3119 734 3200 ipsis
754 3119 859 3191 saeris,
881 3119 911 3178 in
933 3119 1014 3178 cultu
1029 3121 1137 3181 Bamhi
1147 3166 1156 3196 ,
1175 3125 1314 3198 Veneris,

95 3215 190 3298 Priapi:
212 3219 366 3300 praeibant
383 3217 541 3278 sacerdotes
550 3263 558 3291 ,
580 3217 773 3296 sequebantur
792 3217 904 3297 pepuli.
946 3218 1017 3277 Nam
1036 3234 1069 3278 ut
1086 3220 1173 3282 bomo·
1187 3224 1315 3302 primum

95 3317 209 3395 stupidus
231 3331 326 3376 estet
349 3297 465 3397 languet
489 3321 547 3374 tam
572 3337 707 3395 corpore,
727 3335 812 3394 quam
830 3315 927 3374 animo
947 3349 986 3362 ··-
1009 3311 1082 3395 qua‘e
1103 3321 1236 3380 conditio
1255 3322 1313 3380 luia

95 3409 357 3496 Ichthyophagorum
384 3429 411 3474 et
439 3415 702 3496 Troglodytarum,
733 3427 761 3472 et
788 3429 829 3474 est
856 3415 999 3496 hodieque
1028 3417 1210 3494 mortalium,
1240 3439 1312 3498 quoe

95 3513 167 3572 variis
182 3515 213 3572 in
232 3513 399 3594 regionibus
418 3529 445 3574 et
464 3513 534 3574 olim
552 3527 580 3574 et
598 3512 786 3593 praecedente
810 3533 880 3572 aevo
908 3515 1085 3576 inuenerunt
1108 3517 1250 3597 Europaei
1270 3551 1309 3564 -ι-

96 3607 125 3664 ita
139 3614 223 3694 prima
242 3627 283 3672 est
306 3613 462 3692 progressio
487 3613 525 3673 ad
551 3612 757 3671 humanitatem
768 3657 776 3684 ,
799 3625 831 3670 nt
850 3633 885 3670 ex
904 3613 957 3672 hoc
976 3635 1075 3695 sopore
1100 3629 1128 3674 et
1146 3616 1309 3678 indolentia

96 3707 211 3784 evigilet,
238 3709 433 3791 appetitibus,
448 3709 674 3790 cupiditatibus,
691 3708 807 3782 studiis,
829 3708 1005 3770 libidinibus
1023 3712 1172 3772 excitetur.
1205 3715 1308 3789 Quam·

97 3801 175 3866 obrem
193 3808 262 3877 dum
287 3808 392 3888 vulgus
417 3823 514 3868 manet
540 3811 572 3868 in
597 3807 698 3868 eodem
722 3821 855 3888 stupore,
875 3810 961 3890 primi
980 3823 1050 3871 sunt
1065 3811 1237 3887 sacerdotes,
1258 3817 1309 3894 qui

97 3902 233 3981 evigilent,
254 3905 451 3988 uoluptatibus
469 3907 631 3980 ducantur,
653 3906 833 3985 voluptatum
861 3907 985 3986 insignia
1012 3921 1041 3966 et
1061 3908 1117 3970 sibi
1137 3924 1166 3968 et
1188 3915 1308 3974 caeteris

98 3997 248 4079 informent,
277 4005 391 4086 phallos
414 4020 441 4064 et
463 4005 569 4072 similia
598 4003 706 4085 populo
731 4017 912 4084 proponant,
943 4005 974 4062 iu
999 4006 1167 4068 solennibus
1195 4013 1306 4090 pompis

98 4091 154 4156 haee
170 4102 384 4176 circumferant,
406 4117 436 4161 ut
456 4103 518 4160 fieri
538 4101 615 4182 apud
638 4102 791 4181 Aegyptios
812 4100 938 4175 solebat,
961 4101 993 4182 2)
1023 4101 1070 4163 uel
1096 4105 1244 4166 celebrent
1274 4109 1305 4166 in

104 4293 331 4318 “Q—uu...-

128 4411 146 4475 ¹t
162 4416 257 4475 tuear.
271 4423 413 4477 aar-an:
429 4425 458 4476 n.

126 4495 147 4562 2)
162 4502 246 4559 uerae.
262 4509 292 4563 u.
310 4511 352 4564 ae.
