2886 5118
660 275 719 334 tite
778 321 780 328 ,

69 438 380 518 ἱηάυἰςεηῑ’·οοιῬοι·ὶε
411 457 603 516 sensuumque
633 431 810 520 appetitibus
839 454 872 492 ac
904 432 1122 514 voluptatibus,
1150 439 1242 519 iisqne
1272 458 1301 498 se

67 539 129 618 rapi
159 536 338 616 in·pessima
370 551 498 614 quaeque
520 535 640 596 sinunt.
682 532 824 608 Quocirca
851 530 883 590 bi
913 531 950 590 ab
986 533 1023 592 iis
1047 535 1202 611 omnibus,
1222 517 1308 637 ,un

68 636 153 694 unice
172 634 304 694 homines
325 633 443 708 decent,
464 653 480 690 a
498 631 600 712 pulcro
620 645 647 691 et
667 631 763 706 bono,
792 651 808 688 a
828 629 1003 706 virtutibus,
1033 632 1070 691 ab
1091 635 1152 714 ipsa
1170 635 1301 715 philoso-

67 733 137 814 phia
153 732 340 815 abripiuntur
355 730 468 810 procul.
511 730 728 803 Veruntamen,
747 743 779 788 ut
797 727 877 809 apud
892 727 1063 809 Euripidem
1082 747 1139 793 est:

183 883 188 891 .
280 859 282 866 >
337 823 400 889 ἀλλ’
412 822 474 888 ἔστι
492 821 533 909 δή
555 851 598 902 τις
620 820 707 901 ἄλλος
721 822 758 888 ’ἐν
778 829 897 910 βροτοῖς
911 817 1014 908 Ἔρως

336 930 441 1012 ψυχῆς
462 927 588 1004 δικαίας,
613 921 772 1010 σώφροὶιός
792 951 822 990 τε
843 922 991 1014 κᾴγαθῆς.
1005 931 1036 1011 l)

70 1036 303 1110 Uruur'uaamor·
323 1034 453 1108 s'cilicet,
478 1051 564 1111 quem
583 1053 599 1091 a
618 1031 731 1112 vulgari
751 1031 910 1114 diligenter
929 1031 1007 1112 apud
1023 1030 1174 1090 Platonem
1194 1033 1295 1094 Pausa·

66 1135 128 1194 nias
147 1122 322 1214 distinguit,
343 1126 449 1210 csiiqu'e
468 1143 496 1190 et
515 1133 577 1212 ipse
597 1144 626 1189 et
645 1127 792 1190 Phaedrus
811 1139 839 1187 et
857 1131 926 1188 uero
946 1129 1072 1188 Dictime
1086 1130 1179 1206 justas
1199 1129 1300 1190 laudes

65 1233 187 1292 tribuit:
220 1231 258 1290 ad
285 1233 420 1298 animum
441 1231 494 1318 ille
513 1229 671 1308 'animique
701 1226 847 1302 desideria
866 1224 1032 1305 explenda,
1058 1247 1116 1285 non
1136 1225 1175 1290 ad
1194 1248 1297 1309 corpus

65 1318 222 1408 sens'nsqne
239 1331 375 1411 pertinet.
419 1327 480 1386 Hoc
500 1327 549 1405 qui
572 1325 709 1400 ducitur,
739 1323 817 1402 quod
838 1328 922 1403 podta
940 1323 999 1397 ait,
1028 1329 1166 1387 amasium
1185 1325 1297 1386 deside·

64 1442 107 1487 rat
124 1441 212 1510 atque
230 1429 377 1506 anquirit,
397 1419 503 1504 ’ψυχήν
524 1420 639 1486 δικαίαν
661 1415 805 1503 σώφρονά
825 1443 857 1482 τε
878 1412 1030 1504 κᾷγαθήν,
1051 1446 1136 1505 quem
1155 1409 1298 1484 ubi‘inve·

64 1528 123 1585 nit*
137 1522 347 1606 amplexusque
367 1526 538 1586 incredibili
558 1525 676 1600 ardore,
696 1525 753 1584 imo
771 1524 885 1598 lurore,
906 1535 966 1598 est,
982 1536 1095 1584 tantum
1114 1522 1212 1596 abest,
1233 1534 1263 1579 ut
1282 1540 1300 1579 a

63 1619 249 1704 philosophia
278 1644 429 1704 rerumque
458 1610 631 1704 optimarum
655 1623 752 1682 studio
769 1635 798 1682 et
816 1625 910 1682 amore
927 1622 984 1708 'vel
999 1622 1087 1682 illum
1104 1619 1230 1700 abripiat
1250 1618 1298 1678 vel

65 1723 229 1807 abripiatur
255 1723 335 1802 ipse,
364 1737 398 1783 ut
423 1723 530 1782 mutuis
556 1719 640 1782 amhn
669 1721 706 1780 de
733 1721 838 1802 pulcro
866 1733 894 1780 et
922 1721 1000 1782 hono
1025 1719 1118 1798 deque
1139 1719 1248 1779 virtute
1267 1729 1296 1774 et

61 1822 175 1898 justitia
205 1821 385 1885 sermonibus
411 1814 639 1894 incalescentes,
666 1840 725 1897 quo
744 1839 773 1877 se
793 1818 922 1878 invicem
941 1838 1055 1892 amore,
1082 1815 1182 1876 eodem
1201 1813 1296 1894 philo·
1380 1823 1382 1830 '

1 1907 2 1910 Ἴ
64 1917 196 1999 sophiam
224 1918 320 1982 cola-nt
338 1939 370 1977 ac
397 1929 618 2000 prosequantur.
661 1917 757 1994 Hujus
770 1929 869 1976 autem
884 1917 951 1997 puri
971 1915 1157 1993 coelestisque
1177 1913 1298 1985 amoris,

65 2018 173 2096 quique
191 2038 267 2076 unus
289 2017 433 2077 dicendus
448 2011 533 2075 arhor
551 1995 611 2088 est,
631 2014 772 2093 ejusmodi
792 2028 853 2088 est,
882 2013 960 2093 quod
980 2013 1129 2087 diximus,
1149 2011 1182 2070 in
1203 2010 1299 2068 animo

65 2114 192 2174 hominis
211 2115 256 2174 vis
275 2128 303 2174 et
317 2113 489 2189 efficacium,
510 2128 543 2173 ut
563 2122 649 2192 vagas
666 2112 733 2172 illas
751 2133 784 2172 ac
803 2112 937 2193 vulgares
954 2110 1095 2172 libidines
1114 2106 1247 2170 inhibeat
1265 2127 1297 2164 ac

65 2205 204 2272 coerctit.
246 2211 282 2271 Id
313 2227 408 2272 antem
428 2233 487 2290 quo
506 2211 624 2294 plenius
651 2210 850 2290 intelligatur,
870 2210 1083 2270 rationabilem
1103 2210 1135 2268 in
1154 2204 1295 2265 libidines

65 2311 130 2370 istas
161 2323 310 2390 totumque
331 2312 461 2388 animum
479 2310 633 2370 auctoritas
653 2307 864 2370 consideranda
886 2307 970 2369 nobis
989 2305 1224 2386 exquirendaque
1245 2315 1296 2362 est.

574 2413 590 2451 c

278 2504 364 2566 '-De
391 2515 557 2588 rmtponia
584 2516 623 2565 iar
655 2513 778 2584 auimo
807 2517 1051 2566 auctoritate.

102 2702 138 2760 In
160 2701 245 2760 libris
263 2700 300 2760 de
319 2701 449 2782 Legibus
467 2702 570 2782 hospes
580 2680 777 2762 ‘atheniensis
799 2700 882 2760 uduo
903 2701 987 2762 nobis
1005 2703 1127 2771 insunt,
1146 2697 1206 2768 ait,
1225 2717 1294 2754 con·

64 2801 150 2880 trarii⁸
167 2821 200 2859 ac
221 2801 369 2860 dementes
388 2799 568 2874 consiliarii,
589 2821 659 2879 quos
676 2801 860 2876 voluptatem
881 2814 909 2858 et
927 2802 1056 2860 dolorem
1074 2815 1291 2874 nuncupamus:

63 2897 206 2956 accedunt
226 2898 379 2978 opiniones
398 2898 435 2958 de
456 2897 542 2958 rebus
554 2898 668 2972 ¹futuris
678 2944 688 2973 ,
717 2918 790 2976 quae
811 2897 947 2958 universo
966 2899 1082 2958 nomine
1103 2888 1201 2966 ἐλπὶς,
1219 2915 1294 2973 qua·
1329 2883 1336 2894 ¹

63 3009 148 3054 tenus
167 3008 262 3054 autem
280 2994 317 3054 ad
336 3017 380 3054 res
400 2996 495 3054 tristes
507 2995 679 3076 referuntur
688 3042 697 3071 ,
723 2987 830 3074 φόβος,
849 3004 955 3070 timor,
975 3010 1116 3074 quatenus
1135 2993 1173 3054 ad
1190 2993 1294 3064 laetas,

62 3089 192 3177 θάρῤος,
207 3097 389 3171 confidentia
407 3092 557 3153 dicuntur.
588 3094 701 3154 Praeist
721 3095 800 3156 bisce
819 3093 954 3153 omnibus
963 3140 972 3169 ,
991 3114 1078 3173 qnae,
1099 3091 1171 3172 qnid
1189 3089 1292 3150 melius

64 3198 93 3255 in
113 3198 150 3254 iis
167 3196 221 3268 sit,
247 3192 320 3271 quid
334 3193 431 3274 pejus,
461 3189 621 3266 discernit,
640 3203 736 3271 ratio,
754 3189 920 3274 λογισμός.»
934 3192 966 3275 2)
995 3195 1076 3272 qRem
1095 3187 1203 3251 deinde
1222 3185 1292 3244 bos-

64 3315 112 3376 pts
140 3294 193 3353 ille
220 3291 384 3371 bibulam
400 3287 538 3372 Megillo,
565 3309 622 3367 <1¹¹⁰
644 3296 716 3356 haec
736 3302 924 3375 assequantur
943 3290 1078 3365 facilins,
1098 3284 1293 3370 imaguncula·

62 3413 145 3467 rum,
173 3411 247 3468 quae
274 3386 416 3448 funiculis
442 3401 616 3466 moventur,
645 3395 860 3474 comparatione
888 3390 1025 3471 explicat.
1072 3387 1221 3451 «Affectus
1242 3383 1293 3456 hi,

63 3491 177 3568 inquit,
204 3502 237 3547 ut
253 3487 381 3547 funiculi
401 3483 519 3564 qnidam
541 3499 591 3545 aut
610 3492 694 3550 nervi
717 3491 801 3550 nobis
821 3489 924 3550 natnrl
942 3489 1063 3561 insunt,
1091 3484 1198 3564 quihus
1209 3528 1217 3556 ,
1245 3482 1294 3540 lu-

62 3587 209 3647 dicrorum
237 3587 356 3644 istorum
381 3585 473 3643 instar
497 3583 640 3660 trahimur
665 3588 894 3667 retrabimurque
914 3588 946 3645 in
965 3587 1108 3646 variaret
1135 3581 1293 3641 contrarias

62 3701 165 3766 partes.
208 3684 323 3745 Talium
353 3681 602 3763 imaguncularum
630 3684 756 3746 ridicula
785 3686 915 3746 conditio
941 3697 1001 3758 est,
1022 3701 1110 3760 quum
1130 3678 1167 3738 ad
1187 3677 1292 3757 vulgus

62 3783 282 3856 oblectandum,
309 3797 445 3859 tanquam
477 3773 643 3862 datiuum,
674 3784 877 3845 ostenduntur.
919 3782 977 3841 Nos
1006 3778 1141 3838 similiter
1160 3773 1292 3834 mortales

63 3880 274 3942 immortalibus
294 3881 357 3942 Diis
386 3874 533 3959 θαύματα
562 3884 702 3963 quaedam
729 3863 845 3957 snmus,
876 3881 983 3961 qnippe
1009 3897 1081 3956 quos
1109 3875 1243 3954 voluptas
1264 3886 1293 3933 et

62 3983 144 4042 dolor
155 4029 163 4056 ,
185 4002 248 4061 spes
267 4002 300 4042 ac
321 3998 430 4058 metus,
449 3984 505 4042 sihi
522 3985 650 4044 invicem
670 3981 846 4055 renitentes,
865 3978 923 4037 huc
942 3975 1014 4034 illuc
1034 3967 1123 4052 i'nque
1133 3971 1291 4032 contrarias

62 4094 157 4160 partes
185 4079 389 4141 distrahunt»
435 4082 544 4142 Valent
572 4081 780 4159 haec'egregie
809 4079 848 4137 ad
876 4075 967 4135 animi
988 4087 1121 4132 naturam
1142 4068 1292 4130 declaran-

63 4178 138 4238 dam.
180 4179 311 4238 Patiens
331 4179 544 4255 intellectibus,
575 4199 635 4238 non
653 4176 896 4257 ogeur‘conditio
912 4185 1008 4232 nostra
1029 4183 1090 4242 est,
1121 4181 1152 4226 ut
1169 4167 1223 4224 boo
1242 4166 1290 4243 ip-

96 4367 121 4431 1)
141 4368 189 4422 Cff.
204 4371 281 4423 larua
296 4388 323 4439 p.
336 4371 378 4423 60.

96 4452 122 4519 2)
143 4456 179 4508 De
193 4457 264 4524 Lapa.
284 4457 302 4508 l.
319 4456 378 4508 tlt.
394 4456 422 4508 G.
461 4457 499 4509 Gl'.
516 4456 568 4508 Vll.
586 4455 637 4508 803
652 4456 680 4510 C.
