2924 5132
1251 309 1329 368 *15

180 481 217 532 he
234 479 335 548 Cratylo
351 481 477 544 Platonis,
494 482 545 532 sies
562 481 592 530 ds
608 479 763 546 iaqumu,
781 493 855 544 quom
871 493 918 527 rsos
934 491 1064 539 emmaus,
1080 449 1242 546 philosophia
1276 419 1329 528 lilssss

141 601 251 664 Quorum
269 600 420 650 sententiam
437 601 464 651 in
482 599 611 663 Cratylo
628 598 717 662 carpsit
732 596 824 646 Plato?
837 598 946 645 Socratis
963 597 994 645 de
1014 598 1165 663 etymologia
1182 597 1280 662 disqui-

106 687 179 736 rendi
197 687 261 736 ratio
274 686 378 751 qnalisl
560 687 562 692 ’

367 824 405 875 De
421 824 601 892 metaphysica,
618 823 682 891 quod
697 823 802 884 dicitur,
821 819 963 888 linguarum
980 821 1068 872 studio.
1279 817 1330 870 420

140 959 212 1008 Unde
239 961 391 1026 etymologia
419 961 583 1010 offensionem
610 957 739 1024 suscepit?
768 957 901 1005 Verborum
922 957 1122 1007 observationem
1139 973 1223 1005 rerum
1238 957 1279 1005 in-

103 1046 211 1110 quisitio
230 1047 381 1110 praecedere
397 1047 482 1096 debet.
501 1047 612 1096 Platonis
628 1047 655 1094 in
673 1044 821 1108 etymologia
837 1059 945 1096 errores.
963 1045 1046 1109 Ipsius
1061 1044 1138 1093 studii
1154 1044 1278 1092 sacellan-
1325 1034 1326 1042 ¹

104 1134 146 1180 ts'a
173 1136 200 1178 et
215 1133 334 1192 fructus.
369 1133 481 1183 Platonis
504 1133 660 1198 philosophia
683 1131 776 1193 linguis
796 1136 995 1195 repaesentata.
1026 1129 1141 1194 Optabile
1158 1135 1218 1193 est,v
1251 1133 1280 1176 ut

105 1216 251 1282 philosophi
270 1217 415 1280 linguarum
433 1219 509 1268 studii
525 1219 590 1267 fines
603 1221 775 1282 protegentur.

158 1357 214 1420 Quo
229 1359 354 1423 praestitit
370 1359 466 1408 rohone
483 1355 569 1420 Plato,
587 1358 650 1424 praed
663 1353 789 1423 postulare
805 1371 822 1404 o
837 1353 986 1422 philosophis
1002 1355 1163 1423 metaphysici
1178 1355 1269 1421 soient,

516 1451 543 1492 ut
560 1459 576 1492 o
592 1442 671 1510 priori
684 1439 917 1508 philosopharetur?
1280 1440 1331 1494 423

141 1580 437 1644 Metaphpsieorurn
450 1551 638 1644 philosophandi
653 1568 723 1626 ratio.
742 1577 870 1625 Contraria
888 1577 1048 1628 Platonis.

173 1707 176 1720 '
282 1717 320 1768 De
336 1716 505 1784 ussmphgsics'r
522 1715 629 1766 Platonis
646 1713 761 1780 didopis,
780 1715 831 1764 sios
848 1715 877 1764 de
894 1713 1026 1765 Marco
1042 1717 1155 1766 idearum
1215 1695 1216 1698 Ἴ

556 1800 717 1868 disquisitioni
734 1799 879 1850 adhihenda.
1279 1801 1330 1853 1125

139 1938 259 1986 Universa
279 1937 435 1999 dialogorum
455 1939 639 1987 Platonicorum
653 1937 724 1984 ratio.
744 1937 945 1985 maiesataam
960 1942 987 1985 et
1002 1937 1230 2002 metaphysiterurn
1248 1941 1280 1989 si-

105 2022 229 2072 militudo.
244 2024 399 2071 Parmani
409 2024 460 2072 dis
475 2030 502 2072 et
516 2023 652 2072 Philebi
669 2022 802 2087 prooemia.
821 2022 933 2085 Uterque
950 2023 1064 2084 dialogus
1082 2024 1215 2073 dialectiea
1233 2026 1281 2075 dis-

105 2109 249 2172 ceptatione
266 2113 373 2159 constat.
391 2108 582 2181 Disceptationis
597 2108 887 2157 conclusiodesideratur
896 2108 923 2156 in
934 2109 1139 2162 Parmenides
1158 2111 1281 2173 quodam-

105 2193 180 2242 modo
191 2198 272 2241 exstat
280 2195 307 2242 in
318 2195 459 2246 Philebo.
471 2197 525 2258 Quo
534 2200 629 2259 spectat
637 2195 680 2242 hie
689 2194 822 2256 dialogus?
839 2194 914 2256 qualo
923 2195 1111 2258 ejusirsits'uml
1128 2196 1280 2246 Philolai

105 2280 239 2330 sententia.
259 2280 344 2343 Qualis
355 2283 505 2346 progressio
518 2279 709 2344 disputationis?
726 2282 789 2329 llum
803 2279 939 2330 Philebo
953 2282 1101 2330 continetur
1116 2284 1281 2334 ethicasPlu-

105 2364 204 2413 tonicae
219 2366 430 2415 tundamentum?
444 2367 516 2415 Varia
530 2367 624 2414 ratione
638 2365 709 2414 Plato
725 2364 812 2415 eodem
829 2367 945 2432 tetendit.
958 2368 1047 2416 Variae
1063 2370 1233 2418 recentiorum
1247 2371 1279 2420 de

101 2452 195 2514 putore
214 2451 403 2515 disquisitiones
429 2468 480 2515 quo
501 2451 709 2501 valeredebentl
733 2451 900 2504 Memorabilis
917 2454 1027 2503 Socratis
1046 2454 1073 2503 in
1089 2455 1278 2506 Parmenide

105 2538 239 2587 sententia.

162 2677 228 2740 Quid
244 2678 340 2728 taudem
358 2679 544 2734 aeserunium
560 2676 745 2740 aethelward,
764 2673 847 2727 sisoi
858 2680 909 2728 του·
921 2669 1011 2740 ierac,
1026 2678 1132 2730 sciesho
1144 2680 1262 2732 ridetur?
1280 2678 1328 2733 431

138 2795 202 2859 Quid
217 2811 265 2842 nors
278 2797 317 2843 sit
325 2796 430 2845 scientia
445 2811 459 2845 e
476 2797 647 2844 Theaeteto
663 2799 750 2860 patet,
779 2795 840 2858 quid
856 2797 960 2845 sitnon
976 2797 1128 2850 declaratur.
1146 2800 1215 2863 Quae
1229 2801 1278 2850 alia

103 2881 131 2929 in
146 2897 177 2929 eo
193 2881 293 2962 dialogo
309 2887 420 2930 mentem
436 2881 591 2931 advertunt?

171 3017 237 3080 Quid
253 3019 346 3067 veritas
363 3019 431 3086 apud
449 3016 647 3106 Platonemxe'st?
665 3017 757 3080 Quidni
773 3019 901 3068 scientiam
917 3019 985 3070 rehu
1002 3021 1114 3072 veritatis
1131 3023 1251 3074 tradidit?
1297 3041 1311 3072 s

140 3135 212 3184 Plato
226 3151 314 3184 verum
329 3133 360 3186 τὸ
376 3129 408 3186 ir
418 3114 506 3186 vocat:
518 3137 625 3199 linguae
639 3138 744 3186 Batneos
761 3136 920 3187 vocabulum.
939 3139 1004 3202 Quid
1020 3141 1156 3204 apetamus
1169 3144 1278 3206 imagine

103 3221 267 3271 declaratur?
290 3223 319 3270 In
344 3221 486 3286 disciplinis
503 3221 686 3272 mathematicis
701 3226 799 3274 verim
821 3229 909 3273 exstat.
935 3225 1031 3289 Quibus
1048 3233 1179 3292 praeterea
1194 3228 1226 3278 de
1239 3245 1278 3278 re·
1325 3257 1327 3260 ·

101 3308 151 3357 bns
173 3307 290 3369 judicare
314 3312 341 3356 st
364 3308 464 3370 qnando
489 3308 569 3358 licet?
586 3309 704 3358 Veritatis
722 3311 828 3362 scientia
846 3312 987 3362 soliusDei
1001 3319 1048 3364 est.
1067 3315 1132 3380 Quid
1147 3315 1218 3365 deest
1236 3318 1278 3366 he-

101 3394 186 3455 rnini,
214 3395 349 3456 quominus
373 3409 428 3442 eam
453 3395 598 3458 sapientiam
614 3396 714 3458 assequi
730 3398 825 3462 possiti
840 3400 1008 3464 Imperfectus
1021 3401 1134 3449 idearum
1150 3402 1276 3468 intuitus,

101 3496 131 3528 ac
148 3495 308 3550 caussarum,
326 3496 391 3543 quae
407 3495 490 3528 rerum
510 3480 640 3528 moralium
655 3486 681 3528 et
696 3481 837 3530 divinarum
852 3489 925 3548 sunt,
943 3485 1094 3546 ignorantia.

359 3616 411 3668 Cur
429 3617 545 3666 samiae
564 3617 684 3666 humanae
701 3619 816 3668 terminos
832 3635 881 3668 neu
895 3621 978 3687 posuit
994 3619 1088 3673 Plato?
1278 3625 1330 3680 433

136 3737 212 3786 Aliud
230 3737 368 3801 quaerendi
379 3737 480 3785 initium
497 3737 602 3784 Platoni
610 3773 617 3798 ,
634 3736 703 3784 aliud
721 3738 903 3802 metaphysicis
913 3738 971 3790 luit.
991 3741 1068 3788 Plato
1083 3746 1109 3790 et
1123 3747 1277 3794 recentiores

101 3823 254 3889 philosophi.
277 3824 371 3871 llorurn
384 3823 608 3887 philosophsmsta.
633 3823 756 3871 Senonum
772 3823 939 3872 humanorum
954 3825 1133 3889 impedimenta
1150 3831 1277 3892 quomodo

12 3917 21 3926 '
100 3909 241 3974 superanda
271 3908 441 3973 philosopho?
467 3909 578 3957 Platonis
597 3907 730 3958 dialectica
755 3925 866 3970 congrua
891 3916 1028 3975 perpetuae
1048 3914 1158 3962 hominis
1174 3917 1201 3964 in
1217 3933 1278 3968 vero

101 3995 278 4058 cognoscendo
298 3994 474 4058 progressioni.
502 3996 553 4043 lton
569 4002 728 4059 praesentem
743 3999 856 4058 tantum,
887 3995 1059 4056 sedfuturam
1072 4001 1147 4048 etiam
1161 4001 1276 4065 ingenio·

101 4097 157 4131 rum
174 4081 341 4130 instaticnem
358 4079 485 4142 cogitavit.
504 4083 618 4154 Mamor
635 4081 887 4134 Hernstsrhasii.

279 4218 316 4268 De
333 4219 449 4268 modestia
465 4219 615 4287 philosophi,
636 4237 691 4270 curn
708 4237 780 4271 sensu
793 4219 925 4285 facultatis
941 4239 1002 4274 neae
1018 4225 1149 4276 immensae

428 4308 641 4372 marinorumque
658 4322 742 4356 rerum
759 4307 839 4356 studio
856 4307 997 4375 conjuncto.
1274 4311 1326 4364 ⁴3AE

134 4425 198 4472 lton
221 4422 252 4471 ad
280 4423 439 4472 retinendum
462 4424 588 4474 bominem
604 4439 680 4489 quam
697 4423 728 4473 ad
749 4425 912 4474 sseitendurrs
923 4429 1005 4493 aptior
1019 4430 1144 4481 Socmtioa
1163 4431 1276 4497 philoso-

100 4509 178 4576 phia?
195 4509 338 4560 Platonicae
357 4510 501 4590 progressio
513 4511 617 4560 maxims
628 4525 673 4575 per
685 4509 854 4560 diotson'earn.
875 4507 879 4512 ’
