2898 5120
750 303 808 362 496

162 488 234 536 teret
263 474 295 532 iu
323 471 419 532 cloaca
443 468 563 551 publica
585 469 731 546 jacentia,
763 469 849 528 simul
880 484 908 529 et
933 470 1033 531 videre
1066 470 1120 530 illa
1140 471 1283 551 cupivisse
1300 470 1372 530 etab-

161 574 305 633 horruisse
329 590 414 649 seque
442 569 597 628 avertisse:
629 579 656 624 et
683 566 795 625 dudum
824 567 943 646 quidem
967 569 1007 626 ita
1028 589 1124 627 secum
1142 570 1236 648 ipsum
1254 589 1372 650 pugnasse

163 672 333 749 vultumque
361 667 466 756 texisse·
478 713 486 742 ,
509 679 675 747 superatum
701 684 769 723 vero
796 665 913 725 tandem
933 666 1112 746 cupiditate,
1134 665 1171 725 ad
1192 666 1325 728 cadavera
1339 668 1371 724 iu-

161 771 248 829 tentis
275 768 367 828 oculis
395 765 570 839 accurrisse,
597 762 761 823 dicentem:
789 785 853 822 eece
874 767 934 844 jam
958 765 1060 839 vobis,
1081 766 1196 840 miseri,
1219 765 1372 826 desiderium

162 882 287 927 vestrum
302 866 404 947 pulcro
424 863 587 944 spectaculo
608 862 740 943 explete!
783 861 869 937 Quod
885 862 936 921 ubi
957 864 1088 922 narravit
1097 862 1229 922 Socrates
1253 877 1372 924 «testatur

159 964 207 1040 id,
239 965 355 1043 inquit,
385 964 457 1020 iram
485 960 610 1020 subinde
636 981 765 1041 pugnare
787 982 852 1020 cum
879 960 1109 1041 cupiditatibus,
1136 961 1219 1038 quasi
1243 959 1373 1020 baecase

158 1064 286 1123 invicem
306 1062 422 1122 diversa
442 1060 535 1118 sint.»
581 1061 655 1118 Tum
675 1059 787 1139 pergit:
814 1079 937 1119 «nonne
955 1072 983 1117 et
1001 1059 1074 1118 alibi
1094 1058 1196 1118 erebro
1214 1057 1373 1118 animadver-

161 1161 268 1235 timus,
299 1159 351 1219 ubi
378 1160 437 1219 vim
465 1158 599 1216 inferunt
628 1156 718 1214 alicui
738 1169 852 1237 praeter
872 1157 1012 1224 rationem
1034 1157 1224 1237 cupiditates,
1245 1156 1374 1235 objurgare

161 1259 256 1338 ipsum
283 1278 342 1316 sese
372 1270 400 1314 et
430 1254 567 1315 adversus
597 1275 659 1313 eam
688 1256 734 1313 sui
764 1269 893 1336 partem,
920 1277 993 1334 quae
1018 1257 1078 1316 vim
1097 1256 1206 1331 infert,
1227 1253 1373 1335 indignari,

158 1369 203 1430 et,
233 1355 314 1434 quasi
343 1354 457 1413 duobus
484 1351 742 1428 dissentientibus,
771 1353 942 1430 adjutricem
968 1353 1074 1412 rationi
1103 1353 1176 1411 iram
1206 1351 1373 1412 succurrere?

157 1455 268 1512 ratione
290 1466 385 1511 autem
411 1453 572 1532 imperante
593 1472 652 1509 non
673 1471 732 1509 esse
752 1452 809 1510 sibi
829 1449 1106 1525 contradicendum,
1128 1453 1203 1510 iram
1223 1449 1374 1533 cupiditati-

156 1549 211 1610 bus
236 1554 422 1629 conjunctam
451 1549 586 1608 obsistere
617 1547 682 1623 illi,
704 1548 828 1608 arbitror
855 1562 885 1607 te
915 1569 1065 1627 nunquam
1093 1549 1141 1611 vel
1162 1550 1195 1608 in
1215 1563 1244 1608 te
1264 1551 1322 1630 ipso
1338 1545 1374 1608 rel

160 1650 193 1708 in
221 1648 279 1708 alio
307 1648 490 1729 persensisse.
511 1646 722 1724 -Nunquam
749 1668 801 1727 per
830 1647 940 1707 Jovcm.
961 1677 996 1686 -
1015 1644 1095 1720 Quid
1122 1661 1237 1722 autem,
1259 1647 1308 1705 ubi
1324 1645 1373 1724 quis

155 1746 265 1826 injuria
291 1767 319 1804 se
350 1744 463 1804 afficere
484 1744 574 1803 alium
594 1757 694 1824 putat,
717 1766 816 1803 nonne
836 1745 880 1820 is,
901 1766 958 1823 quo
978 1745 1141 1824 generosior
1161 1759 1222 1820 est,
1245 1745 1373 1804 eominus

155 1843 316 1918 irascitur,r
336 1845 396 1902 sive
426 1843 531 1901 esuriat
558 1842 620 1901 sive
648 1841 742 1921 algeat
767 1842 827 1902 sive
855 1840 938 1901 aliud
966 1841 1091 1922 quodvis
1117 1841 1175 1900 tale
1202 1843 1324 1923 patiatur
1346 1839 1373 1898 ab

155 1962 205 2016 eo,
235 1963 321 2019 quem
347 1944 413 2019 jure
441 1941 487 2000 his
515 1959 574 1998 sese
600 1929 718 1998 'afficere
738 1941 899 2014 existimat,
921 1941 1115 2018 omninoque,
1137 1960 1197 2000 nou
1217 1939 1373 2000 excitabitur

154 2039 237 2098 istius
264 2040 407 2102 adversus
432 2039 517 2097 illum
547 2039 615 2096 ira?
636 2035 769 2096 -Vera
799 2037 935 2116 loqueris.
954 2037 1087 2111 -Quid
1108 2059 1192 2113 vero,
1215 2037 1268 2096 ubi
1286 2033 1373 2116 injurii

153 2158 182 2196 se
210 2136 288 2196 affici
318 2138 355 2197 ab
383 2137 440 2195 alio
458 2150 559 2217 putat,
581 2145 680 2196 noune
706 2149 776 2208 tune
798 2136 958 2196 effervescit
977 2136 1069 2216 ipsius
1085 2136 1129 2195 ira
1146 2157 1178 2194 ao
1197 2137 1292 2197 saevit
1307 2149 1372 2212 atque

152 2235 297 2294 auxilium
317 2248 465 2314 praestans
491 2234 560 2311 justi
580 2231 696 2305 studio,
724 2233 885 2312 famemque
902 2220 1041 2312 et'frigus
1062 2247 1089 2292 et
1107 2247 1220 2292 caetera
1239 2234 1307 2294 talia
1323 2252 1370 2312 per·

152 2329 261 2390 durans
291 2330 328 2389 ad
362 2333 512 2391 victoriam
527 2329 711 2389 contendit:
735 2351 828 2408 neque
857 2351 872 2387 a
899 2351 1035 2410 generoso
1066 2330 1164 2390 labore
1183 2347 1277 2392 cessat
1293 2332 1372 2413 prius,

156 2449 242 2507 quam
275 2428 323 2488 rel
353 2430 507 2509 perfecerit
532 2449 609 2501 rem,
641 2427 689 2486 vel
718 2427 840 2502 obierit,
872 2427 940 2502 vel,
962 2441 1098 2507 tanquam
1126 2429 1208 2488 oanis
1227 2450 1243 2487 a
1262 2442 1370 2508 pastore,

153 2529 193 2586 sie
223 2549 239 2584 a
265 2527 376 2586 ratione
405 2528 460 2607 ipsi
489 2526 605 2608 propria
630 2540 782 2585 revocatus
799 2527 954 2586 mitescat?
971 2560 1005 2570 -
1022 2525 1070 2584 Sic
1089 2527 1210 2585 omnino
1229 2547 1259 2584 se
1278 2547 1318 2584 res
1333 2524 1371 2582 ba·

152 2625 211 2684 bet.
231 2654 266 2663 -
285 2625 336 2684 Est
360 2625 449 2704 igitur
477 2624 560 2684 aliud
588 2617 626 2684 rei
657 2620 836 2710 θνυμρειιῖἒς,
860 2625 943 2685 aliud
962 2618 998 2689 τό
1021 2617 1249 2704 ἐπιθυμητικόν.
1289 2623 1370 2686 Diver-

145 2719 212 2782 ‹sani
240 2737 335 2782 autem
363 2723 435 2781 iram
464 2744 479 2780 a
508 2725 620 2786 ratione
650 2746 727 2800 esse,
759 2726 846 2785 facile
876 2726 961 2785 nobis
990 2739 1094 2807 pateat.
1145 2727 1220 2784 Nam
1240 2727 1274 2783 iu
1292 2721 1371 2803 pueris

153 2821 250 2897 quivis
266 2818 344 2878 istud
363 2819 529 2900 intelligat,
550 2824 601 2900 qui
621 2825 730 2897 statim,
753 2837 785 2882 ut
805 2825 867 2882 nati
885 2838 971 2899 sunt,
992 2824 1036 2882 ira
1056 2837 1124 2882 sunt
1143 2823 1247 2904 pleni3
1270 2820 1371 2882 rationis

153 2932 248 2976 autern
276 2917 415 2978 nonnulli
443 2939 540 2979 eorum
570 2941 739 3000 nunquam,
769 2921 902 3001 plerique
933 2943 995 2981 sero
1023 2921 1137 2981 demum
1171 2921 1320 3001 participes
1344 2915 1368 2973 fi·

155 3029 217 3075 unt.
239 3043 274 3052 -
292 3017 484 3091 Per‘Jorem,
505 3019 653 3096 praeclare
673 3019 813 3098 loqueris:
835 3018 886 3077 sed
906 3034 1053 3100 praeterea
1071 3020 1104 3078 in
1123 3019 1194 3078 feris
1214 3015 1370 3078 animalibus

152 3112 229 3178 idem
250 3113 315 3192 quis
334 3113 450 3174 videat:
472 3130 592 3175 testatur
611 3131 639 3176 et
658 3117 776 3177 Homeri
793 3116 872 3176 illud
891 3116 927 3175 de
947 3118 1072 3198 Ulysse:

357 3212 481 3293 Στῆθος
503 3209 538 3273 dd
559 3208 686 3295 πλήξας,
707 3211 834 3298 κραδίην
854 3208 979 3295 ἠνίπαπε
1001 3206 1102 3302 μύθῳ.

152 3310 211 3369 Htc
242 3313 320 3370 en‘lm
348 3314 445 3394 aperte
471 3317 612 3374 Homerus
641 3317 724 3378 alteri
753 3317 856 3375 borum
884 3338 1049 3398 repugnans
1069 3317 1191 3376 alterum
1213 3317 1297 3390 feeit,
1316 3312 1368 3384 illi,

152 3408 231 3488 quod
261 3407 297 3468 de
324 3411 441 3470 meliore
469 3433 502 3470 ae
532 3415 628 3493 pejore
658 3415 866 3489 ratiocinatur,
897 3413 948 3490 id,
979 3414 1057 3494 quod
1088 3415 1150 3480 siue
1175 3416 1286 3478 ratione
1308 3413 1368 3470 iras·

150 3509 264 3566 citur.»
291 3505 320 3586 l)

193 3703 384 3762 Ciuitate·
411 3714 592 3783 optimae
625 3710 734 3767 homo
763 3722 1047 3786 eomparatur.
1079 3708 1137 3768 De
1166 3715 1332 3768 virtuti·

507 3807 578 3863 bus
608 3815 741 3866 animi
765 3815 1015 3885 primariis.

189 3998 335 4078 Distingui
364 3998 435 4058 haee
465 4015 540 4061 recte
569 4001 602 4060 in
629 4003 725 4062 animo
752 4001 878 4062 bominis
917 4005 974 4062 nisi
999 4003 1108 4064 summl
1125 4003 1289 4083 hujusmodi
1304 3999 1365 4060 dili-

150 4095 246 4176 gentil
276 4094 427 4172 adhibita,
449 4121 509 4157 non
535 4112 678 4180 poterant.
720 4101 798 4160 Hinc
820 4115 915 4160 autem
930 4104 991 4180 jam
1010 4102 1116 4177 facile,
1138 4123 1211 4180 quae
1230 4097 1364 4182 primariae

148 4195 206 4253 sint
233 4195 323 4254 animi
349 4194 470 4256 humani
499 4198 640 4272 virtutes,
662 4197 829 4259 efficiamus.
876 4201 963 4262 «Has
992 4201 1080 4278 igitur
1109 4197 1228 4258 tandem
1255 4192 1362 4258 difficul-

151 4379 405 4393 Φ--ᾑ-οοι--κο-η

183 4487 661 4555 qmmmmumu
