2924 5132
694 299 753 365 5⁷3
831 348 835 352 -

99 467 181 528 licet.
243 465 439 549 Spectandum
470 465 555 526 nobis
583 467 615 526 in
645 483 678 526 eo
707 464 807 540 dedit,
838 463 1080 544 quemadmodum
1110 465 1148 529 ad
1178 472 1338 552 perlectum

98 563 270 648 exemplum
296 565 374 626 Deus
397 563 540 625 mnndum
570 565 791 641 informaverit3
815 562 916 623 sedin
939 566 1087 624 hominem
1107 569 1249 646 maxime,
1270 585 1339 632 tan-

98 681 188 745 quam
207 662 340 724 divinam
359 663 524 744 quandam,
546 657 605 722 non
624 673 786 722 terrestrem
806 663 956 744 plantam,
978 673 1102 724 mentem
1122 676 1249 728 nostram
1266 691 1339 730 con

98 764 200 826 vertit.
243 762 392 823 Praeclara
411 757 475 822 illie
495 759 622 822 hominis
648 761 806 843 descriptio
824 776 933 821 exstat.
956 781 1012 842 qua
1032 762 1070 822 ad
1091 763 1178 824 finem
1198 767 1339 848 perducti

96 859 181 940 l'ere,
202 859 257 922 lroe
276 859 409 921 additur
430 879 464 922 το
455 833 573 943 dide}
583 859 651 941 περὶ
671 859 726 922 τοῦ
744 852 929 941 κυρὶωτσίτου
943 855 1014 942 παρ’
1025 854 1100 943 η’μῖν
1104 866 1222 946 ’ψυχῆς
1240 862 1339 941 εἴδους

95 909 286 1028 διανοεῖσθαι
308 963 358 1027 aa
375 957 514 1052 aptast
488 985 531 1040 ως
551 956 612 1046 ἄρα
633 956 711 1025 utico
732 962 862 1041 δαίμονα
884 959 986 1038 θεός“
973 957 1086 1025 auriono
1108 961 1218 1030 δέδυκε
1234 967 1339 1045 τοῦτο,

93 1059 115 1131 d
142 1061 191 1154 δή
217 1087 337 1152 φαμεν
363 1067 477 1129 οἰκεῖν
502 1063 570 1148 μὲν
596 1060 703 1150 ἡμῶν
728 1061 782 1126 ἐπ’
806 1059 905 1152 ἄκρῳ
933 1065 983 1152 τῷ
1003 1061 1162 1148 σώματι,
1183 1067 1274 1152 πρὸς
1295 1069 1339 1134 δὲ

90 1161 161 1255 τήν
199 1167 240 1234 ἒν
275 1165 417 1258 σε’ρανεγῖ
449 1163 659 1252 ξυγγένειαν
695 1159 766 1230 cinti
802 1160 867 1250 γῆς
901 1161 1001 1250 ἡμᾶς
1036 1167 1166 1251 αἴρειν·
1189 1178 1223 1234 da
1249 1195 1338 1255 preo-

91 1279 289 1338 atantt‘aaime
320 1277 420 1333 animi
447 1277 547 1334 nostri
571 1277 665 1352 eperia
691 1280 738 1331 tta
769 1271 978 1347 sentiendum,
1010 1271 1090 1332 hunc
1122 1275 1205 1336 nodia
1226 1285 1338 1360 stragu-

91 1371 137 1436 lis
159 1371 280 1450 Deum,
310 1379 457 1453 tanquam
488 1371 679 1448 doemonem,
710 1373 870 1447 tttduc'aee,
902 1373 1085 1450 martemque
1116 1377 1157 1432 tn
1185 1399 1329 1437 summa

91 1481 270 1555 eorporis
306 1491 393 1532 arce
426 1469 543 1534 aedem
582 1471 732 1547 tatere,
773 1493 909 1550 nosque
944 1487 1016 1550 pet·
1053 1481 1221 1534 nostram
1257 1497 1336 1535 eum

91 1571 195 1634 coela
231 1581 486 1654 cognattonem
513 1593 532 1629 α
559 1575 665 1630 terra
695 1567 886 1630 extollere.
921 1566 950 1650 l)
989 1565 1076 1630 Unde
1104 1573 1234 1632 certatim
1263 1593 1331 1635 cum

90 1678 216 1754 potitae,
238 1683 299 1730 tum
320 1669 487 1752 philosophi
506 1671 702 1752 profecerunt.
747 1671 873 1729 Ductum
893 1663 962 1728 iude
983 1667 1162 1731 Ouidianum
1188 1667 1266 1731 illud
1285 1694 1338 1732 σσ-

91 1771 320 1831 lebratissimum
340 1783 382 1829 est
403 1770 435 1828 in
456 1769 756 1851 Metamorphosibus:

249 1868 413 1948 Pronaque
431 1891 499 1928 cum
519 1878 653 1948 spectent
672 1869 822 1927 animalia
842 1877 964 1926 caetera
982 1875 1113 1944 terram,

251 1967 292 2028 Oa
313 1971 430 2027 homini
451 1969 576 2027 sublime
596 1968 697 2043 dedit,
719 1969 889 2045 coelumque
910 1973 994 2024 tueri

247 2067 368 2143 Juaait,
390 2077 421 2126 at
440 2076 552 2126 erectae
572 2067 613 2125 ad
636 2067 738 2127 sidero
760 2067 865 2125 tollere
886 2066 999 2124 vultus.
1022 2062 1054 2144 2)

90 2163 171 2223 Tum
198 2164 371 2225 Tullianum
398 2167 431 2224 in
461 2165 595 2246 Legibus.
646 2165 757 2246 Ipsum
784 2174 886 2222 autem
915 2165 1063 2223 hominem
1085 2165 1187 2223 eadem
1212 2173 1330 2222 notura

89 2263 265 2322 nouaclum
284 2266 441 2324 caleattate
461 2271 572 2324 mentia
585 2271 722 2339 ornauit,
743 2265 794 2323 aad
813 2269 905 2322 ettam
925 2284 1048 2337 centua,
1074 2271 1220 2340 tanquam
1238 2265 1331 2322 satel-

90 2363 164 2420 lites
173 2407 182 2436 ,
204 2365 352 2422 attribuit
372 2385 407 2421 σο
423 2371 549 2423 nuncios
561 2388 571 2420 :
592 2374 623 2423 et
641 2385 747 2422 rarum
762 2364 976 2440 plurimorum
990 2363 1187 2421 obscurarum
1200 2385 1330 2422 necessa·

88 2467 160 2518 atae
187 2462 411 2546 {intelligentiae
440 2463 603 2538 enudavit,
634 2469 723 2542 quast
742 2463 954 2539 fundamenta
988 2462 1134 2541 quaedam
1163 2469 1332 2521 actantiae:

85 2559 282 2640 figuramque
302 2569 436 2640 rotperto
455 2563 583 2621 habilem
603 2571 633 2621 et
658 2571 762 2640 eptam
791 2567 914 2641 ingenio
932 2562 1063 2619 humano
1091 2561 1183 2620 dedit.
1226 2558 1260 2618 N
1267 2581 1326 2619 em

88 2681 172 2716 cum
193 2668 369 2718 caeterea
390 2667 602 2719 animantes
631 2662 833 2737 objecisset
862 2660 908 2717 ad
932 2667 1103 2736 paetum,
1137 2661 1255 2717 solum
1276 2661 1330 2718 leo·

88 2764 225 2815 minem
247 2765 389 2833 erexit,
411 2761 456 2817 ad
476 2760 643 2838 coelique
671 2766 779 2838 quaet
805 2765 1042 2840 cognationis
1063 2757 1331 2836 domiciliique

87 2862 255 2934 pristini
275 2865 506 2932 conspectum
528 2864 724 2917 recitavit.
746 2854 778 2938 3)
818 2857 860 2916 Ut
879 2869 974 2915 autem
1000 2855 1090 2914 forma
1113 2868 1198 2934 atque
1223 2854 1327 2916 indole

91 2951 169 3033 apud
188 2952 337 3012 Platonem
356 2953 441 3013 homo
452 3002 460 3031 ‚
482 2956 522 3015 ita
540 2976 676 3016 sensuum
696 2953 908 3029 destinatione,
929 2973 995 3012 cum
1019 2955 1080 3013 De'o
1100 2953 1327 3014 similitudinem

90 3064 119 3110 et
145 3051 345 3131 cognationem
368 3053 465 3114 refert.
508 3055 550 3114 Εο
576 3053 700 3114 consilio
730 3075 780 3113 nos
801 3051 875 3113 dicit
905 3053 937 3112 in
964 3051 1142 3132 pulcerrimo
1172 3052 1281 3113 mundo
1311 3074 1328 3112 a

87 3150 150 3210 Deo
168 3148 323 3210 collocatos
345 3172 423 3228 esse,
447 3164 483 3211 ut
500 3150 537 3212 ad
556 3153 685 3212 universi
705 3151 838 3212 ordinem
857 3163 1088 3230 concentumque
1115 3153 1243 3232 partium
1263 3171 1328 3212 ona-

86 3248 187 3322 nium,
208 3261 337 3308 nostrum
356 3249 412 3331 ipsi
430 3252 577 3326 animum,
598 3251 638 3310 ad
657 3251 709 3310 Dei
726 3250 912 3332 exemplum,
930 3233 1174 3330 componeremus.
1200 3269 1215 3300 a
1222 3247 1327 3308 Visum

85 3343 192 3421 nohis,
214 3348 273 3422 ait,
293 3361 444 3429 propterea
466 3351 590 3410 maxim'e
611 3347 731 3429 largitus
752 3351 829 3408 Deus
846 3362 905 3425 est,
931 3343 982 3412 ἵνα
1002 3341 1057 3423 τοὶς
1078 3345 1110 3409 ἒν
1131 3341 1251 3435 οὐρανῷ
1269 3346 1326 3410 τοῦ

85 3444 141 3505 νοῦ
161 3438 328 3520 κατιδόντες
348 3440 520 3530 περιόδους,
547 3444 747 3535 χρησαίμεθα
770 3444 819 3506 ἐπὶ
839 3435 1082 3532 τοὶςπεριφορσὶς
1102 3446 1157 3526 τοὶς
1182 3451 1237 3533 τῆς
1257 3445 1327 3531 παρ’

84 3540 161 3630 ἡμῖν
194 3541 392 3630 διανοήσεως,
423 3549 569 3631 ξυγγενεῖς
599 3547 720 3623 ἐκείναις
747 3540 850 3626 οὔσας,
879 3546 1055 3635 ὅταρσῖκτοις
1088 3548 1327 3636 τεταραγμὼας·

85 3643 272 3729 ἐκμαθόντες
287 3647 335 3730 δὲ,
357 3651 406 3713 καὶ
428 3650 580 3734 λογισμῶν
592 3646 668 3714 aucei
687 3640 778 3733 peiora
796 3647 969 3737 ὀρθότητος
985 3651 1200 3738 μετασχόντες,
1215 3650 1327 3737 μιμου-

85 3775 170 3834 μενοι
193 3747 247 3828 τοὶς
266 3752 323 3816 τοῦ
344 3755 435 3832 θεοῦ,
459 3749 578 3831 πάντως
599 3750 735 3831 οἷπλανεῖς
755 3749 859 3834 οὔσας,
881 3753 936 3833 τοὶς
957 3755 989 3820 ἒν
1008 3753 1083 3842 η’μῖν
1104 3753 1327 3841 πεπλανημένας

85 3853 369 3938 καταστησαίμεθα·
390 3872 427 3920 ut
443 3869 554 3920 mentia
570 3866 793 3936 conversiones,
815 3869 944 3942 quaein
963 3865 1038 3922 coelo
1057 3865 1208 3938 obtinent,
1222 3869 1325 3922 intui-

86 3967 132 4034 ti,
153 3961 391 4022 discursionibus
418 3968 529 4020 mentia
556 3968 697 4034 nostrae,
718 3961 878 4022 ordinatae
904 3963 1091 4022 inordinatio
1116 3965 1327 4041 perturbetis-
1379 4041 1384 4046 .

32 4074 38 4082 ·
85 4079 162 4140 pue,
184 4059 398 4120 adhibeamus:
419 4059 585 4139 iidemque,
605 4066 736 4140 cognitio
756 4060 840 4138 illia,
868 4083 904 4120 σο
929 4073 1085 4142 percepto,
1107 4062 1183 4141 quod
1208 4066 1329 4120 natura

122 4337 148 4403 1)
171 4339 268 4390 Τίασαν
282 4337 317 4390 90
333 4339 364 4392 Α.
387 4337 427 4390 Cl.
444 4341 477 4390 ll
494 4336 523 4390 C.
542 4337 577 4390 6⁹
597 4342 626 4392 l).

121 4422 147 4488 2)
165 4426 265 4476 Metam.
284 4425 304 4477 1.
318 4423 429 4477 tta-86.

120 4509 146 4576 3)
167 4509 217 4562 cie.
232 4512 262 4562 dc
275 4511 348 4580 bepp-
365 4511 384 4564 l.
397 4509 422 4560 9.
