2950 5134
672 263 710 346 er

101 427 221 500 honesta,
243 423 356 484 deeora.
399 424 484 498 Quod
514 426 592 484 nisus
617 439 658 484 est
684 445 791 483 summa
817 434 873 505 o'pe'
894 425 1041 499 Socrates,
1061 429 1110 505 qui
1136 427 1188 486 hac
1211 451 1266 487 urna
1289 430 1320 488 in

100 547 123 582 re
146 524 197 583 sibi
227 525 350 581 maxime
380 523 497 583 videtur
520 523 670 602 placuisse.
713 517 798 582 Ἀλλά
823 521 872 582 noa*
892 518 968 602 λέγω
990 512 1089 606 δήπου
1111 520 1168 600 αἐὶ,
1195 520 1239 587 ὅτι
1262 526 1320 607 ἐγώ

98 612 236 702 trqyduio,
266 615 306 694 uic
328 615 397 694 ἔπος
419 621 520 695 εἰπεῖν,
543 616 630 681 οὐδὲν
652 614 844 702 ἐπιστάμενος
864 614 942 706 πλήν
962 647 993 704 γε
1016 627 1141 706 σμικροῦ
1161 624 1241 703 τινος
1260 655 1320 709 μα-

100 715 238 806 θήματος,
265 719 335 783 τοῖν
362 721 554 804 ἐρωτικῶν.
603 725 700 786 Τοῦτο
728 722 828 805 μέντοι
857 721 893 787 td
921 716 1059 809 μάθημα
1093 725 1163 811 παρ)
1192 725 1321 793 ὁντινοῦν

99 809 222 907 ποιοῦμοι
251 821 346 898 δεινος
371 819 442 886 εἶναι
468 825 517 886 καὶ
543 826 604 887 τῶν
625 818 847 916 προγεγονότων
869 818 1043 918 ανθρώπων
1064 831 1112 892 καὶ
1133 833 1193 893 τῶν
1214 835 1273 895 νῦν.
1292 837 1321 918 l)

98 931 145 990 Sed
164 931 214 990 hoc
236 918 374 1009 μάθημα
394 930 477 1008 quale
498 944 587 1003 esset,
608 953 700 1010 neque
730 934 790 1012 ipse
815 933 932 992 videtur
960 949 1090 993 accurate
1110 935 1263 1004 tradidisse
1293 952 1321 996 et

91 1011 141 1091 'nos
164 1034 374 1110 ignoraremus,
407 1030 463 1088 nisi
493 1030 669 1107 exposuisset
698 1031 782 1089 nobis
807 1031 888 1090 Plato
914 1053 978 1089 cum
1008 1033 1040 1090 in
1072 1035 1233 1108 Convivio,
1259 1050 1320 1094 tum

99 1133 123 1188 in
149 1131 198 1189 hoc
226 1132 419 1212 ipso,‚quem
442 1128 649 1208 percurrimus,
680 1128 803 1209 dialogo.
812 1145 819 1166 ’-
852 1129 924 1187 Nam
954 1128 1064 1189 Socrati
1088 1132 1233 1192 tribuens¹
1248 1155 1320 1211 quae
1363 1143 1366 1150 ’

98 1230 148 1308 ipse
170 1227 328 1301 sentiebat,
355 1227 471 1286 inducit
498 1247 563 1284 eum
591 1244 675 1305 porro
703 1228 743 1284 sic
769 1227 962 1292 celebrantem
996 1248 1119 1288 amorem
1148 1231 1319 1308 honestum,

99 1343 124 1386 ut
148 1342 255 1407 turpem
274 1325 441 1408 culpaverat
459 1338 536 1383 ante.
568 1325 654 1382 Hunc
669 1345 737 1384 vero
754 1326 951 1400 Platonicum,
973 1347 1129 1386 sermonem
1149 1329 1244 1390 dicam
1254 1353 1319 1408 ,Nan

99 1427 252 1506 hymnum?
275 1439 306 1483 ut
329 1424 522 1505 percipiamus
545 1424 681 1502 penitus,
702 1437 867 1502 tantamque
893 1443 1075 1502 assequamur
1098 1427 1318 1504 sublimitatem,

96 1512 253 1606 praeparari¹
265 1545 317 1582 nos
336 1520 546 1601 quodammodo
566 1535 683 1601 oportet.
695 1521 760 1580 aliis
778 1521 945 1602 philosophi
968 1524 1161 1584 memorandis
1179 1527 1318 1610 interpre-

96 1623 235 1702 tandisque
254 1622 290 1682 de
308 1641 401 1680 amore
421 1620 545 1700 placitis.
568 1622 626 1699 Age
642 1620 748 1698 igitur,
769 1619 890 1708 alterum
908 1620 993 1680 illurn
1012 1624 1171 1702 aperiamus
1190 1624 1318 1685 Platonis

96 1720 230 1799 dialogum
248 1720 430 1792 amatorium,
452 1719 509 1776 itno
529 1719 668 1776 intremus
688 1718 857 1778 convivium
876 1717 971 1792 illud,
987 1741 1043 1797 quo
1063 1721 1178 1782 nullum
1194 1742 1319 1804 unquam

97 1817 248 1900 philosophi
269 1818 453 1878 celebrarunt
477 1817 574 1896 magis.
616 1818 776 1875 Occurrent
801 1805 886 1876 nobis
909 1818 940 1875 in
961 1818 1013 1878 illo
1036 1840 1101 1878 cum
1121 1821 1190 1896 alii,
1211 1825 1261 1902 qui
1282 1824 1318 1882 de

97 1937 180 1976 amore
203 1917 309 1975 dicturi
334 1929 421 1988 sunt,
447 1929 508 1973 tum
529 1913 676 1988 Socrates,
698 1928 759 1973 tum
781 1921 867 1980 'veross
881 1916 967 1973 etiarn
992 1916 1067 1976 idem
1100 1917 1151 1977 ille
1173 1920 1319 1980 Phaedrus

98 2028 190 2074 noster.
231 2016 328 2092 Neque
353 2014 402 2071 hic
431 2033 499 2071 sane
526 2012 563 2071 ab
586 2013 674 2071 initio
692 2012 762 2070 inde
785 2013 902 2092 exiguas
922 2012 1009 2072 habet
1036 2029 1139 2094 partes.
1180 2020 1253 2077 Nam
1268 2041 1319 2078 au·

97 2115 151 2170 rior
173 2127 211 2172 est
231 2131 393 2170 sermonum
422 2112 569 2185 omnium,
591 2129 661 2188 quos
680 2109 717 2169 de
744 2131 837 2170 amore
861 2110 970 2170 habent
988 2113 1138 2174 convivae.
1176 2115 1223 2174 Sic
1242 2120 1320 2177 enim

98 2209 222 2284 continuo
234 2210 461 2290 Eryximachus:
488 2209 675 2283 «Phaedrus,
696 2209 807 2287 inquit,
819 2229 1021 2289 saepenumero
1036 2231 1080 2269 me
1094 2233 1188 2272 coram
1203 2214 1320 2274 moleste

98 2307 172 2382 tulit,
192 2309 262 2368 alios
277 2308 395 2386 quidem
409 2309 482 2368 Deos
500 2307 617 2388 hymnis
639 2321 666 2366 et
687 2297 821 2366 cantibus
839 2299 860 2366 a
873 2309 965 2387 politis
989 2329 1047 2368 esse
1066 2310 1215 2387 laudatos,
1237 2317 1319 2374 Amo·

100 2425 148 2472 rem
168 2428 249 2480 vero,
271 2406 359 2466 talem
382 2406 467 2464 illum
488 2427 520 2464 ac
539 2419 652 2466 tanturn
673 2406 779 2479 Deum,
800 2427 815 2463 a
835 2419 877 2464 tot
897 2405 957 2465 illis
968 2451 975 2480 ,
997 2409 1048 2485 qui
1072 2411 1208 2486 fuerunt,
1228 2415 1320 2492 poetis

98 2503 218 2564 adhunc
240 2525 328 2584 usquc
348 2504 425 2564 diem
446 2503 562 2563 nullum
584 2505 725 2584 accepisse
745 2505 914 2564 encomium.
956 2506 1041 2579 Quod
1066 2509 1137 2568 mihi
1153 2512 1220 2587 jure
1240 2511 1318 2571 vide-

100 2616 138 2660 tur
154 2604 327 2684 indignatus.
370 2603 429 2682 Ego
450 2603 539 2682 igitur
558 2615 586 2660 et
614 2601 660 2661 illi
680 2601 835 2681 gratificari
854 2603 974 2682 cupiens
1002 2618 1030 2663 et
1049 2627 1100 2664 nos
1121 2606 1221 2666 decere
1245 2610 1319 2670 arbi·

34 2755 35 2760 ,
100 2714 193 2776 uatus,
214 2716 245 2761 ut
265 2715 360 2760 nostra
383 2702 491 2780 quique
520 2700 584 2760 vice
605 2719 728 2758 amorem
757 2698 951 2774 celebremus,
973 2716 1072 2762 auctor
1095 2725 1167 2765 sum.
1209 2708 1320 2768 Primus

101 2813 180 2858 autem
199 2800 346 2860 Phaedrus
365 2799 462 2872 dicat,
483 2797 590 2878 quippe
608 2798 658 2876 qui
680 2811 708 2856 et
722 2799 833 2878 primus
851 2789 996 2858 accumbit
1012 2815 1039 2860 et
1057 2815 1139 2882 pater
1157 2819 1198 2864 est
1218 2827 1318 2866 sermo·

102 2899 139 2956 nis
154 2899 266 2977 hujus.'’
288 2897 374 2973 Quod
393 2905 543 2978 postquam
567 2915 665 2954 omnes
688 2896 866 2976 probarunt,
885 2897 928 2956 sic
948 2897 999 2957 ille
1024 2899 1095 2959 facit
1114 2901 1233 2962 dicendi
1247 2968 1250 2976 ,
1264 2904 1319 2964 ini·

101 2993 168 3057 tium.
189 3003 319 3058 Amorem
333 3015 391 3059 esse
407 2993 557 3054 contendit
575 2995 699 3052 Deorum
715 2995 842 3052 omnium
859 2996 1059 3056 veterrimum:
1082 2997 1161 3058 baud
1179 3001 1319 3062 celebrari

101 3097 165 3154 enim
180 3099 240 3175 ejus
259 3108 401 3176 parentes.
432 3094 503 3152 Nam
517 3091 675 3152 Hesiodum
694 3093 809 3167 dicere,
830 3093 954 3174 primum
973 3096 1113 3154 exstitisse
1129 3097 1238 3173 Chaos,
1258 3114 1318 3160 tum

102 3193 202 3254 Terram
230 3208 258 3253 et
283 3196 413 3252 amoram
424 3237 433 3266 ‚
458 3191 592 3270 idemque
615 3189 757 3250 affirmare
780 3191 979 3250 Parmenidem
1003 3205 1030 3252 et
1059 3197 1190 3256 assentiri
1214 3200 1319 3257 Acusi-

103 3289 174 3352 laum.
190 3290 220 3370 2)
240 3294 305 3366 Quo
319 3291 438 3372 respicit
452 3289 616 3362 Phaedrus,
635 3288 850 3370 philosophema
871 3290 1020 3368 antiquum
1042 3291 1190 3354 dirarum
1209 3297 1319 3376 origine

103 3402 123 3446 et
138 3391 298 3451 conditione
318 3401 466 3470 praesente
485 3407 660 3461 memorans,
682 3408 738 3465 quo
757 3387 802 3462 nil
823 3392 949 3466 unquam
970 3390 1129 3470 elegantius
1154 3393 1317 3454 sublimius-

103 3508 146 3564 que
162 3490 332 3570 exeogitavit
350 3485 476 3546 hominis
500 3486 667 3565 ingenium:
690 3484 774 3544 chaos
797 3487 886 3574 fuisse
911 3488 1053 3567 primum,
1082 3511 1177 3550 rernm
1198 3494 1318 3554 univer-

105 3606 183 3646 sarum
211 3587 357 3668 principia
385 3585 554 3658 continens,
587 3582 638 3642 sed
666 3583 768 3643 rudem
797 3584 1026 3666 indigestamque
1050 3587 1170 3663 molem,
1200 3591 1233 3650 in
1262 3613 1317 3670 qua

105 3687 186 3745 onnia
204 3687 326 3746 fluerent
344 3683 488 3742 contrario
506 3695 585 3742 motu
603 3682 680 3740 etin
699 3703 728 3742 se
748 3683 874 3762 inuicem
889 3685 1066 3764 agitarentur
1081 3685 1237 3768 elementa:
1257 3703 1317 3748 tum

106 3798 177 3858 tero,
195 3789 274 3844 ecce!
298 3797 398 3842 natum
423 3801 482 3842 esse
505 3778 674 3853 Amorem,
687 3801 744 3858 quo
768 3795 883 3859 exorto,
908 3783 1005 3842 omnia
1029 3803 1087 3842 esse
1111 3787 1262 3846 confestim
1285 3810 1317 3848 ac

107 3895 191 3958 sponte
210 3884 241 3944 in
260 3879 393 3942 ordinem
411 3893 439 3938 et
457 3893 627 3940 concentum
643 3878 771 3952 redacta,
786 3901 817 3938 ac
834 3879 1039 3959 pulcerrimum
1060 3883 1214 3956 exstitisse,
1234 3905 1317 3962 quem

136 4224 157 4290 ο
177 4229 262 4298 ruat
279 4227 338 4280 rae.
357 4227 386 4278 ο.
405 4227 526 4278 similiter
539 4227 620 4294 syna.
646 4223 703 4278 rtr.
721 4225 751 4276 ο.
778 4209 815 4286 ἃςΥ
833 4205 923 4294 Ιοὐδέν
949 4235 1027 4295 φημι
1047 4211 1117 4280 ἄλλο
1138 4216 1315 4281 ἐπίστασθαι

112 4303 174 4388 ried
188 4309 315 4396 ἒρωτικὰ.
339 4319 378 4372 Cf.
398 4319 454 4371 193.
475 4319 503 4369 Ε.

138 4403 160 4466 2)
175 4407 326 4461 Parmenidis
345 4407 501 4458 mentionem
515 4406 627 4454 retinere
642 4419 691 4460 nos
702 4403 776 4469 jubet
791 4420 847 4455 cunr
861 4405 942 4474 Symp.
961 4403 1018 4457 195.
1034 4405 1069 4470 G,
1088 4413 1139 4458 tum
1155 4407 1313 4476 subsequens

114 4493 169 4560 (tte.
190 4499 226 4564 C.)
248 4488 324 4556 oritur
340 4484 544 4570 πολλαχόθεν,
567 4505 618 4548 tuna
632 4505 689 4549 tota
709 4499 782 4561 hujus
802 4497 926 4548 orationis
946 4500 1018 4550 ratio.
