2908 5114
654 287 714 350 att

63 445 163 520 etiam,
185 445 350 525 magistrum
370 446 519 523 retulisse,
541 451 597 529 ipsi
620 449 766 525 vidimus;
802 445 832 527 l)
858 447 908 508 sed
937 445 1066 510 vidimus
1095 446 1183 521 item,
1213 440 1297 518 haud

62 543 145 604 facilc
171 546 297 625 potuisse
323 544 530 627 philosophum
560 549 664 612 altiora
693 562 800 630 petere.
841 547 960 605 Placitis
979 544 1025 604 his
1051 545 1123 625 ipsis
1140 543 1177 603 de
1202 543 1297 619 ideis,

61 643 212 722 praecipue
230 640 267 702 de
287 644 375 718 boreo,
396 643 470 722 quid
488 667 616 725 unquam
631 645 800 727 philosophi
821 644 977 704 sublimius
1004 642 1203 720 excelsiusque
1232 662 1297 721 pro·

62 739 224 799 diderunt?
245 739 354 800 Aberat
372 739 450 802 idem
470 743 556 823 longe
576 744 613 803 ab
632 764 729 802 eorum
758 742 924 816 sententia,
952 742 1004 819 qui
1031 739 1100 800 deos
1126 759 1185 798 esse
1215 738 1299 802 divi-

61 857 180 916 namque
205 837 420 917 providentiam
449 855 606 921 negarent:
638 853 781 919 quantum
808 838 955 914 abfuerit,
992 849 1078 897 testes
1107 849 1175 896 sunt
1204 835 1297 916 ipsius

61 933 185 1016 dialogi,
206 935 330 1010 Politia,
351 937 458 1016 Leges,
480 939 513 997 in
533 939 636 1019 primis
654 939 807 998 Timaeus:
835 935 886 996 sed
905 936 960 996 hoc
990 933 1124 1016 dialogo,
1153 936 1216 1014 ipso
1243 935 1298 994 Ti-

60 1053 153 1108 maeo,
174 1035 216 1094 sic
234 1036 327 1094 Deum
351 1033 445 1095 videri
464 1039 554 1117 possit
573 1038 761 1112 informasse,
793 1048 825 1096 ut
844 1056 896 1116 per
921 1035 998 1094 hanc
1029 1054 1178 1108 caussam,
1205 1032 1298 1113 ipsius

61 1131 176 1210 ingenio
196 1131 388 1212 descriptam,
408 1133 471 1214 ipse
491 1135 640 1194 ordinaret
658 1137 773 1194 omnia:
805 1132 921 1211 qualem
938 1132 1029 1192 luisse
1045 1131 1181 1192 novimus
1200 1129 1296 1210 plero-

61 1247 177 1306 rumque
194 1231 355 1290 recentiore
375 1244 466 1292 aetate
484 1232 723 1314 philosophorum
741 1231 978 1313 metaphysicam.
1021 1232 1172 1290 Caeterum
1192 1241 1291 1294 tamet-

59 1325 151 1394 siille
171 1327 205 1386 in
226 1327 341 1407 scriptis
359 1329 419 1387 suis
439 1349 494 1390 nec
512 1333 750 1411 metaphysicam
770 1351 825 1390 nec
846 1327 1026 1388 caussarum
1054 1329 1275 1408 sufficientiam
1286 1371 1296 1402 ,

59 1444 140 1500 quam
159 1438 285 1500 vocant,
306 1433 467 1486 seientiam
480 1431 701 1504 memoraverit,
718 1444 815 1488 tamen
833 1430 867 1488 in
886 1428 1030 1488 mnndum
1041 1425 1170 1486 escendit
1179 1417 1296 1506 repeda,

58 1521 132 1598 quod
150 1521 231 1583 idem
251 1523 383 1583 lecerunt
401 1525 572 1586 Aristoteles
592 1540 620 1586 et
639 1527 830 1608 metaphysici
839 1571 849 1600 ,
879 1525 1032 1602 viderique
1053 1525 1160 1584 iccirco
1186 1526 1296 1605 possit,

58 1621 79 1677 si
97 1621 195 1679 minus
213 1622 349 1696 nomine,
368 1643 467 1702 reapse
485 1623 711 1704 metaphysicam
728 1623 893 1684 tradidisse.
924 1622 1005 1696 Quid
1025 1623 1147 1703 igitur?
1161 1623 1296 1684 Altiusne

58 1716 121 1776 item
138 1717 309 1794 Platonem,
336 1739 423 1798 quam
451 1720 659 1802 philosophum
684 1721 826 1797 decebat,
857 1720 984 1782 evolasse
1013 1719 1167 1781 dicamus?
1198 1722 1295 1801 Digna

57 1834 99 1872 res
113 1815 245 1894 profecto
263 1815 448 1896 diligentiore
469 1817 678 1898 disceptatione
697 1833 757 1878 est:
780 1839 834 1878 nec
853 1818 947 1876 solnm
967 1817 1005 1876 ad
1035 1816 1199 1878 doctrinam
1223 1817 1293 1878 Pla-

57 1912 129 1970 tonis
145 1911 185 1970 de
199 1910 310 1972 mundo
331 1911 431 1998 νοητῷ
450 1914 544 1993 deque
562 1914 672 1975 ideisa
701 1915 965 1995 metaphysicorum
993 1915 1118 1974 decretis
1144 1915 1295 1996 distingu-

57 2008 178 2084 endam,
208 2008 259 2070 sed
279 2011 367 2091 hujus
386 2015 456 2074 item
487 2012 663 2091 quaestionis
691 2013 876 2092 gravissimae
904 2012 1023 2087 caussa,
1053 2013 1216 2072 Aristotelis
1244 2013 1294 2072 hlc

58 2105 136 2165 nobis
156 2107 293 2169 doctrina
312 2111 488 2191 exponenda
509 2110 638 2170 videtur.
680 2110 766 2184 Qtiod
787 2123 883 2169 autem
902 2130 989 2190 supra
1018 2110 1194 2168 dialecticae
1221 2109 1294 2169 Pla-

58 2205 167 2263 tonicae
193 2206 294 2266 caussa
323 2208 464 2282 lecimus,
495 2221 528 2266 ut
555 2227 764 2287 apponeremus
780 2207 807 2265 ei
826 2207 988 2267 Aristotelis
1007 2207 1236 2287 syllogisticam,
1257 2207 1291 2268 id

59 2322 153 2378 nunc,
174 2323 246 2384 age,
267 2303 383 2381 denuo,
404 2306 442 2366 ad
462 2304 627 2366 universam
647 2313 714 2363 oen
733 2304 954 2382 philosophiam
983 2303 1112 2364 Platonis
1144 2304 1294 2364 declaran-

57 2397 137 2476 dam,
159 2401 355 2462 instituamus.
398 2407 586 2484 hpponamus
606 2401 652 2477 ei,
684 2423 742 2481 qno
762 2401 879 2482 propria
907 2401 999 2481 ipsius
1028 2402 1123 2462 virtus
1150 2402 1295 2462 elucescat

57 2498 158 2578 magis,
185 2498 411 2580 metaphysicam
429 2499 602 2560 Aristotelis.

135 2693 195 2752 De
227 2653 551 2776 metaphysica·
580 2695 690 2770 apud
723 2693 905 2753 Graecos
935 2698 1195 2774 originibus.

93 2890 255 2951 latuerunt
272 2891 326 2950 hae
337 2892 390 2953 diu
410 2893 443 2951 in
461 2893 625 2953 lonicorum
650 2890 831 2967 aliorumque
857 2887 1098 2969 philosophorum
1124 2887 1230 2950 studiis
1260 2912 1295 2950 ac

57 2986 205 3049 doctrinis.
246 2991 460 3064 Quaesiverunt
478 2990 525 3048 illi
544 2991 604 3048 fere
620 2989 657 3049 de
686 2987 773 3046 rebus
802 2985 954 3068 physicis,
984 2985 1167 3065 studioseque
1196 3008 1295 3047 earum

57 3103 163 3145 caussas
183 3087 385 3146 remotissimas
403 3088 568 3168 primasque
589 3085 790 3166 explorarunt.
832 3084 905 3142 Nam
924 3083 1060 3143 innatum
1078 3083 1205 3144 hominis
1226 3087 1295 3144 ani-

57 3202 98 3241 mo
115 3183 247 3244 studium
265 3184 439 3261 exquirendi
459 3197 519 3259 est,
540 3182 689 3242 undenam
708 3201 782 3261 quae
799 3179 900 3255 videt,
930 3202 1003 3259 quae
1033 3181 1117 3242 audit
1129 3228 1138 3258 ,
1171 3183 1291 3242 omnino

57 3299 124 3356 quae
152 3283 280 3363 percipit
308 3283 459 3358 sensibus,
491 3281 678 3341 exstiterint:
708 3277 787 3357 quod
815 3279 849 3337 in
875 3279 1009 3359 parvulis
1029 3294 1126 3360 patet,
1157 3280 1295 3360 singula,

57 3397 104 3436 cur
121 3379 160 3438 ita
180 3400 212 3440 se
229 3379 375 3456 habeant,
405 3381 446 3440 sic
464 3380 644 3454 acciderint,
675 3376 899 3436 sciscitantibus.
940 3376 1000 3436 Sed
1029 3377 1198 3459 philosophi
1225 3379 1294 3456 illi,

57 3476 159 3556 quippe
173 3478 345 3556 philosophi
355 3521 364 3553 ,
386 3478 444 3538 imo
462 3486 632 3556 sapientes,
652 3473 740 3534 altius
758 3486 942 3554 spectantes,
973 3475 1247 3556 considerantesque
1266 3490 1296 3536 et

57 3573 179 3636 siderum
198 3589 293 3634 motus
313 3586 341 3633 et
360 3575 429 3635 solis
448 3576 593 3654 lunaeque
611 3593 728 3632 cursum
747 3585 775 3630 et
793 3590 889 3629 rerum
912 3572 1116 3633 universarum
1146 3573 1295 3634 vicissitu-

58 3667 136 3730 dines
153 3693 187 3731 ac
208 3686 361 3748 naturam,
381 3673 485 3732 horum
504 3673 634 3732 omnium
655 3670 772 3730 ultimas
800 3689 913 3728 caussas
942 3671 1164 3749 investigarunt.
1207 3670 1294 3744 Quod

58 3769 131 3848 apud
151 3769 288 3849 antiquos
303 3771 365 3848 jam
384 3770 543 3830 Phoenices
562 3769 691 3850 aliosque
716 3766 844 3843 Orientis
870 3765 993 3848 populos
1018 3767 1223 3829 lectitaverant
1251 3788 1293 3828 sa·

57 3865 180 3943 pientes:
204 3868 283 3929 unde
303 3866 454 3949 &eoyovloa
474 3884 503 3929 et
522 3864 699 3946 κοσμοποῖὶιι
719 3865 902 3926 exstiterunt.
934 3863 1038 3922 Graeci
1059 3879 1155 3924 antem
1177 3866 1210 3924 in
1230 3866 1294 3946 ipsa

58 3981 147 4022 rernm
167 3980 272 4026 natura
292 3989 406 4029 caussas
424 3971 554 4029 omnium
573 3968 761 4047 indagantes,
783 3960 831 4023 vel
853 3962 1002 4040 στοιχεῖα,
1021 3961 1162 4023 elementa
1174 3976 1295 4023 naturae

58 4077 125 4135 quae
146 4077 308 4140 vocantur,
329 4066 518 4126 attenderunt
534 4066 676 4138 maxime,
703 4081 825 4140 quornm
847 4061 930 4120 aliud
958 4062 1010 4123 alii
1040 4082 1170 4122 caussam
1196 4081 1292 4120 rerum

60 4153 232 4220 naturalin'm
250 4164 417 4242 primariam
437 4163 621 4224 habuerunt:
644 4161 692 4221 vel
712 4148 861 4236 α’τομούς,
894 4175 926 4221 ut
944 4161 1108 4241 Leucippus
1134 4173 1162 4217 et
1190 4160 1291 4218 Demo·

60 4254 145 4313 oritus
157 4302 166 4330 ,
198 4256 358 4320 finxerunt.
402 4261 563 4322 Exstabant
592 4261 680 4339 igitur
709 4261 740 4318 in
772 4259 818 4317 his
841 4257 1051 4336 quodammodo
1078 4257 1291 4338 metaphysicac

68 4393 253 4406 ᾗ--------ι.ι-

90 4464 115 4531 ι)
132 4465 209 4518 ratae
227 4486 252 4536 p.
270 4465 330 4518 sev.
