2908 5114
649 283 708 344 363

77 431 140 498 ariri
156 432 257 519 ἤγαγεν
272 436 304 500 ἐκ
328 439 383 522 τῆς
398 435 533 517 ἀταξίας,
550 436 737 526 ἡγησάμενος
759 441 849 506 ἐκεῖνο
872 439 980 509 τούτου
996 443 1115 524 πάντως
1129 439 1298 528 duriter·
1336 436 1342 444 ’

50 577 52 582 ·
77 535 158 620 θέμις
175 537 210 602 δὲ
229 534 289 604 οὔτ’
311 535 349 624 ἦν
370 537 432 606 οὔτ’
448 540 510 606 ἔστι
529 545 574 633 τῷ
593 541 737 631 ἀρίστῳ
754 546 831 632 doda
852 539 923 611 lato
939 545 1017 633 πλήν
1040 546 1076 613 ed
1094 545 1297 614 κάλλιστόν·

77 665 138 702 nom
155 665 220 702 cum
247 653 454 706 constituisset
483 651 556 709 deus
582 651 700 710 honis
727 652 863 708 omnibus
882 654 1000 731 replere
1026 657 1191 731 mundum,
1221 657 1299 713 mola·

76 744 147 799 narrt
165 743 344 820 adnumera,
365 749 463 824 quood
481 757 598 806 namra
616 758 797 824 poteretur.
820 751 967 832 quidquid
985 762 1053 810 erat
1064 799 1073 828 ,
1093 755 1201 833 qnod'
1188 775 1222 812 art
1236 775 1299 812 cer·-

76 843 290 901 nandriensem
309 846 450 920 coderet,
469 849 579 906 ideibr'
597 853 760 922 assumsit,
790 869 849 906 nora
868 852 1074 928 tranquillum
1094 862 1124 909 et
1142 861 1296 952 quietum,

75 941 118 996 aad
134 943 325 1000 immoderate
345 951 501 1024 agitatum
521 956 551 1004 et
553 947 748 1022 fluctuum,
775 947 865 1025 idque
884 969 919 1006 ea·
948 950 1124 1009 inordinato
1151 959 1185 1008 in
1214 953 1298 1010 ordi-

27 1045 31 1054 '
74 1059 132 1094 aem
149 1041 296 1098 adducit:
308 1043 369 1100 lior
389 1053 470 1102 enim
480 1047 646 1121 judicabat
665 1067 726 1105 aare
750 1047 926 1116 maliue;
949 1051 1009 1123 foa
1038 1057 1140 1106 autem
1170 1071 1223 1108 nee
1253 1059 1298 1108 eat

75 1155 118 1192 aar
135 1142 369 1216 uuquomsua't,
391 1145 575 1222 quidquam,
596 1151 658 1203 uisi
674 1145 1011 1221 pulcerrimum,
1035 1149 1148 1222 faeere
1168 1155 1216 1223 ei,
1245 1155 1299 1225 qui

75 1244 141 1292 earet
174 1259 216 1314 op
229 1243 381 1298 timue„
420 1242 492 1300 Cum
530 1243 670 1302 rationem
699 1243 788 1322 igitur
825 1242 990 1318 habuisset,
1029 1244 1193 1324 reperiebat
1220 1246 1298 1306 nihil

74 1351 123 1390 esse
141 1353 253 1410 eorum,
284 1357 356 1414 quae
382 1339 486 1398 natura
511 1339 717 1416 cernerentur,
747 1362 809 1400 non
839 1340 1012 1420 intelligens
1051 1342 1237 1420 intelligente
1266 1345 1298 1404 in

74 1442 123 1488 toto
141 1451 240 1508 genere
260 1435 392 1508 meliuc,·
413 1437 639 1519 intelligentiam
668 1453 764 1498 autem
795 1439 849 1498 ulli
881 1440 923 1534 rei
955 1439 1124 1518 adjunctam
1149 1459 1209 1498 esse
1234 1442 1297 1500 sine

73 1528 173 1604 anime,
194 1533 275 1590 nefas
295 1543 364 1594 esse.
407 1537 548 1611 Quocirca
567 1537 820 1618 intelligentiam
812 1560 844 1597 an
862 1525 990 1612 animo,
1000 1538 1130 1596 animum
1153 1538 1297 1600 conclusit

73 1623 100 1682 in
115 1645 235 1706 corpore
280 1629 328 1689 Sic
345 1646 426 1692 ratus
445 1648 488 1692 est
508 1657 579 1716 opus
599 1635 677 1700 illud
696 1638 825 1696 eflectum
846 1619 906 1698 esse
927 1627 983 1694 dar
1008 1627 1206 1698 κάλλιστον
1222 1631 1297 1698 aurci

72 1739 148 1800 φυσιν
164 1747 283 1807 uorum
314 1751 346 1789 τε
353 1734 817 1810 ,pulcerrrmumnaturl
838 1745 1107 1814 etoptimumar
1132 1738 1162 1820 l)

105 1825 244 1898 Quatenus
264 1829 335 1890 baec
355 1829 543 1912 Pythagoreis
561 1830 674 1890 Plato
666 1832 781 1912 ipsique
799 1833 916 1892 Timaeo
934 1833 1087 1911 debuerit,
1107 1850 1171 1896 tum
1191 1836 1296 1917 explo-

71 1920 200 2001 rabimus,
222 1926 276 1985 ubi
296 1929 388 1987 acturi
408 1928 445 1988 de
464 1928 568 1991 divina
588 1942 690 1987 natura
711 1949 818 1989 sumus.
841 1929 898 1990 Hic
920 1932 957 1990 de
977 1931 1053 1992 ideis
1073 1953 1105 1991 ao
1126 1933 1294 1993 demando

71 2020 154 2106 νοητῷ
173 2025 290 2104 agimus.
333 2025 483 2086 Efficimus
500 2039 595 2086 autem
615 2047 630 2084 e
650 2026 770 2086 sublimi
790 2027 844 2088 bac
866 2029 977 2114 Timaei
1005 2030 1152 2106 oratione,
1184 2029 1293 2089 distin-

71 2123 112 2200 gui
128 2145 143 2182 a
161 2125 279 2184 Platone
298 2126 390 2184 Deum
411 2146 476 2183 cum
494 2146 512 2182 a
531 2123 622 2200 boni,
643 2145 729 2202 quam
757 2125 935 2201 celebravit,
956 2125 1041 2202 idea,
1071 2141 1134 2186 tum
1161 2146 1229 2189 vero
1255 2129 1291 2187 ab

70 2218 122 2298 ipsa
137 2223 262 2282 materia.
303 2224 368 2282 Non
386 2236 518 2304 procreat
539 2223 618 2302 apud
638 2244 704 2282 eum
723 2224 820 2298 Deus,
842 2223 893 2282 sed
912 2223 1015 2302 fingit,
1036 2225 1191 2300 informat,
1212 2247 1292 2286 oom-

70 2319 140 2396 ponit
163 2319 324 2396 mundum,
354 2319 442 2379 ducta
471 2321 509 2378 ab
536 2319 665 2395 artifice,
694 2322 868 2400 proprieque
896 2343 912 2378 a
937 2319 1046 2400 figulo,
1077 2324 1220 2404 imagine,
1241 2325 1291 2403 qui

70 2419 216 2492 materiem,
237 2439 311 2496 quae
328 2419 410 2477 adest
427 2419 478 2478 sed
496 2419 615 2477 informi
634 2432 676 2477 est
693 2419 807 2498 specie,
821 2413 889 2478 'arte
908 2418 994 2497 fingit
1014 2433 1042 2478 et
1065 2421 1191 2480 excolit:
1221 2423 1292 2481 facit

70 2510 114 2574 boo
130 2530 218 2575 autem
237 2515 276 2574 ad
291 2517 413 2596 perfecti
434 2516 558 2595 speciem
568 2561 577 2590 ,
599 2537 685 2594 quam
705 2517 795 2575 menti
816 2515 904 2574 babet
917 2518 1104 2596 propositam.
1146 2517 1289 2576 Similiter

70 2609 150 2687 pictor
163 2613 240 2694 apud
261 2613 410 2672 Platonem
427 2612 582 2692 pulcrum,
603 2612 682 2692 quod
699 2625 796 2670 mente
816 2613 965 2687 intuetur,
987 2614 1131 2672 imitando
1150 2613 1291 2693 exprime·

70 2726 94 2764 re
115 2709 144 2766 in
168 2710 270 2768 tabula
298 2710 426 2770 dicitur:
459 2710 537 2768 uude
565 2709 740 2790 pulcerrima
770 2708 843 2783 illa,
873 2729 959 2788 quam
990 2729 1076 2798 supra
1094 2711 1291 2785 attendimus,

70 2802 222 2884 legislatoris
237 2809 417 2889 descriptio,
439 2808 511 2896 qui,
533 2809 653 2888 pictoris
673 2808 767 2866 instar
774 2851 783 2882 ,
804 2806 838 2864 id
857 2807 976 2866 inmens
995 2821 1180 2882 constanter,
1212 2808 1291 2886 quod

71 2903 199 2964 verissime
224 2906 336 2966 bonum
359 2909 526 2984 justumque
553 2918 613 2979 est,
641 2904 680 2962 ad
709 2905 798 2982 hujus
826 2905 983 2983 perfectam
1010 2907 1135 2986 speciem
1165 2920 1192 2964 et
1216 2906 1292 2985 leges

70 3001 157 3065 condit
184 3019 211 3064 et
239 3024 285 3062 res
315 3003 443 3063 civitatis
473 3002 598 3062 ordinat.
621 3001 653 3082 2)
682 3003 730 3061 sic
760 3005 853 3062 Deum
884 3001 969 3082 fingit
995 3003 1076 3062 Plato
1097 3002 1135 3063 ad
1153 3005 1291 3066 divinum

69 3096 150 3175 pulcri
167 3101 295 3181 bonique
315 3101 464 3181 exemplar
482 3091 649 3174 materiem,
670 3120 743 3179 quae
764 3101 797 3158 in
818 3113 958 3184 perpetuo
988 3115 1068 3160 motu
1092 3115 1184 3177 esset,
1214 3101 1292 3162 ordi·

70 3215 155 3272 name,
175 3216 206 3259 ut
223 3199 418 3280 pulcerrimus
437 3197 507 3257 inde
524 3198 726 3278 optimusque,
747 3219 833 3277 quem
850 3220 932 3258 nunc
946 3198 1141 3274 admiramur,
1163 3199 1291 3259 mundus

70 3309 170 3356 eronus
196 3300 242 3358 sit.
286 3297 399 3372 Quibus
424 3296 601 3377 perspectis,
632 3297 697 3374 quis
722 3299 815 3356 Deum
844 3317 903 3356 esse
936 3297 1016 3378 apud
1043 3299 1193 3360 Platonem
1219 3299 1291 3359 boni

69 3388 149 3454 ideam
166 3396 375 3471 arbitrabitur,
397 3410 446 3454 aut
466 3395 560 3476 ipsum
579 3395 729 3456 Platonem
748 3396 789 3454 in.
801 3387 1007 3478 metaphysicis
1034 3397 1165 3457 censebit
1191 3395 1292 3478 phito-

69 3488 175 3568 sophis?
196 3495 361 3554 Platonicae
382 3491 419 3552 de
441 3492 516 3552 ideis
533 3493 682 3553 doctrinae
702 3507 729 3552 et
749 3494 963 3575 metaphysioae
986 3495 1191 3555 Aristotelicae
1219 3494 1291 3552 hinc

68 3571 229 3662 potisiimum
249 3593 406 3654 discrimen
427 3592 613 3672 intelligitur.
655 3595 727 3652 Nam
744 3593 784 3651 ita
805 3613 834 3650 se
855 3594 984 3673 profecto
1011 3615 1056 3653 res
1085 3593 1182 3652 babet.
1224 3592 1291 3650 Pos-

69 3693 184 3762 teaquam
203 3692 317 3772 scriptis
336 3681 472 3751 omnibus
491 3692 572 3750 Plato
593 3690 673 3751 ideas
693 3690 898 3766 celebraverat,
920 3691 1075 3752 scribendo
1095 3691 1150 3750 hoc
1170 3690 1291 3748 tandem

69 3781 189 3857 primario
217 3787 351 3870 dialogo,
383 3789 546 3856 docuinam
569 3789 624 3850 ille
652 3811 732 3849 suam
760 3790 886 3865 illustri,
908 3791 966 3848 imo
993 3789 1115 3862 divino,
1146 3789 1209 3866 ipso
1234 3787 1292 3846 Dei

68 3884 187 3964 exemplo
215 3886 391 3952 illustravit.-
435 3891 478 3949 De
508 3889 585 3948 bono
598 3909 674 3947 mon
698 3891 795 3948 minus
825 3888 994 3949 Aristoteles
1022 3900 1050 3946 et
1078 3885 1268 3966 metaphysici
1280 3930 1288 3960 ,

68 3994 141 4050 quam
156 3983 253 4062 Plato,
274 4002 305 4046 ut
325 3987 472 4064 vidimus,
493 3989 709 4065 quaesiverunt.
732 3986 765 4068 3)
794 3987 853 4048 Sed
869 3987 902 4046 hi
918 3985 956 4046 ad
976 3984 1190 4052 inveniendum
1209 3983 1289 4044 illud
1346 3983 1352 3994 '

68 4155 306 4178 N*—

96 4280 122 4346 1)
142 4285 196 4339 ram.
216 4288 258 4342 29.
275 4291 306 4342 u.
322 4321 356 4330 -
369 4291 411 4344 ao.
431 4292 458 4342 s.

95 4365 122 4430 2)
138 4371 211 4426 latitia
225 4393 251 4442 p.
260 4375 333 4443 330,
347 4377 407 4430 334.

96 4449 122 4514 3)
137 4456 211 4512 asar.
229 4463 335 4532 rietur.
355 4465 375 4515 1.
393 4463 415 4514 t.
436 4481 461 4530 p.
484 4464 514 4526 5,
539 4465 562 4514 r.
583 4463 629 4516 or.
644 4465 720 4518 reeca
737 4483 761 4532 p.
780 4464 839 4518 357.
