2832 5120
35 453 204 535 legendisque
223 447 379 532 explebat,
410 461 442 507 ut
469 449 561 529 ipsios
578 449 639 508 lero
658 445 791 526 aequales
808 443 958 504 solebant:
990 448 1123 527 antiquos
1143 449 1250 529 anqui-

31 553 116 628 rebat,
135 551 299 624 Platonem,
320 546 501 608 Aristotelem
522 547 687 628 priscosque
706 542 891 605 Academicos
905 557 933 602 et
947 545 1164 626 Peripateticos,
1186 547 1249 626 qui-

30 651 76 710 hus
100 651 182 710 unios
209 647 342 728 legendis
367 644 601 723 meditandisque
625 653 653 704 et
682 642 828 703 &oration
846 640 1026 723 degustandi
1046 641 1248 726 philosophia,

29 762 108 808 totum
123 747 239 829 explere
258 747 387 805 animam
405 744 515 803 linerat.
542 744 641 822 ltaque
661 743 722 802 sive
740 742 792 801 ille
809 736 933 800 Athenis
951 743 1012 801 site
1033 743 1118 801 etiam
1139 745 1247 803 Romae

30 847 148 927 degeret,
187 840 304 904 nullum
331 841 484 924 appetebat
510 841 691 922 voluptatum
721 857 812 921 genus
840 838 1011 915 ardentius,
1050 857 1136 919 quam
1170 843 1249 920 quod

30 945 121 1004 studiis
148 944 297 1003 literarum
324 953 354 1001 et
382 939 584 1022 philosophiae
616 938 885 998 commendaretur:
919 939 1043 998 Athenis
1071 953 1165 999 autem
1177 986 1186 1015 ,
1217 954 1250 1000 ut

33 1044 84 1123 ipse
110 1033 189 1101 haud
213 1040 332 1101 obscure
354 1041 386 1098 in
413 1038 538 1119 dialogis
564 1037 757 1118 significavit,
788 1037 841 1096 illa
866 1036 1065 1096 lubentissime
1084 1038 1145 1097 loca
1165 1055 1250 1119 repo-

34 1141 117 1215 tebat,
137 1139 294 1218 inquibus
313 1139 429 1196 tuamne
449 1135 562 1216 antiqui
581 1132 627 1196 illi
647 1137 753 1197 vermti
772 1135 858 1211 olim,
880 1134 1062 1195 Academiam
1079 1138 1247 1218 praecipue,

31 1237 73 1296 uhi
98 1239 211 1297 hortulo·
239 1239 290 1294 s'lh'
314 1244 414 1315 ipsum
442 1244 470 1293 ot·
499 1229 659 1294 Platonem
688 1243 778 1313 qaoei
798 1242 833 1294 in
858 1245 1014 1324 eonspeefa
1037 1239 1196 1313 pensione.
1220 1231 1250 1317 l)

30 1337 149 1395 Diximus
175 1333 277 1416 paullo
304 1347 390 1407 anre,
421 1333 618 1414 principatum
644 1347 709 1392 eum
735 1326 814 1415 apud
835 1335 979 1392 Romanos
1004 1334 1036 1392 in
1064 1334 1249 1414 eloquentia,

5 1497 6 1508 χ
32 1436 65 1493 oti
81 1433 158 1516 apud
176 1433 300 1494 Cnaaoos
314 1432 550 1508 Demosthenem,
568 1421 770 1514 philosophiae
787 1432 967 1513 potissimum
983 1431 1088 1492 studiis
1103 1433 1250 1495 debuisse.

31 1532 78 1592 Sed
103 1533 155 1591 hec
183 1532 312 1591 omnium
341 1525 462 1604 artium,
492 1548 567 1610 quae
591 1530 629 1590 ad
658 1529 867 1589 humanitatem
890 1531 1058 1611 pertinent,
1087 1527 1248 1592 insatiabili

32 1630 139 1705 ardore,
160 1648 221 1689 non
240 1627 358 1708 quidam
378 1645 523 1708 superasse
544 1629 577 1688 in
597 1628 763 1708 eloquentia
783 1628 1019 1703 Demosthenem,
1041 1628 1091 1689 sed
1110 1629 1149 1689 ah
1168 1647 1202 1690 eo
1218 1645 1248 1691 se

31 1728 187 1790 distinxisse
212 1725 338 1787 videtur„
380 1726 452 1785 Nasu
472 1728 580 1786 mattam
599 1728 640 1787 ita
660 1741 721 1802 est,
743 1738 793 1802 ut,
814 1728 911 1808 prouti
930 1728 1068 1809 princeps
1087 1730 1247 1788 Atticorum

31 1841 161 1888 ustorum
189 1824 363 1888 Souratioam
392 1826 532 1884 rationem
557 1820 684 1885 dicendo
711 1839 908 1906 expressunt,
939 1826 979 1885 ita
1006 1827 1106 1886 Cicero
1126 1828 1248 1907 optimos

31 1939 143 2005 quosque
167 1917 350 2003 antiquitatis
369 1922 574 2004 philosophos,
604 1925 712 2004 quique
731 1937 796 2004 post
814 1922 964 1983 Platonem
985 1913 1118 2000 fument,
1151 1928 1249 1986 animo

32 2024 184 2105 conplexus
195 2068 203 2098 ,
225 2023 390 2082 universam
410 2017 623 2102 philosophiam
643 2023 677 2082 ia
697 2021 891 2101 eloquentiam
911 2023 1056 2082 conferret
1067 2047 1075 2099 3
1098 2021 1247 2084 Platonem

32 2135 112 2180 sutem
138 2118 345 2180 mendicando
366 2132 480 2178 matum
497 2119 547 2180 sed
567 2120 730 2180 scribendis
751 2125 836 2180 etlam
857 2117 942 2180 lihris
962 2121 1144 2202 exprimeret.
1185 2123 1247 2183 Vir

33 2232 79 2278 erat
103 2219 211 2279 nobilis
236 2219 269 2277 iu
287 2217 462 2280 Graecorum
481 2218 666 2300 philosophia
686 2215 766 2279 loeus
776 2259 785 2294 ,
814 2220 888 2298 quin
907 2235 969 2278 eam
988 2239 1003 2278 e
1022 2219 1247 2281 clarissimorum

34 2317 254 2398 philosophorum
279 2315 395 2398 plaoitis
420 2315 579 2397 diligenter
608 2318 751 2396 doeteque
778 2331 806 2376 et
832 2333 901 2377 veru
928 2317 1034 2378 disere
1064 2319 1245 2400 explicaret:

34 2416 95 2493 quod
115 2415 185 2474 libri
204 2428 364 2489 testantur,
384 2429 456 2494 quos
473 2415 579 2475 multos
601 2429 629 2474 et
649 2417 745 2476 varios
762 2415 798 2474 de
818 2415 1003 2498 philosophia
1024 2417 1138 2498 soripsit
1148 2463 1158 2493 ,
1179 2411 1248 2498 qui-

34 2512 145 2593 busque,
174 2515 267 2596 ipsius
284 2512 530 2573 commendandae
547 2513 747 2595 philosophiae
766 2514 885 2589 mussi,
915 2516 1102 2576 Hennensium
1120 2517 1248 2598 praemi·-

35 2612 68 2671 sit.
87 2610 116 2694 a)
155 2611 288 2688 Quodsi,
315 2625 402 2691 matu
422 2611 595 2671 Plutarchus
612 2613 645 2671 in
664 2628 700 2671 eo
715 2611 944 2688 animadvertit,
964 2613 1096 2672 indolem
1115 2615 1248 2696 philosou

7 2785 8 2790 ἵ
36 2709 120 2787 phem,
152 2707 276 2772 velimus
301 2723 389 2768 totum
410 2710 590 2790 perspicere,
621 2709 668 2769 illi
687 2710 773 2770 nobis
793 2711 912 2769 oratoris
932 2710 1048 2790 legendi
1067 2727 1137 2772 sant
1156 2712 1249 2789 libri,

36 2827 90 2883 quos
115 2825 176 2869 non
202 2823 370 2882 senescens,
400 2821 433 2866 ut
460 2807 546 2881 illos,
582 2807 632 2866 sed
658 2797 775 2887 &aare
804 2821 913 2882 aetate,
944 2825 1015 2887 qrros
1041 2829 1073 2869 eo
1100 2823 1248 2891 tempore,

36 2921 79 2982 qao
103 2916 169 2986 ipso
199 2906 382 2985 eoe'pnblt'oae
409 2907 616 2986 gubernande
642 2908 780 2981 denelae,
803 2903 835 2985 a)
864 2905 900 2964 da
925 2906 1094 2986 republioa,
1121 2906 1159 2968 do
1180 2908 1249 2990 legi·

37 3002 93 3080 hus,
109 3005 277 3086 praesertim
295 3003 333 3062 de
354 3016 466 3064 oratore
481 3004 607 3084 sempsit.
638 3001 781 3085 Expressa
799 3016 841 3062 est
858 3005 892 3063 in
910 3003 947 3062 iis
962 3003 1165 3086 philosophia,
1187 3025 1247 3067 nem

39 3099 143 3162 molam
170 3101 304 3164 redolens
322 3115 372 3162 aut
392 3114 497 3160 sentem
513 3101 643 3182 aliquam
661 3101 917 3184 philmoplaonum,
948 3101 999 3162 sed
1018 3102 1180 3164 Aristmelis
1200 3121 1249 3164 te-

41 3197 115 3260 ferens
142 3216 170 3260 et
194 3195 327 3260 'Platonis
352 3200 519 3280 ingenium,
551 3201 629 3281 quod
656 3201 744 3284 plane
761 3199 872 3260 inillis
891 3197 998 3282 spinosa
1019 3198 1146 3262 nitimur.
1184 3197 1248 3265 'llos

41 3299 76 3371 aa
100 3297 184 3380 legit,
211 3298 394 3378 legendoque
413 3317 474 3358 non
491 3313 689 3376 natantum,
719 3313 752 3360 ut
772 3299 860 3380 vulgo
874 3299 927 3375 tit,
958 3297 1009 3360 sod
1029 3295 1167 3378 hamam,
1198 3301 1248 3363 sed

43 3393 306 3478 dampnationem,
334 3395 387 3456 sed
403 3397 467 3458 'eim
483 3396 625 3474 ‘diuendi,
656 3398 707 3458 sed
726 3397 940 3480 philosophiam
960 3400 1100 3474 omnino,
1127 3415 1203 3480 quae
1218 3413 1249 3460 at
1277 3463 1284 3482 x

46 3490 110 3554 dueta
127 3518 163 3556 ex
183 3495 302 3555 homine
323 3508 364 3554 est
383 3508 412 3554 et
427 3494 465 3554 ad
483 3495 574 3556 vitatu
592 3495 723 3557 hominis
744 3495 953 3565 aummmedna
973 3511 1049 3572 tuta,
1067 3490 1140 3557 haec
1160 3498 1249 3578 igitur

46 3592 185 3674 quicunque
203 3615 261 3653 una
278 3614 344 3652 eum
361 3591 446 3653 rebus
465 3577 590 3655 attendit
607 3594 764 3676 diligenter
774 3640 783 3669 ,
813 3615 868 3654 nae
890 3596 915 3654 is
929 3595 1062 3674 judicare
1082 3593 1118 3653 de
1137 3595 1248 3655 Cicero·

47 3688 77 3746 uis
95 3691 207 3772 ingenio
227 3691 341 3774 poterit.
371 3685 482 3751 'Defuit
502 3693 548 3768 ei,
580 3690 688 3769 fateor,
709 3713 781 3772 quae
802 3689 983 3752 admirabilis
1005 3693 1038 3751 in
1057 3687 1249 3753 Demosthene

48 3783 134 3864 iuerat,
162 3789 282 3850 dicendi
306 3779 455 3872 δεινὸτης,
487 3787 541 3851 illa
565 3807 642 3852 certe
665 3787 759 3851 defuit
778 3789 933 3872 singularis
952 3783 1040 3871 plane
1058 3803 1086 3850 et
1105 3789 1248 3874 Socpatin
1315 3799 1322 3810 ‘

49 3883 189 3966 simplicitas
207 3910 239 3949 ac
257 3891 452 3972 popularitas,
482 3903 548 3950 cum
566 3890 650 3971 copia
669 3898 697 3949 et
716 3889 855 3971 gravitate
874 3891 1049 3968 conjuncta,
1079 3910 1152 3970 quae
1171 3891 1249 3971 capit

51 3975 170 4046 hominum
196 3989 307 4048 animos
335 3990 471 4056 candoris
489 3988 654 4070 opinione,
683 4001 711 4046 et
737 3989 831 4069 aperit
855 4008 901 4048 eos
917 4001 990 4049 totos
1014 3988 1052 4048 ad
1071 3987 1169 4050 nullos
1188 4010 1248 4048 nou

21 4122 22 4126 ,
50 4095 124 4142 rusus
139 4086 237 4145 intime
255 4086 473 4172 suscipiendos:
502 4085 580 4146 unde
602 4081 789 4146 incredibilis
809 4086 940 4164 exstitit,
971 4101 1002 4146 ut
1020 4083 1167 4165 diximus,
1188 4081 1252 4148 De·

21 4319 24 4382 '·
76 4319 95 4384 ¹)
110 4325 157 4380 cu.
174 4332 202 4380 re
218 4331 274 4382 rso.
294 4331 324 4383 v.
344 4329 366 4382 t.
377 4330 428 4398 ,aar
446 4330 473 4382 ra
490 4329 580 4383 rison
598 4329 694 4382 oreore
773 4323 775 4330 ’

22 4421 24 4474 l
77 4403 99 4464 2)
114 4411 145 4463 lie
161 4415 213 4467 rsa.
232 4416 251 4468 l.
270 4415 293 4469 l.

78 4488 98 4554 lt
113 4497 144 4548 oe
160 4500 237 4560 orsa
255 4501 286 4553 u.
305 4499 329 4554 1.
