<?xml version="1.0" encoding="UTF-8"?>
<!DOCTYPE html PUBLIC "-//W3C//DTD XHTML 1.0 Transitional//EN"
    "http://www.w3.org/TR/xhtml1/DTD/xhtml1-transitional.dtd">
<html xmlns="http://www.w3.org/1999/xhtml" xml:lang="en" lang="en">
 <head>
  <title>
</title>
<meta http-equiv="Content-Type" content="text/html;charset=utf-8" />
  <meta name='ocr-system' content='tesseract 3.04.00' />
  <meta name='ocr-capabilities' content='ocr_page ocr_carea ocr_par ocr_line ocrx_word'/>
</head>
<body>
  <div class='ocr_page' id='page_1' title='image "./initiaphilosoph02heusgoog_0294.png"; bbox 0 0 2838 5120; ppageno 0'>
   <div class='ocr_carea' id='block_1_1' title="bbox 621 241 687 304">
    <p class='ocr_par' dir='ltr' id='par_1_1' title="bbox 621 241 687 304">
     <span class='ocr_line' id='line_1_1' title="bbox 621 241 687 304; baseline 0 0"><span class='ocrx_word' id='word_1_1' title='bbox 621 241 687 304; x_wconf 76' lang='lat'><strong>273·</strong></span> 
     </span>
    </p>
   </div>
   <div class='ocr_carea' id='block_1_2' title="bbox 22 403 1280 1961">
    <p class='ocr_par' dir='ltr' id='par_1_2' title="bbox 22 403 1280 1961">
     <span class='ocr_line' id='line_1_2' title="bbox 54 403 1269 492; baseline -0.001 -23"><span class='ocrx_word' id='word_1_2' title='bbox 54 411 107 492; x_wconf 88' lang='lat' dir='ltr'><strong>ipsa</strong></span> <span class='ocrx_word' id='word_1_3' title='bbox 133 405 275 470; x_wconf 88' lang='lat' dir='ltr'><strong>cernendo</strong></span> <span class='ocrx_word' id='word_1_4' title='bbox 299 403 507 487; x_wconf 84' lang='lat' dir='ltr'><strong>jungendoque</strong></span> <span class='ocrx_word' id='word_1_5' title='bbox 532 403 675 486; x_wconf 78' lang='lat' dir='ltr'><strong>procedit.</strong></span> <span class='ocrx_word' id='word_1_6' title='bbox 716 405 774 466; x_wconf 88' lang='lat' dir='ltr'><strong>Nos</strong></span> <span class='ocrx_word' id='word_1_7' title='bbox 804 403 836 465; x_wconf 88' lang='lat' dir='ltr'><strong>id</strong></span> <span class='ocrx_word' id='word_1_8' title='bbox 861 404 1043 486; x_wconf 89' lang='lat' dir='ltr'><strong>philosophis</strong></span> <span class='ocrx_word' id='word_1_9' title='bbox 1072 407 1269 490; x_wconf 80' lang='lat' dir='ltr'><strong>peragendum</strong></span> 
     </span>
     <span class='ocr_line' id='line_1_3' title="bbox 55 502 1270 591; baseline 0.001 -25"><span class='ocrx_word' id='word_1_10' title='bbox 55 508 246 591; x_wconf 85' lang='lat' dir='ltr'><strong>relinquimus,</strong></span> <span class='ocrx_word' id='word_1_11' title='bbox 267 505 317 583; x_wconf 91' lang='lat' dir='ltr'><strong>qui</strong></span> <span class='ocrx_word' id='word_1_12' title='bbox 342 504 490 585; x_wconf 83' lang='lat' dir='ltr'><strong>profecto,</strong></span> <span class='ocrx_word' id='word_1_13' title='bbox 510 525 567 582; x_wconf 93' lang='lat' dir='ltr'><strong>quo</strong></span> <span class='ocrx_word' id='word_1_14' title='bbox 584 503 755 584; x_wconf 84' lang='lat' dir='ltr'><strong>diligentius</strong></span> <span class='ocrx_word' id='word_1_15' title='bbox 772 502 848 564; x_wconf 90' lang='lat' dir='ltr'><strong>hanc</strong></span> <span class='ocrx_word' id='word_1_16' title='bbox 876 502 1004 564; x_wconf 79' lang='lat' dir='ltr'><strong>nativam</strong></span> <span class='ocrx_word' id='word_1_17' title='bbox 1032 504 1159 568; x_wconf 87' lang='lat' dir='ltr'><strong>bominis</strong></span> <span class='ocrx_word' id='word_1_18' title='bbox 1183 507 1270 567; x_wconf 90' lang='lat' dir='ltr'><strong>inve-</strong></span> 
     </span>
     <span class='ocr_line' id='line_1_4' title="bbox 22 599 1272 683; baseline 0.001 -17"><span class='ocrx_word' id='word_1_19' title='bbox 22 621 39 666; x_wconf 72' lang='lat'><strong>.&#39;</strong></span> <span class='ocrx_word' id='word_1_20' title='bbox 54 605 146 666; x_wconf 89' lang='lat' dir='ltr'><strong>nicndi</strong></span> <span class='ocrx_word' id='word_1_21' title='bbox 164 604 348 664; x_wconf 80' lang='lat' dir='ltr'><strong>strationem</strong></span> <span class='ocrx_word' id='word_1_22' title='bbox 366 615 395 660; x_wconf 93' lang='lat' dir='ltr'><strong>et</strong></span> <span class='ocrx_word' id='word_1_23' title='bbox 414 601 580 662; x_wconf 81' lang='lat' dir='ltr'><strong>facultatem</strong></span> <span class='ocrx_word' id='word_1_24' title='bbox 599 601 835 683; x_wconf 85' lang='lat' dir='ltr'><strong>exploraverint,</strong></span> <span class='ocrx_word' id='word_1_25' title='bbox 861 622 894 662; x_wconf 90' lang='lat' dir='ltr'><strong>eo</strong></span> <span class='ocrx_word' id='word_1_26' title='bbox 912 599 1057 664; x_wconf 87' lang='lat' dir='ltr'><strong>efficacius</strong></span> <span class='ocrx_word' id='word_1_27' title='bbox 1077 627 1130 666; x_wconf 88' lang='lat' dir='ltr'><strong>nos</strong></span> <span class='ocrx_word' id='word_1_28' title='bbox 1147 626 1213 666; x_wconf 90' lang='lat' dir='ltr'><strong>cum</strong></span> <span class='ocrx_word' id='word_1_29' title='bbox 1232 599 1272 667; x_wconf 84' lang='lat' dir='ltr'><strong>ad</strong></span> 
     </span>
     <span class='ocr_line' id='line_1_5' title="bbox 55 697 1272 784; baseline 0.001 -23"><span class='ocrx_word' id='word_1_30' title='bbox 55 716 134 762; x_wconf 88' lang='lat' dir='ltr'><strong>totum</strong></span> <span class='ocrx_word' id='word_1_31' title='bbox 154 701 362 784; x_wconf 82' lang='lat' dir='ltr'><strong>explicandum</strong></span> <span class='ocrx_word' id='word_1_32' title='bbox 387 698 560 776; x_wconf 86' lang='lat' dir='ltr'>Philebum,</span> <span class='ocrx_word' id='word_1_33' title='bbox 582 713 643 758; x_wconf 91' lang='lat' dir='ltr'><strong>tum</strong></span> <span class='ocrx_word' id='word_1_34' title='bbox 673 697 710 758; x_wconf 91' lang='lat' dir='ltr'><strong>ad</strong></span> <span class='ocrx_word' id='word_1_35' title='bbox 738 698 789 757; x_wconf 87' lang='lat' dir='ltr'><strong>bas</strong></span> <span class='ocrx_word' id='word_1_36' title='bbox 817 700 1049 781; x_wconf 83' lang='lat' dir='ltr'><strong>interpretandas</strong></span> <span class='ocrx_word' id='word_1_37' title='bbox 1077 704 1207 764; x_wconf 82' lang='lat' dir='ltr'><strong>Platonis</strong></span> <span class='ocrx_word' id='word_1_38' title='bbox 1233 702 1272 764; x_wconf 90' lang='lat' dir='ltr'><strong>de</strong></span> 
     </span>
     <span class='ocr_line' id='line_1_6' title="bbox 54 796 1270 876; baseline 0.002 -16"><span class='ocrx_word' id='word_1_39' title='bbox 54 803 167 860; x_wconf 86' lang='lat' dir='ltr'><strong>musicae</strong></span> <span class='ocrx_word' id='word_1_40' title='bbox 186 813 213 860; x_wconf 87' lang='lat' dir='ltr'><strong>et</strong></span> <span class='ocrx_word' id='word_1_41' title='bbox 235 800 384 858; x_wconf 87' lang='lat' dir='ltr'><strong>literarum</strong></span> <span class='ocrx_word' id='word_1_42' title='bbox 405 799 576 858; x_wconf 80' lang='lat' dir='ltr'><strong>inventione</strong></span> <span class='ocrx_word' id='word_1_43' title='bbox 596 798 753 858; x_wconf 87' lang='lat' dir='ltr'><strong>sententias</strong></span> <span class='ocrx_word' id='word_1_44' title='bbox 776 796 970 876; x_wconf 88' lang='lat' dir='ltr'><strong>adjuvabunt.</strong></span> <span class='ocrx_word' id='word_1_45' title='bbox 1012 799 1104 875; x_wconf 85' lang='lat' dir='ltr'><strong>Quam</strong></span> <span class='ocrx_word' id='word_1_46' title='bbox 1130 803 1208 862; x_wconf 88' lang='lat' dir='ltr'><strong>enirn</strong></span> <span class='ocrx_word' id='word_1_47' title='bbox 1226 803 1270 862; x_wconf 88' lang='lat' dir='ltr'><strong>in·</strong></span> 
     </span>
     <span class='ocr_line' id='line_1_7' title="bbox 54 895 1273 977; baseline 0.003 -19"><span class='ocrx_word' id='word_1_48' title='bbox 54 900 157 959; x_wconf 80' lang='lat' dir='ltr'><strong>fantum</strong></span> <span class='ocrx_word' id='word_1_49' title='bbox 186 917 244 958; x_wconf 88' lang='lat' dir='ltr'><strong>esse</strong></span> <span class='ocrx_word' id='word_1_50' title='bbox 263 897 394 958; x_wconf 87' lang='lat' dir='ltr'><strong>diximus</strong></span> <span class='ocrx_word' id='word_1_51' title='bbox 416 895 629 972; x_wconf 84' lang='lat' dir='ltr'><strong>conditionem,</strong></span> <span class='ocrx_word' id='word_1_52' title='bbox 651 909 701 970; x_wconf 89' lang='lat' dir='ltr'><strong>ut,</strong></span> <span class='ocrx_word' id='word_1_53' title='bbox 722 916 794 975; x_wconf 88' lang='lat' dir='ltr'><strong>quae</strong></span> <span class='ocrx_word' id='word_1_54' title='bbox 815 896 885 977; x_wconf 90' lang='lat' dir='ltr'><strong>ipsis</strong></span> <span class='ocrx_word' id='word_1_55' title='bbox 903 897 1029 977; x_wconf 84' lang='lat' dir='ltr'><strong>primurn</strong></span> <span class='ocrx_word' id='word_1_56' title='bbox 1046 899 1187 962; x_wconf 84' lang='lat' dir='ltr'><strong>videntur</strong></span> <span class='ocrx_word' id='word_1_57' title='bbox 1204 921 1273 962; x_wconf 90' lang='lat' dir='ltr'><strong>con·</strong></span> 
     </span>
     <span class='ocr_line' id='line_1_8' title="bbox 53 991 1274 1074; baseline 0.003 -18"><span class='ocrx_word' id='word_1_58' title='bbox 53 999 125 1073; x_wconf 87' lang='lat' dir='ltr'><strong>fusa,</strong></span> <span class='ocrx_word' id='word_1_59' title='bbox 165 994 312 1056; x_wconf 86' lang='lat' dir='ltr'><strong>cernendo</strong></span> <span class='ocrx_word' id='word_1_60' title='bbox 349 991 585 1074; x_wconf 88' lang='lat' dir='ltr'><strong>numerandoque</strong></span> <span class='ocrx_word' id='word_1_61' title='bbox 617 1006 749 1053; x_wconf 89' lang='lat' dir='ltr'><strong>accurate</strong></span> <span class='ocrx_word' id='word_1_62' title='bbox 779 1013 949 1074; x_wconf 83' lang='lat' dir='ltr'><strong>cognoscere</strong></span> <span class='ocrx_word' id='word_1_63' title='bbox 975 994 1114 1072; x_wconf 81' lang='lat' dir='ltr'><strong>discant,</strong></span> <span class='ocrx_word' id='word_1_64' title='bbox 1153 999 1274 1060; x_wconf 85' lang='lat' dir='ltr'><strong>eandem</strong></span> 
     </span>
     <span class='ocr_line' id='line_1_9' title="bbox 53 1092 1276 1175; baseline 0.004 -21"><span class='ocrx_word' id='word_1_65' title='bbox 53 1095 162 1154; x_wconf 80' lang='lat' dir='ltr'><strong>Theuth</strong></span> <span class='ocrx_word' id='word_1_66' title='bbox 180 1095 228 1153; x_wconf 91' lang='lat' dir='ltr'><strong>illi</strong></span> <span class='ocrx_word' id='word_1_67' title='bbox 248 1093 406 1175; x_wconf 82' lang='lat' dir='ltr'><strong>Aegyptio,</strong></span> <span class='ocrx_word' id='word_1_68' title='bbox 427 1094 488 1152; x_wconf 88' lang='lat' dir='ltr'><strong>sive</strong></span> <span class='ocrx_word' id='word_1_69' title='bbox 507 1092 676 1167; x_wconf 89' lang='lat' dir='ltr'><strong>literarum,</strong></span> <span class='ocrx_word' id='word_1_70' title='bbox 705 1092 872 1170; x_wconf 91' lang='lat' dir='ltr'><strong>quicunque</strong></span> <span class='ocrx_word' id='word_1_71' title='bbox 894 1092 1013 1154; x_wconf 90' lang='lat' dir='ltr'><strong>tandem</strong></span> <span class='ocrx_word' id='word_1_72' title='bbox 1031 1095 1137 1171; x_wconf 83' lang='lat' dir='ltr'><strong>fuerit,</strong></span> <span class='ocrx_word' id='word_1_73' title='bbox 1167 1098 1276 1158; x_wconf 87' lang='lat' dir='ltr'><strong>inven-</strong></span> 
     </span>
     <span class='ocr_line' id='line_1_10' title="bbox 51 1189 1276 1268; baseline -0.002 -16"><span class='ocrx_word' id='word_1_74' title='bbox 51 1195 119 1268; x_wconf 86' lang='lat' dir='ltr'><strong>tori,</strong></span> <span class='ocrx_word' id='word_1_75' title='bbox 146 1192 251 1252; x_wconf 88' lang='lat' dir='ltr'><strong>tribuit</strong></span> <span class='ocrx_word' id='word_1_76' title='bbox 277 1192 370 1250; x_wconf 89' lang='lat' dir='ltr'><strong>Plato.</strong></span> <span class='ocrx_word' id='word_1_77' title='bbox 413 1191 540 1249; x_wconf 87' lang='lat' dir='ltr'><strong>Primum</strong></span> <span class='ocrx_word' id='word_1_78' title='bbox 568 1190 620 1251; x_wconf 92' lang='lat' dir='ltr'><strong>ille</strong></span> <span class='ocrx_word' id='word_1_79' title='bbox 648 1190 679 1249; x_wconf 92' lang='lat' dir='ltr'><strong>in</strong></span> <span class='ocrx_word' id='word_1_80' title='bbox 712 1189 830 1248; x_wconf 77' lang='lat' dir='ltr'><strong>infinita</strong></span> <span class='ocrx_word' id='word_1_81' title='bbox 851 1189 904 1248; x_wconf 93' lang='lat' dir='ltr'><strong>illa</strong></span> <span class='ocrx_word' id='word_1_82' title='bbox 931 1211 1065 1254; x_wconf 89' lang='lat' dir='ltr'><strong>sonorum</strong></span> <span class='ocrx_word' id='word_1_83' title='bbox 1085 1195 1276 1256; x_wconf 77' lang='lat' dir='ltr'><strong>multitudino</strong></span> 
     </span>
     <span class='ocr_line' id='line_1_11' title="bbox 53 1287 1276 1374; baseline 0.006 -26"><span class='ocrx_word' id='word_1_84' title='bbox 53 1305 76 1350; x_wconf 87' lang='lat' dir='ltr'><strong>et</strong></span> <span class='ocrx_word' id='word_1_85' title='bbox 102 1292 236 1352; x_wconf 86' lang='lat' dir='ltr'><strong>varietate</strong></span> <span class='ocrx_word' id='word_1_86' title='bbox 262 1311 327 1348; x_wconf 91' lang='lat' dir='ltr'><strong>cum</strong></span> <span class='ocrx_word' id='word_1_87' title='bbox 356 1287 469 1374; x_wconf 80' lang='lat' dir='ltr'><strong>vocales</strong></span> <span class='ocrx_word' id='word_1_88' title='bbox 499 1288 643 1364; x_wconf 89' lang='lat' dir='ltr'><strong>attendit,</strong></span> <span class='ocrx_word' id='word_1_89' title='bbox 673 1302 735 1348; x_wconf 90' lang='lat' dir='ltr'><strong>tum</strong></span> <span class='ocrx_word' id='word_1_90' title='bbox 767 1308 924 1362; x_wconf 87' lang='lat' dir='ltr'><strong>consonas,</strong></span> <span class='ocrx_word' id='word_1_91' title='bbox 950 1289 1020 1348; x_wconf 90' lang='lat' dir='ltr'><strong>item</strong></span> <span class='ocrx_word' id='word_1_92' title='bbox 1047 1312 1119 1373; x_wconf 89' lang='lat' dir='ltr'><strong>quas</strong></span> <span class='ocrx_word' id='word_1_93' title='bbox 1145 1313 1198 1352; x_wconf 90' lang='lat' dir='ltr'><strong>nos</strong></span> <span class='ocrx_word' id='word_1_94' title='bbox 1227 1314 1276 1355; x_wconf 83' lang='lat' dir='ltr'><strong>vo·</strong></span> 
     </span>
     <span class='ocr_line' id='line_1_12' title="bbox 52 1387 1277 1472; baseline 0.004 -24"><span class='ocrx_word' id='word_1_95' title='bbox 52 1410 108 1448; x_wconf 87' lang='lat' dir='ltr'><strong>care</strong></span> <span class='ocrx_word' id='word_1_96' title='bbox 125 1403 217 1472; x_wconf 84' lang='lat' dir='ltr'><strong>mutas¹</strong></span> <span class='ocrx_word' id='word_1_97' title='bbox 238 1388 336 1447; x_wconf 87' lang='lat' dir='ltr'><strong>literas</strong></span> <span class='ocrx_word' id='word_1_98' title='bbox 363 1387 494 1446; x_wconf 87' lang='lat' dir='ltr'><strong>solemus.</strong></span> <span class='ocrx_word' id='word_1_99' title='bbox 537 1387 612 1444; x_wconf 90' lang='lat' dir='ltr'><strong>Turn</strong></span> <span class='ocrx_word' id='word_1_100' title='bbox 638 1407 779 1446; x_wconf 88' lang='lat' dir='ltr'><strong>consonas</strong></span> <span class='ocrx_word' id='word_1_101' title='bbox 809 1397 836 1444; x_wconf 89' lang='lat' dir='ltr'><strong>et</strong></span> <span class='ocrx_word' id='word_1_102' title='bbox 867 1399 979 1461; x_wconf 87' lang='lat' dir='ltr'><strong>mutas,</strong></span> <span class='ocrx_word' id='word_1_103' title='bbox 999 1389 1164 1469; x_wconf 87' lang='lat' dir='ltr'><strong>pariterque</strong></span> <span class='ocrx_word' id='word_1_104' title='bbox 1193 1413 1277 1452; x_wconf 84' lang='lat' dir='ltr'><strong>voca·</strong></span> 
     </span>
     <span class='ocr_line' id='line_1_13' title="bbox 53 1483 1276 1568; baseline 0.004 -22"><span class='ocrx_word' id='word_1_105' title='bbox 53 1487 104 1563; x_wconf 89' lang='lat' dir='ltr'><strong>les,</strong></span> <span class='ocrx_word' id='word_1_106' title='bbox 123 1507 252 1567; x_wconf 92' lang='lat' dir='ltr'><strong>quaeque</strong></span> <span class='ocrx_word' id='word_1_107' title='bbox 269 1485 381 1545; x_wconf 87' lang='lat' dir='ltr'><strong>mediae</strong></span> <span class='ocrx_word' id='word_1_108' title='bbox 402 1486 562 1560; x_wconf 91' lang='lat' dir='ltr'><strong>dicuntur,</strong></span> <span class='ocrx_word' id='word_1_109' title='bbox 583 1483 722 1544; x_wconf 88' lang='lat' dir='ltr'><strong>discrevit</strong></span> <span class='ocrx_word' id='word_1_110' title='bbox 740 1506 757 1542; x_wconf 92' lang='lat' dir='ltr'><strong>a</strong></span> <span class='ocrx_word' id='word_1_111' title='bbox 776 1485 963 1560; x_wconf 87' lang='lat' dir='ltr'><strong>seinvicem,</strong></span> <span class='ocrx_word' id='word_1_112' title='bbox 984 1486 1077 1547; x_wconf 92' lang='lat' dir='ltr'><strong>donec</strong></span> <span class='ocrx_word' id='word_1_113' title='bbox 1097 1487 1276 1568; x_wconf 81' lang='lat' dir='ltr'><strong>singularum</strong></span> 
     </span>
     <span class='ocr_line' id='line_1_14' title="bbox 53 1581 1276 1664; baseline 0.007 -22"><span class='ocrx_word' id='word_1_114' title='bbox 53 1584 210 1664; x_wconf 84' lang='lat' dir='ltr'><strong>singulatim</strong></span> <span class='ocrx_word' id='word_1_115' title='bbox 230 1604 381 1646; x_wconf 86' lang='lat' dir='ltr'><strong>numerum</strong></span> <span class='ocrx_word' id='word_1_116' title='bbox 408 1597 528 1659; x_wconf 88' lang='lat' dir='ltr'><strong>nactus,</strong></span> <span class='ocrx_word' id='word_1_117' title='bbox 560 1584 706 1644; x_wconf 89' lang='lat' dir='ltr'><strong>communi</strong></span> <span class='ocrx_word' id='word_1_118' title='bbox 735 1581 886 1643; x_wconf 90' lang='lat' dir='ltr'><strong>universas</strong></span> <span class='ocrx_word' id='word_1_119' title='bbox 905 1585 1022 1646; x_wconf 88' lang='lat' dir='ltr'><strong>nomine</strong></span> <span class='ocrx_word' id='word_1_120' title='bbox 1050 1587 1195 1648; x_wconf 82' lang='lat' dir='ltr'><strong>elemento</strong></span> <span class='ocrx_word' id='word_1_121' title='bbox 1214 1589 1276 1650; x_wconf 86' lang='lat' dir='ltr'><strong>sive</strong></span> 
     </span>
     <span class='ocr_line' id='line_1_15' title="bbox 54 1681 1277 1769; baseline 0.011 -31"><span class='ocrx_word' id='word_1_122' title='bbox 54 1683 151 1742; x_wconf 81' lang='lat' dir='ltr'><strong>literas</strong></span> <span class='ocrx_word' id='word_1_123' title='bbox 167 1683 341 1765; x_wconf 86' lang='lat' dir='ltr'><strong>appellavit.</strong></span> <span class='ocrx_word' id='word_1_124' title='bbox 382 1684 495 1766; x_wconf 8' lang='lat' dir='ltr'><strong>Inpquo</strong></span> <span class='ocrx_word' id='word_1_125' title='bbox 520 1695 581 1742; x_wconf 91' lang='lat' dir='ltr'><strong>toto</strong></span> <span class='ocrx_word' id='word_1_126' title='bbox 609 1682 724 1762; x_wconf 80' lang='lat' dir='ltr'><strong>negotio</strong></span> <span class='ocrx_word' id='word_1_127' title='bbox 753 1701 834 1740; x_wconf 89' lang='lat' dir='ltr'><strong>mens</strong></span> <span class='ocrx_word' id='word_1_128' title='bbox 855 1681 917 1759; x_wconf 88' lang='lat' dir='ltr'><strong>ejus</strong></span> <span class='ocrx_word' id='word_1_129' title='bbox 943 1682 1090 1745; x_wconf 88' lang='lat' dir='ltr'><strong>cernendo</strong></span> <span class='ocrx_word' id='word_1_130' title='bbox 1113 1687 1277 1769; x_wconf 79' lang='lat' dir='ltr'><strong>jungendo·</strong></span> 
     </span>
     <span class='ocr_line' id='line_1_16' title="bbox 54 1779 1280 1866; baseline 0.006 -27"><span class='ocrx_word' id='word_1_131' title='bbox 54 1802 100 1858; x_wconf 89' lang='lat' dir='ltr'><strong>que</strong></span> <span class='ocrx_word' id='word_1_132' title='bbox 110 1825 118 1856; x_wconf 92' lang='lat'><strong>,</strong></span> <span class='ocrx_word' id='word_1_133' title='bbox 137 1783 258 1842; x_wconf 92' lang='lat' dir='ltr'><strong>omnino</strong></span> <span class='ocrx_word' id='word_1_134' title='bbox 276 1780 456 1841; x_wconf 87' lang='lat' dir='ltr'><strong>numerando</strong></span> <span class='ocrx_word' id='word_1_135' title='bbox 476 1779 655 1863; x_wconf 89' lang='lat' dir='ltr'><strong>procedens,</strong></span> <span class='ocrx_word' id='word_1_136' title='bbox 684 1780 873 1840; x_wconf 85' lang='lat' dir='ltr'><strong>inventorum</strong></span> <span class='ocrx_word' id='word_1_137' title='bbox 893 1780 1008 1862; x_wconf 89' lang='lat' dir='ltr'><strong>peperit</strong></span> <span class='ocrx_word' id='word_1_138' title='bbox 1028 1781 1114 1864; x_wconf 85' lang='lat' dir='ltr'><strong>longe</strong></span> <span class='ocrx_word' id='word_1_139' title='bbox 1133 1785 1280 1866; x_wconf 73' lang='lat' dir='ltr'><strong>pulcerri-</strong></span> 
     </span>
     <span class='ocr_line' id='line_1_17' title="bbox 54 1869 865 1961; baseline 0.001 -25"><span class='ocrx_word' id='word_1_140' title='bbox 54 1898 118 1939; x_wconf 87' lang='lat' dir='ltr'><strong>mam</strong></span> <span class='ocrx_word' id='word_1_141' title='bbox 136 1879 286 1940; x_wconf 89' lang='lat' dir='ltr'><strong>scribendi</strong></span> <span class='ocrx_word' id='word_1_142' title='bbox 304 1901 356 1961; x_wconf 86' lang='lat' dir='ltr'><strong>per</strong></span> <span class='ocrx_word' id='word_1_143' title='bbox 378 1879 476 1940; x_wconf 87' lang='lat' dir='ltr'><strong>literas</strong></span> <span class='ocrx_word' id='word_1_144' title='bbox 496 1878 692 1961; x_wconf 82' lang='lat' dir='ltr'><strong>alphabeticus</strong></span> <span class='ocrx_word' id='word_1_145' title='bbox 715 1869 865 1938; x_wconf 86' lang='lat' dir='ltr'><strong>rationem.</strong></span> 
     </span>
    </p>
   </div>
   <div class='ocr_carea' id='block_1_3' title="bbox 188 2075 1163 2250">
    <p class='ocr_par' dir='ltr' id='par_1_3' title="bbox 188 2075 1163 2250">
     <span class='ocr_line' id='line_1_18' title="bbox 188 2075 1138 2156; baseline 0.002 -21"><span class='ocrx_word' id='word_1_146' title='bbox 188 2075 412 2156; x_wconf 75' lang='lat' dir='ltr'><strong>Quatenus</strong></span> <span class='ocrx_word' id='word_1_147' title='bbox 441 2075 703 2146; x_wconf 76' lang='lat' dir='ltr'><strong>Aristoteli,</strong></span> <span class='ocrx_word' id='word_1_148' title='bbox 733 2075 783 2132; x_wconf 83' lang='lat' dir='ltr'><strong>ad</strong></span> <span class='ocrx_word' id='word_1_149' title='bbox 811 2076 1138 2156; x_wconf 69' lang='lat' dir='ltr'><strong>syllogisticam</strong></span> 
     </span>
     <span class='ocr_line' id='line_1_19' title="bbox 241 2173 1163 2250; baseline -0.001 -15"><span class='ocrx_word' id='word_1_150' title='bbox 241 2176 538 2250; x_wconf 83' lang='lat' dir='ltr'><strong>tractandam,</strong></span> <span class='ocrx_word' id='word_1_151' title='bbox 570 2181 679 2232; x_wconf 83' lang='lat' dir='ltr'><strong>oiain</strong></span> <span class='ocrx_word' id='word_1_152' title='bbox 708 2180 895 2232; x_wconf 81' lang='lat' dir='ltr'><strong>munivit</strong></span> <span class='ocrx_word' id='word_1_153' title='bbox 922 2173 1073 2234; x_wconf 80' lang='lat' dir='ltr'><strong>Plato?</strong></span> <span class='ocrx_word' id='word_1_154' title='bbox 1161 2227 1163 2234; x_wconf 89' lang='grc'><em>,</em></span> 
     </span>
    </p>
   </div>
   <div class='ocr_carea' id='block_1_4' title="bbox 53 2368 1381 4230">
    <p class='ocr_par' dir='ltr' id='par_1_4' title="bbox 53 2368 1381 4230">
     <span class='ocr_line' id='line_1_20' title="bbox 87 2368 1281 2456; baseline 0.006 -27"><span class='ocrx_word' id='word_1_155' title='bbox 87 2368 160 2430; x_wconf 87' lang='lat' dir='ltr'><strong>Haeo</strong></span> <span class='ocrx_word' id='word_1_156' title='bbox 187 2371 300 2448; x_wconf 91' lang='lat' dir='ltr'><strong>habui,</strong></span> <span class='ocrx_word' id='word_1_157' title='bbox 320 2392 396 2451; x_wconf 90' lang='lat' dir='ltr'><strong>quae</strong></span> <span class='ocrx_word' id='word_1_158' title='bbox 419 2370 455 2432; x_wconf 92' lang='lat' dir='ltr'><strong>de</strong></span> <span class='ocrx_word' id='word_1_159' title='bbox 476 2371 506 2430; x_wconf 91' lang='lat' dir='ltr'><strong>vi</strong></span> <span class='ocrx_word' id='word_1_160' title='bbox 527 2383 555 2430; x_wconf 88' lang='lat' dir='ltr'><strong>et</strong></span> <span class='ocrx_word' id='word_1_161' title='bbox 576 2369 705 2430; x_wconf 80' lang='lat' dir='ltr'><strong>ubertate</strong></span> <span class='ocrx_word' id='word_1_162' title='bbox 732 2369 901 2430; x_wconf 85' lang='lat' dir='ltr'><strong>dialecticae</strong></span> <span class='ocrx_word' id='word_1_163' title='bbox 930 2371 1114 2450; x_wconf 87' lang='lat' dir='ltr'><strong>Platonicae,</strong></span> <span class='ocrx_word' id='word_1_164' title='bbox 1144 2394 1181 2434; x_wconf 85' lang='lat' dir='ltr'><strong>ex</strong></span> <span class='ocrx_word' id='word_1_165' title='bbox 1210 2372 1281 2456; x_wconf 89' lang='lat' dir='ltr'><strong>ipsis</strong></span> 
     </span>
     <span class='ocr_line' id='line_1_21' title="bbox 56 2467 1279 2552; baseline 0.007 -27"><span class='ocrx_word' id='word_1_166' title='bbox 56 2467 170 2530; x_wconf 88' lang='lat' dir='ltr'><strong>Platonis</strong></span> <span class='ocrx_word' id='word_1_167' title='bbox 199 2472 337 2552; x_wconf 90' lang='lat' dir='ltr'><strong>scriptis,</strong></span> <span class='ocrx_word' id='word_1_168' title='bbox 366 2471 399 2528; x_wconf 91' lang='lat' dir='ltr'><strong>in</strong></span> <span class='ocrx_word' id='word_1_169' title='bbox 421 2469 514 2529; x_wconf 91' lang='lat' dir='ltr'><strong>lucem</strong></span> <span class='ocrx_word' id='word_1_170' title='bbox 541 2470 719 2550; x_wconf 86' lang='lat' dir='ltr'><strong>proferrem:</strong></span> <span class='ocrx_word' id='word_1_171' title='bbox 752 2468 831 2530; x_wconf 87' lang='lat' dir='ltr'><strong>unde</strong></span> <span class='ocrx_word' id='word_1_172' title='bbox 860 2491 927 2530; x_wconf 90' lang='lat' dir='ltr'><strong>cum</strong></span> <span class='ocrx_word' id='word_1_173' title='bbox 953 2471 1030 2548; x_wconf 87' lang='lat' dir='ltr'><strong>alia,</strong></span> <span class='ocrx_word' id='word_1_174' title='bbox 1057 2495 1131 2552; x_wconf 88' lang='lat' dir='ltr'><strong>quae</strong></span> <span class='ocrx_word' id='word_1_175' title='bbox 1159 2473 1196 2533; x_wconf 91' lang='lat' dir='ltr'><strong>de</strong></span> <span class='ocrx_word' id='word_1_176' title='bbox 1224 2473 1279 2534; x_wconf 85' lang='lat' dir='ltr'><strong>bac</strong></span> 
     </span>
     <span class='ocr_line' id='line_1_22' title="bbox 56 2567 1280 2653; baseline 0.007 -29"><span class='ocrx_word' id='word_1_177' title='bbox 56 2581 106 2628; x_wconf 85' lang='lat' dir='ltr'><strong>arte</strong></span> <span class='ocrx_word' id='word_1_178' title='bbox 123 2569 332 2648; x_wconf 89' lang='lat' dir='ltr'><strong>pronunciavit</strong></span> <span class='ocrx_word' id='word_1_179' title='bbox 351 2567 560 2651; x_wconf 88' lang='lat' dir='ltr'><strong>philosophus,</strong></span> <span class='ocrx_word' id='word_1_180' title='bbox 590 2568 821 2648; x_wconf 85' lang='lat' dir='ltr'><strong>intelliguntur,</strong></span> <span class='ocrx_word' id='word_1_181' title='bbox 850 2582 911 2628; x_wconf 92' lang='lat' dir='ltr'><strong>tum</strong></span> <span class='ocrx_word' id='word_1_182' title='bbox 939 2569 994 2630; x_wconf 92' lang='lat' dir='ltr'><strong>hoc</strong></span> <span class='ocrx_word' id='word_1_183' title='bbox 1024 2573 1086 2648; x_wconf 86' lang='lat' dir='ltr'><strong>ejus</strong></span> <span class='ocrx_word' id='word_1_184' title='bbox 1116 2571 1280 2653; x_wconf 84' lang='lat' dir='ltr'><strong>explicatur</strong></span> 
     </span>
     <span class='ocr_line' id='line_1_23' title="bbox 59 2667 1282 2748; baseline 0.006 -27"><span class='ocrx_word' id='word_1_185' title='bbox 59 2667 173 2726; x_wconf 78' lang='lat' dir='ltr'><strong>aliatum:</strong></span> <span class='ocrx_word' id='word_1_186' title='bbox 203 2670 403 2728; x_wconf 78' lang='lat' dir='ltr'><strong>denumerem</strong></span> <span class='ocrx_word' id='word_1_187' title='bbox 431 2671 491 2726; x_wconf 80' lang='lat' dir='ltr'><strong>essi</strong></span> <span class='ocrx_word' id='word_1_188' title='bbox 510 2669 663 2742; x_wconf 70' lang='lat' dir='ltr'><strong>divinitus</strong></span> <span class='ocrx_word' id='word_1_189' title='bbox 691 2668 731 2726; x_wconf 85' lang='lat' dir='ltr'><strong>od</strong></span> <span class='ocrx_word' id='word_1_190' title='bbox 757 2668 892 2726; x_wconf 82' lang='lat' dir='ltr'><strong>homines</strong></span> <span class='ocrx_word' id='word_1_191' title='bbox 920 2669 1074 2728; x_wconf 82' lang='lat' dir='ltr'><strong>delatum:</strong></span> <span class='ocrx_word' id='word_1_192' title='bbox 1095 2690 1167 2727; x_wconf 80' lang='lat' dir='ltr'><strong>rtem</strong></span> <span class='ocrx_word' id='word_1_193' title='bbox 1194 2690 1282 2748; x_wconf 83' lang='lat' dir='ltr'><strong>quas·</strong></span> 
     </span>
     <span class='ocr_line' id='line_1_24' title="bbox 61 2763 1281 2845; baseline 0.005 -25"><span class='ocrx_word' id='word_1_194' title='bbox 61 2783 156 2841; x_wconf 79' lang='lat' dir='ltr'><strong>cunque</strong></span> <span class='ocrx_word' id='word_1_195' title='bbox 181 2769 222 2828; x_wconf 84' lang='lat' dir='ltr'><strong>cd</strong></span> <span class='ocrx_word' id='word_1_196' title='bbox 242 2778 326 2826; x_wconf 83' lang='lat' dir='ltr'><strong>ortae</strong></span> <span class='ocrx_word' id='word_1_197' title='bbox 342 2774 523 2844; x_wconf 80' lang='lat' dir='ltr'><strong>portinent,</strong></span> <span class='ocrx_word' id='word_1_198' title='bbox 543 2768 599 2824; x_wconf 81' lang='lat' dir='ltr'><strong>hoe</strong></span> <span class='ocrx_word' id='word_1_199' title='bbox 629 2788 690 2824; x_wconf 83' lang='lat' dir='ltr'><strong>esse</strong></span> <span class='ocrx_word' id='word_1_200' title='bbox 716 2773 851 2826; x_wconf 84' lang='lat' dir='ltr'><strong>invento.</strong></span> <span class='ocrx_word' id='word_1_201' title='bbox 876 2763 906 2845; x_wconf 88' lang='lat' dir='ltr'><strong>l)</strong></span> <span class='ocrx_word' id='word_1_202' title='bbox 946 2767 1056 2826; x_wconf 90' lang='lat' dir='ltr'><strong>Novam</strong></span> <span class='ocrx_word' id='word_1_203' title='bbox 1085 2765 1194 2827; x_wconf 88' lang='lat' dir='ltr'><strong>deinde</strong></span> <span class='ocrx_word' id='word_1_204' title='bbox 1223 2788 1281 2826; x_wconf 91' lang='lat' dir='ltr'><strong>me·</strong></span> 
     </span>
     <span class='ocr_line' id='line_1_25' title="bbox 61 2857 1282 2947; baseline 0.008 -33"><span class='ocrx_word' id='word_1_205' title='bbox 61 2857 164 2924; x_wconf 86' lang='lat' dir='ltr'><strong>tholum</strong></span> <span class='ocrx_word' id='word_1_206' title='bbox 183 2865 309 2926; x_wconf 84' lang='lat' dir='ltr'><strong>induxit</strong></span> <span class='ocrx_word' id='word_1_207' title='bbox 328 2865 513 2940; x_wconf 81' lang='lat' dir='ltr'><strong>Aristoteles,</strong></span> <span class='ocrx_word' id='word_1_208' title='bbox 534 2885 619 2943; x_wconf 91' lang='lat' dir='ltr'><strong>quam</strong></span> <span class='ocrx_word' id='word_1_209' title='bbox 639 2865 700 2945; x_wconf 93' lang='lat' dir='ltr'><strong>ipse</strong></span> <span class='ocrx_word' id='word_1_210' title='bbox 722 2857 942 2944; x_wconf 75' lang='grc' dir='ltr'><strong><em>συλλογιστικήν</em></strong></span> <span class='ocrx_word' id='word_1_211' title='bbox 964 2865 1142 2947; x_wconf 89' lang='lat' dir='ltr'><strong>appellavit:</strong></span> <span class='ocrx_word' id='word_1_212' title='bbox 1165 2878 1282 2945; x_wconf 88' lang='lat' dir='ltr'><strong>eratque</strong></span> 
     </span>
     <span class='ocr_line' id='line_1_26' title="bbox 58 2956 1283 3046; baseline 0.004 -30"><span class='ocrx_word' id='word_1_213' title='bbox 58 2956 132 3037; x_wconf 91' lang='lat' dir='ltr'><strong>baec,</strong></span> <span class='ocrx_word' id='word_1_214' title='bbox 152 2977 290 3046; x_wconf 86' lang='lat' dir='ltr'><strong>utsupra</strong></span> <span class='ocrx_word' id='word_1_215' title='bbox 309 2965 492 3039; x_wconf 87' lang='lat' dir='ltr'><strong>monuimus,</strong></span> <span class='ocrx_word' id='word_1_216' title='bbox 513 2977 572 3022; x_wconf 87' lang='lat' dir='ltr'><strong>tota</strong></span> <span class='ocrx_word' id='word_1_217' title='bbox 592 2985 608 3026; x_wconf 84' lang='lat' dir='ltr'><strong>a</strong></span> <span class='ocrx_word' id='word_1_218' title='bbox 627 2963 770 3024; x_wconf 86' lang='lat' dir='ltr'><strong>Socratica</strong></span> <span class='ocrx_word' id='word_1_219' title='bbox 792 2979 819 3025; x_wconf 90' lang='lat' dir='ltr'><strong>et</strong></span> <span class='ocrx_word' id='word_1_220' title='bbox 838 2966 987 3026; x_wconf 89' lang='lat' dir='ltr'><strong>Platonica</strong></span> <span class='ocrx_word' id='word_1_221' title='bbox 1008 2963 1146 3038; x_wconf 89' lang='lat' dir='ltr'><strong>diversa,</strong></span> <span class='ocrx_word' id='word_1_222' title='bbox 1174 2963 1283 3044; x_wconf 89' lang='lat' dir='ltr'><strong>quippe</strong></span> 
     </span>
     <span class='ocr_line' id='line_1_27' title="bbox 57 3055 1279 3144; baseline 0.001 -26"><span class='ocrx_word' id='word_1_223' title='bbox 57 3055 303 3140; x_wconf 75' lang='lat' dir='ltr'><strong>adprobandum,</strong></span> <span class='ocrx_word' id='word_1_224' title='bbox 323 3062 402 3142; x_wconf 88' lang='lat' dir='ltr'><strong>quod</strong></span> <span class='ocrx_word' id='word_1_225' title='bbox 427 3064 552 3144; x_wconf 89' lang='lat' dir='ltr'><strong>positum</strong></span> <span class='ocrx_word' id='word_1_226' title='bbox 582 3077 661 3137; x_wconf 89' lang='lat' dir='ltr'><strong>crat,</strong></span> <span class='ocrx_word' id='word_1_227' title='bbox 683 3085 741 3124; x_wconf 92' lang='lat' dir='ltr'><strong>non</strong></span> <span class='ocrx_word' id='word_1_228' title='bbox 763 3065 801 3124; x_wconf 92' lang='lat' dir='ltr'><strong>ad</strong></span> <span class='ocrx_word' id='word_1_229' title='bbox 828 3062 1060 3138; x_wconf 88' lang='lat' dir='ltr'><strong>inveniendum,</strong></span> <span class='ocrx_word' id='word_1_230' title='bbox 1089 3060 1168 3140; x_wconf 93' lang='lat' dir='ltr'><strong>quod</strong></span> <span class='ocrx_word' id='word_1_231' title='bbox 1195 3081 1279 3140; x_wconf 79' lang='lat' dir='ltr'><strong>quae</strong></span> 
     </span>
     <span class='ocr_line' id='line_1_28' title="bbox 56 3157 1282 3241; baseline 0.006 -31"><span class='ocrx_word' id='word_1_232' title='bbox 56 3157 178 3236; x_wconf 89' lang='lat' dir='ltr'><strong>rebatur,</strong></span> <span class='ocrx_word' id='word_1_233' title='bbox 204 3160 428 3221; x_wconf 89' lang='lat' dir='ltr'><strong>accommodata.</strong></span> <span class='ocrx_word' id='word_1_234' title='bbox 469 3161 561 3220; x_wconf 78' lang='lat' dir='ltr'><strong>Abusi</strong></span> <span class='ocrx_word' id='word_1_235' title='bbox 590 3175 659 3221; x_wconf 89' lang='lat' dir='ltr'><strong>sunt</strong></span> <span class='ocrx_word' id='word_1_236' title='bbox 688 3162 721 3220; x_wconf 73' lang='lat' dir='ltr'><strong>ci</strong></span> <span class='ocrx_word' id='word_1_237' title='bbox 749 3175 807 3222; x_wconf 91' lang='lat' dir='ltr'><strong>tam</strong></span> <span class='ocrx_word' id='word_1_238' title='bbox 834 3161 968 3241; x_wconf 88' lang='lat' dir='ltr'><strong>antiqui,</strong></span> <span class='ocrx_word' id='word_1_239' title='bbox 997 3181 1083 3240; x_wconf 88' lang='lat' dir='ltr'><strong>quam</strong></span> <span class='ocrx_word' id='word_1_240' title='bbox 1113 3159 1282 3220; x_wconf 88' lang='lat' dir='ltr'><strong>recentioris</strong></span> 
     </span>
     <span class='ocr_line' id='line_1_29' title="bbox 55 3253 1282 3341; baseline 0.002 -28"><span class='ocrx_word' id='word_1_241' title='bbox 55 3257 109 3313; x_wconf 86' lang='lat' dir='ltr'><strong>aevi</strong></span> <span class='ocrx_word' id='word_1_242' title='bbox 128 3258 317 3340; x_wconf 92' lang='lat' dir='ltr'><strong>philosophi,</strong></span> <span class='ocrx_word' id='word_1_243' title='bbox 346 3273 373 3319; x_wconf 91' lang='lat' dir='ltr'><strong>et</strong></span> <span class='ocrx_word' id='word_1_244' title='bbox 393 3281 461 3320; x_wconf 89' lang='lat' dir='ltr'><strong>vero</strong></span> <span class='ocrx_word' id='word_1_245' title='bbox 479 3261 519 3319; x_wconf 91' lang='lat' dir='ltr'><strong>sic</strong></span> <span class='ocrx_word' id='word_1_246' title='bbox 539 3272 607 3319; x_wconf 89' lang='lat' dir='ltr'><strong>sunt</strong></span> <span class='ocrx_word' id='word_1_247' title='bbox 633 3260 734 3334; x_wconf 92' lang='lat' dir='ltr'><strong>abusi,</strong></span> <span class='ocrx_word' id='word_1_248' title='bbox 756 3274 807 3336; x_wconf 91' lang='lat' dir='ltr'><strong>ut,</strong></span> <span class='ocrx_word' id='word_1_249' title='bbox 833 3253 890 3341; x_wconf 76' lang='lat' dir='ltr'><strong>qul</strong></span> <span class='ocrx_word' id='word_1_250' title='bbox 911 3259 1070 3340; x_wconf 74' lang='lat' dir='ltr'><strong>disciplinl</strong></span> <span class='ocrx_word' id='word_1_251' title='bbox 1096 3258 1180 3318; x_wconf 91' lang='lat' dir='ltr'><strong>nulla</strong></span> <span class='ocrx_word' id='word_1_252' title='bbox 1210 3269 1282 3316; x_wconf 89' lang='lat' dir='ltr'><strong>esset</strong></span> 
     </span>
     <span class='ocr_line' id='line_1_30' title="bbox 55 3353 1282 3440; baseline 0.002 -30"><span class='ocrx_word' id='word_1_253' title='bbox 55 3353 85 3410; x_wconf 88' lang='lat' dir='ltr'><strong>ad</strong></span> <span class='ocrx_word' id='word_1_254' title='bbox 101 3359 255 3418; x_wconf 85' lang='lat' dir='ltr'><strong>excitanda</strong></span> <span class='ocrx_word' id='word_1_255' title='bbox 277 3359 395 3438; x_wconf 86' lang='lat' dir='ltr'><strong>ingenia</strong></span> <span class='ocrx_word' id='word_1_256' title='bbox 413 3357 670 3439; x_wconf 87' lang='lat' dir='ltr'><strong>reperiendamque</strong></span> <span class='ocrx_word' id='word_1_257' title='bbox 688 3359 840 3419; x_wconf 89' lang='lat' dir='ltr'><strong>veritatem</strong></span> <span class='ocrx_word' id='word_1_258' title='bbox 864 3359 979 3440; x_wconf 87' lang='lat' dir='ltr'><strong>aptior,</strong></span> <span class='ocrx_word' id='word_1_259' title='bbox 1001 3356 1100 3428; x_wconf 74' lang='lat' dir='ltr'><strong>eidem</strong></span> <span class='ocrx_word' id='word_1_260' title='bbox 1119 3357 1203 3424; x_wconf 89' lang='lat' dir='ltr'><strong>nulla</strong></span> <span class='ocrx_word' id='word_1_261' title='bbox 1232 3355 1282 3414; x_wconf 91' lang='lat' dir='ltr'><strong>vi-</strong></span> 
     </span>
     <span class='ocr_line' id='line_1_31' title="bbox 56 3449 1282 3538; baseline 0.006 -31"><span class='ocrx_word' id='word_1_262' title='bbox 56 3449 160 3512; x_wconf 88' lang='lat' dir='ltr'><strong>deretur</strong></span> <span class='ocrx_word' id='word_1_263' title='bbox 176 3456 235 3536; x_wconf 90' lang='lat' dir='ltr'><strong>ipsi</strong></span> <span class='ocrx_word' id='word_1_264' title='bbox 254 3455 475 3538; x_wconf 86' lang='lat' dir='ltr'><strong>philosophiae,</strong></span> <span class='ocrx_word' id='word_1_265' title='bbox 497 3455 517 3515; x_wconf 93' lang='lat' dir='ltr'><strong>i.</strong></span> <span class='ocrx_word' id='word_1_266' title='bbox 539 3476 563 3516; x_wconf 87' lang='lat' dir='ltr'><strong>c.</strong></span> <span class='ocrx_word' id='word_1_267' title='bbox 585 3457 744 3538; x_wconf 87' lang='lat' dir='ltr'><strong>sapientiae</strong></span> <span class='ocrx_word' id='word_1_268' title='bbox 763 3456 878 3532; x_wconf 89' lang='lat' dir='ltr'><strong>studio,</strong></span> <span class='ocrx_word' id='word_1_269' title='bbox 896 3457 1041 3518; x_wconf 89' lang='lat' dir='ltr'><strong>contraria</strong></span> <span class='ocrx_word' id='word_1_270' title='bbox 1063 3457 1161 3536; x_wconf 85' lang='lat' dir='ltr'><strong>magis.</strong></span> <span class='ocrx_word' id='word_1_271' title='bbox 1208 3454 1282 3514; x_wconf 86' lang='lat' dir='ltr'><strong>Nam</strong></span> 
     </span>
     <span class='ocr_line' id='line_1_32' title="bbox 55 3549 1323 3638; baseline 0.004 -34"><span class='ocrx_word' id='word_1_272' title='bbox 55 3549 85 3606; x_wconf 84' lang='lat' dir='ltr'><strong>ad</strong></span> <span class='ocrx_word' id='word_1_273' title='bbox 103 3553 197 3614; x_wconf 91' lang='lat' dir='ltr'><strong>nullas</strong></span> <span class='ocrx_word' id='word_1_274' title='bbox 217 3575 279 3612; x_wconf 90' lang='lat' dir='ltr'><strong>non</strong></span> <span class='ocrx_word' id='word_1_275' title='bbox 299 3556 470 3636; x_wconf 88' lang='lat' dir='ltr'><strong>opiniones,</strong></span> <span class='ocrx_word' id='word_1_276' title='bbox 497 3555 684 3633; x_wconf 90' lang='lat' dir='ltr'><strong>quantumvis</strong></span> <span class='ocrx_word' id='word_1_277' title='bbox 704 3566 732 3611; x_wconf 89' lang='lat' dir='ltr'><strong>et</strong></span> <span class='ocrx_word' id='word_1_278' title='bbox 750 3554 889 3615; x_wconf 87' lang='lat' dir='ltr'><strong>absurdas</strong></span> <span class='ocrx_word' id='word_1_279' title='bbox 918 3569 946 3614; x_wconf 91' lang='lat' dir='ltr'><strong>et</strong></span> <span class='ocrx_word' id='word_1_280' title='bbox 973 3555 1090 3617; x_wconf 90' lang='lat' dir='ltr'><strong>veritati</strong></span> <span class='ocrx_word' id='word_1_281' title='bbox 1118 3572 1281 3634; x_wconf 80' lang='lat' dir='ltr'><strong>repugnan-</strong></span> <span class='ocrx_word' id='word_1_282' title='bbox 1320 3635 1323 3638; x_wconf 21' lang='grc' dir='ltr'>Ι</span> 
     </span>
     <span class='ocr_line' id='line_1_33' title="bbox 56 3649 1280 3734; baseline 0.006 -34"><span class='ocrx_word' id='word_1_283' title='bbox 56 3656 105 3720; x_wconf 88' lang='lat' dir='ltr'><strong>tes,</strong></span> <span class='ocrx_word' id='word_1_284' title='bbox 124 3649 356 3731; x_wconf 82' lang='lat' dir='ltr'><strong>syllogismorum</strong></span> <span class='ocrx_word' id='word_1_285' title='bbox 382 3653 410 3712; x_wconf 91' lang='lat' dir='ltr'><strong>vi</strong></span> <span class='ocrx_word' id='word_1_286' title='bbox 438 3666 466 3710; x_wconf 90' lang='lat' dir='ltr'><strong>ct</strong></span> <span class='ocrx_word' id='word_1_287' title='bbox 490 3653 659 3730; x_wconf 85' lang='lat' dir='ltr'><strong>auctoritate</strong></span> <span class='ocrx_word' id='word_1_288' title='bbox 687 3651 811 3710; x_wconf 87' lang='lat' dir='ltr'><strong>tuendas</strong></span> <span class='ocrx_word' id='word_1_289' title='bbox 831 3668 967 3734; x_wconf 86' lang='lat' dir='ltr'><strong>usurpata</strong></span> <span class='ocrx_word' id='word_1_290' title='bbox 988 3665 1040 3712; x_wconf 90' lang='lat' dir='ltr'><strong>est.</strong></span> <span class='ocrx_word' id='word_1_291' title='bbox 1082 3652 1280 3711; x_wconf 88' lang='lat' dir='ltr'><strong>Veruntamen</strong></span> 
     </span>
     <span class='ocr_line' id='line_1_34' title="bbox 56 3741 1280 3829; baseline 0.005 -28"><span class='ocrx_word' id='word_1_292' title='bbox 56 3741 106 3820; x_wconf 90' lang='lat' dir='ltr'><strong>ipsa</strong></span> <span class='ocrx_word' id='word_1_293' title='bbox 125 3747 295 3822; x_wconf 89' lang='lat' dir='ltr'><strong>methodus,</strong></span> <span class='ocrx_word' id='word_1_294' title='bbox 318 3761 350 3807; x_wconf 93' lang='lat' dir='ltr'><strong>ut</strong></span> <span class='ocrx_word' id='word_1_295' title='bbox 370 3749 500 3829; x_wconf 85' lang='lat' dir='ltr'><strong>exposita</strong></span> <span class='ocrx_word' id='word_1_296' title='bbox 526 3749 562 3808; x_wconf 88' lang='lat' dir='ltr'><strong>ab</strong></span> <span class='ocrx_word' id='word_1_297' title='bbox 589 3749 743 3809; x_wconf 83' lang='lat' dir='ltr'><strong>Aristotele</strong></span> <span class='ocrx_word' id='word_1_298' title='bbox 770 3749 884 3826; x_wconf 86' lang='lat' dir='ltr'><strong>fuerat,</strong></span> <span class='ocrx_word' id='word_1_299' title='bbox 906 3773 966 3811; x_wconf 93' lang='lat' dir='ltr'><strong>non</strong></span> <span class='ocrx_word' id='word_1_300' title='bbox 986 3751 1102 3826; x_wconf 87' lang='lat' dir='ltr'><strong>minus,</strong></span> <span class='ocrx_word' id='word_1_301' title='bbox 1123 3771 1207 3829; x_wconf 89' lang='lat' dir='ltr'><strong>quam</strong></span> <span class='ocrx_word' id='word_1_302' title='bbox 1237 3751 1280 3809; x_wconf 92' lang='lat' dir='ltr'><strong>in.</strong></span> 
     </span>
     <span class='ocr_line' id='line_1_35' title="bbox 56 3837 1282 3929; baseline 0.009 -34"><span class='ocrx_word' id='word_1_303' title='bbox 56 3837 144 3902; x_wconf 89' lang='lat' dir='ltr'><strong>ductio</strong></span> <span class='ocrx_word' id='word_1_304' title='bbox 165 3858 193 3903; x_wconf 89' lang='lat' dir='ltr'><strong>et</strong></span> <span class='ocrx_word' id='word_1_305' title='bbox 211 3847 341 3927; x_wconf 88' lang='lat' dir='ltr'><strong>analysis</strong></span> <span class='ocrx_word' id='word_1_306' title='bbox 352 3891 360 3920; x_wconf 93' lang='lat'><strong>,</strong></span> <span class='ocrx_word' id='word_1_307' title='bbox 389 3860 509 3905; x_wconf 89' lang='lat' dir='ltr'><strong>naturae</strong></span> <span class='ocrx_word' id='word_1_308' title='bbox 528 3861 588 3906; x_wconf 91' lang='lat' dir='ltr'><strong>erat</strong></span> <span class='ocrx_word' id='word_1_309' title='bbox 608 3861 819 3924; x_wconf 89' lang='lat' dir='ltr'><strong>consentanea,</strong></span> <span class='ocrx_word' id='word_1_310' title='bbox 850 3863 982 3928; x_wconf 86' lang='lat' dir='ltr'><strong>recteque</strong></span> <span class='ocrx_word' id='word_1_311' title='bbox 1002 3846 1135 3908; x_wconf 86' lang='lat' dir='ltr'><strong>adhibita</strong></span> <span class='ocrx_word' id='word_1_312' title='bbox 1155 3848 1282 3929; x_wconf 82' lang='lat' dir='ltr'><strong>ingeniis</strong></span> 
     </span>
     <span class='ocr_line' id='line_1_36' title="bbox 53 3938 1284 4030; baseline 0.008 -36"><span class='ocrx_word' id='word_1_313' title='bbox 53 3938 202 4018; x_wconf 86' lang='lat' dir='ltr'><strong>juvenum,</strong></span> <span class='ocrx_word' id='word_1_314' title='bbox 223 3945 262 4004; x_wconf 91' lang='lat' dir='ltr'><strong>ad</strong></span> <span class='ocrx_word' id='word_1_315' title='bbox 281 3944 422 4030; x_wconf 86' lang='lat' dir='ltr'><strong>firmanda</strong></span> <span class='ocrx_word' id='word_1_316' title='bbox 444 3946 498 4004; x_wconf 92' lang='lat' dir='ltr'><strong>illa</strong></span> <span class='ocrx_word' id='word_1_317' title='bbox 518 3959 546 4005; x_wconf 91' lang='lat' dir='ltr'><strong>et</strong></span> <span class='ocrx_word' id='word_1_318' title='bbox 571 3945 801 4022; x_wconf 88' lang='lat' dir='ltr'><strong>corroboranda,</strong></span> <span class='ocrx_word' id='word_1_319' title='bbox 823 3947 880 4007; x_wconf 92' lang='lat' dir='ltr'><strong>imo</strong></span> <span class='ocrx_word' id='word_1_320' title='bbox 899 3968 968 4007; x_wconf 88' lang='lat' dir='ltr'><strong>vero</strong></span> <span class='ocrx_word' id='word_1_321' title='bbox 987 3947 1025 4006; x_wconf 91' lang='lat' dir='ltr'><strong>ad</strong></span> <span class='ocrx_word' id='word_1_322' title='bbox 1045 3947 1193 4008; x_wconf 88' lang='lat' dir='ltr'><strong>veritatem</strong></span> <span class='ocrx_word' id='word_1_323' title='bbox 1213 3966 1284 4026; x_wconf 92' lang='lat' dir='ltr'><strong>pro-</strong></span> 
     </span>
     <span class='ocr_line' id='line_1_37' title="bbox 57 4041 1284 4122; baseline 0.002 -25"><span class='ocrx_word' id='word_1_324' title='bbox 57 4041 230 4118; x_wconf 80' lang='lat' dir='ltr'><strong>pugnandam</strong></span> <span class='ocrx_word' id='word_1_325' title='bbox 261 4045 379 4104; x_wconf 89' lang='lat' dir='ltr'><strong>naviter</strong></span> <span class='ocrx_word' id='word_1_326' title='bbox 399 4058 490 4122; x_wconf 67' lang='lat' dir='ltr'><strong>‘atque</strong></span> <span class='ocrx_word' id='word_1_327' title='bbox 516 4044 552 4103; x_wconf 94' lang='lat' dir='ltr'><strong>ab</strong></span> <span class='ocrx_word' id='word_1_328' title='bbox 573 4045 711 4104; x_wconf 90' lang='lat' dir='ltr'><strong>inanibus</strong></span> <span class='ocrx_word' id='word_1_329' title='bbox 738 4045 977 4106; x_wconf 81' lang='lat' dir='ltr'><strong>cavillationibus</strong></span> <span class='ocrx_word' id='word_1_330' title='bbox 1003 4043 1141 4104; x_wconf 90' lang='lat' dir='ltr'><strong>tuendam</strong></span> <span class='ocrx_word' id='word_1_331' title='bbox 1169 4041 1284 4107; x_wconf 86' lang='lat' dir='ltr'><strong>valebat</strong></span> 
     </span>
     <span class='ocr_line' id='line_1_38' title="bbox 57 4136 1381 4230; baseline 0.002 -36"><span class='ocrx_word' id='word_1_332' title='bbox 57 4140 165 4216; x_wconf 77' lang='lat' dir='ltr'><strong>egregie.</strong></span> <span class='ocrx_word' id='word_1_333' title='bbox 216 4136 372 4221; x_wconf 80' lang='lat' dir='ltr'><strong>Attigimus</strong></span> <span class='ocrx_word' id='word_1_334' title='bbox 396 4143 465 4202; x_wconf 91' lang='lat' dir='ltr'><strong>haec</strong></span> <span class='ocrx_word' id='word_1_335' title='bbox 490 4165 596 4224; x_wconf 92' lang='lat' dir='ltr'><strong>supra,</strong></span> <span class='ocrx_word' id='word_1_336' title='bbox 626 4165 735 4223; x_wconf 91' lang='lat' dir='ltr'><strong>quum,</strong></span> <span class='ocrx_word' id='word_1_337' title='bbox 754 4145 885 4230; x_wconf 76' lang='lat' dir='ltr'><strong>appositi</strong></span> <span class='ocrx_word' id='word_1_338' title='bbox 915 4141 1113 4225; x_wconf 77' lang='lat' dir='ltr'><strong>syllo&#39;gisticl,</strong></span> <span class='ocrx_word' id='word_1_339' title='bbox 1134 4139 1283 4200; x_wconf 85' lang='lat' dir='ltr'><strong>declarare</strong></span> <span class='ocrx_word' id='word_1_340' title='bbox 1377 4137 1381 4146; x_wconf 85' lang='grc'><strong>“</strong></span> 
     </span>
    </p>
   </div>
   <div class='ocr_carea' id='block_1_5' title="bbox 64 4330 305 4352">
    <p class='ocr_par' dir='ltr' id='par_1_5' title="bbox 64 4330 305 4352">
     <span class='ocr_line' id='line_1_39' title="bbox 64 4330 305 4352; baseline 0.008 -2"><span class='ocrx_word' id='word_1_341' title='bbox 64 4330 305 4352; x_wconf 47' lang='lat' dir='ltr'><strong>*mon—u</strong></span> 
     </span>
    </p>
   </div>
   <div class='ocr_carea' id='block_1_6' title="bbox 91 4447 494 4523">
    <p class='ocr_par' dir='ltr' id='par_1_6' title="bbox 91 4447 494 4523">
     <span class='ocr_line' id='line_1_40' title="bbox 91 4447 494 4523; baseline 0.02 -24"><span class='ocrx_word' id='word_1_342' title='bbox 91 4447 112 4511; x_wconf 78' lang='lat' dir='ltr'><strong>l)</strong></span> <span class='ocrx_word' id='word_1_343' title='bbox 129 4451 204 4504; x_wconf 83' lang='lat' dir='ltr'><strong>Initio</strong></span> <span class='ocrx_word' id='word_1_344' title='bbox 227 4471 253 4522; x_wconf 92' lang='lat' dir='ltr'><strong>p.</strong></span> <span class='ocrx_word' id='word_1_345' title='bbox 275 4454 332 4506; x_wconf 85' lang='lat'><strong>250.</strong></span> <span class='ocrx_word' id='word_1_346' title='bbox 352 4455 390 4508; x_wconf 81' lang='lat' dir='ltr'><strong>Cf.</strong></span> <span class='ocrx_word' id='word_1_347' title='bbox 409 4472 435 4523; x_wconf 91' lang='lat' dir='ltr'><strong>p.</strong></span> <span class='ocrx_word' id='word_1_348' title='bbox 455 4455 494 4506; x_wconf 74' lang='lat'><strong>70.</strong></span> 
     </span>
    </p>
   </div>
   <div class='ocr_carea' id='block_1_7' title="bbox 0 0 1424 5120">
    <p class='ocr_par' dir='ltr' id='par_1_7' title="bbox 0 0 1424 5120">
     <span class='ocr_line' id='line_1_41' title="bbox 0 0 1424 5120; baseline 0 0"><span class='ocrx_word' id='word_1_349' title='bbox 0 0 1424 5120; x_wconf 95' lang='lat' dir='ltr'><strong> </strong></span> 
     </span>
    </p>
   </div>
  </div>
 </body>
</html>
