2832 5120
747 255 802 316 196

159 414 276 494 quidem
304 415 422 474 lectores
444 413 502 474 vim
522 434 554 474 ac
579 416 756 496 propositum
777 429 986 498 perceperunt,
1008 417 1055 476 vel
1074 415 1128 476 hoc
1150 437 1208 476 uno
1227 439 1274 478 nos
1294 431 1354 498 puta·

159 513 254 576 bimus
278 533 379 596 operae
402 512 527 594 pretium
549 513 703 574 scribendo
721 515 830 574 fecisse.
872 513 1014 595 Sophistis
1033 515 1203 595 reliquimus
1222 530 1276 576 tam
1291 516 1357 594 hujus

159 633 248 690 quarn
272 612 376 674 veteris
395 611 459 670 aeri
469 657 478 687 ,
499 624 531 669 ut
549 623 685 672 externos
707 627 773 674 ante
797 612 894 673 omnia
920 595 1047 673 hominis
1065 634 1165 674 sensus
1184 616 1356 696 explorarent:

148 731 211 784 ¹nos
230 708 316 784 ¹haud
336 708 562 770 contemnendos
580 710 647 782 illos
676 711 832 787 duximus,
853 709 905 771 sed
932 719 1068 772 internos
1086 713 1240 772 maluimus
1257 713 1357 794 primun

159 808 305 868 attendere
320 855 329 884 ‚
346 872 350 882 ,
365 822 396 866 ut
429 807 506 867 hanc
539 811 750 891 perciperemus
784 810 942 883 continuo,
973 830 1058 888 quam
1086 810 1167 870 Plato
1197 824 1278 870 vocat
1285 856 1293 885 ,
1317 807 1358 890 τῆς

158 903 262 987 ψυχῆς
298 902 493 987 φιλοσοφίαν,
529 919 697 986 peteretque
726 907 830 982 nobis,
860 907 958 987 qualia
987 908 1100 968 animus
1115 909 1230 968 enatura
1256 924 1357 990 appetat.

158 1009 238 1067 Licet
271 1008 356 1068 nobis
391 1007 541 1082 nondum,
571 1026 643 1084 quae
670 1007 718 1065 isti
748 1006 926 1066 invenerunt
953 1004 1150 1094 explorando,
1182 1027 1247 1066 cum
1274 1008 1358 1068 nostris

159 1107 287 1166 inventis
322 1127 507 1187 comparare:
539 1101 668 1164 namin
697 1104 852 1186 principiis
881 1125 1028 1164 versamur
1047 1105 1224 1166 etiamnunc.
1262 1105 1358 1165 Verun-

133 1205 134 1208 ’
157 1218 254 1264 tamen
280 1204 353 1285 quid
380 1205 464 1264 fateri
491 1203 675 1278 dubitemus,
705 1204 783 1262 viam
816 1202 901 1262 nobis
937 1217 1081 1278 nostram,
1110 1225 1195 1283 quam
1223 1204 1358 1275 inivimus,

157 1323 293 1382 perquam
321 1301 458 1382 placere?
489 1303 567 1361 Nam.
588 1303 629 1361 sic
654 1302 781 1382 profecto
801 1299 951 1380 explorare
971 1301 1100 1360 animum
1118 1315 1248 1361 nostrum
1265 1303 1358 1380 exejus

70 1470 73 1479 Ι
156 1399 261 1460 studiis
291 1398 524 1481 appetitibnsque
549 1398 751 1474 naturalibus,
782 1419 820 1458 en
848 1399 964 1480 propria
992 1400 1048 1481 ipsi
1075 1399 1276 1481 philosophia,
1295 1419 1360 1480 quan

156 1499 268 1580 optima
285 1517 413 1578 quaeque
443 1497 591 1580 referunt,
621 1519 693 1578 quae
721 1498 754 1558 in
777 1497 872 1557 lucem
900 1497 1013 1572 emisit,
1039 1496 1205 1576 jucundum
1234 1499 1359 1578 negotium

156 1607 215 1654 est:
247 1593 419 1675 videturque
455 1595 487 1656 id
525 1610 591 1657 ante
629 1596 861 1671 instituendum,
890 1616 976 1675 quam
1010 1595 1048 1656 ad
1077 1616 1188 1656 sensus
1197 1595 1359 1656 accedamus.

156 1691 228 1750 Nam
248 1691 328 1770 quid
355 1693 402 1753 illi
432 1693 564 1775 prodesse
591 1693 629 1754 ad
651 1694 884 1775 cognoscendum
912 1708 1052 1774 possunt,
1073 1695 1131 1754 nisi
1156 1693 1227 1753 insit
1248 1692 1359 1770 homini,

156 1810 212 1869 quo
241 1810 292 1871 per
318 1812 383 1868 eos,
409 1806 545 1872 tanquam
572 1793 713 1869 nuncios,
733 1813 778 1852 res
803 1805 935 1852 externas
954 1796 1179 1871 cognoscamus?
1210 1786 1330 1868 Νοῦς
1314 1793 1361 1879 opp

154 1885 203 1948 καὶ
223 1887 291 1962 νοῦς
311 1881 416 1952 ἀκούει
438 1933 473 1944 -
512 1891 549 1952 Et
578 1911 646 1954 vero
673 1891 841 1971 exquirere,
862 1887 935 1969 quid
959 1888 1069 1960 discere
1098 1891 1152 1967 sit,
1173 1894 1246 1972 quid
1262 1897 1359 1971 docere,

154 2010 227 2070 quae
247 1991 339 2052 omnis
359 1992 397 2072 sit
415 1989 593 2070 eloquentiae
609 1989 829 2069 scriptionisque
849 1988 956 2068 optima
976 1987 1067 2062 ratio,
1079 1978 1148 2050 'non
1162 1993 1320 2070 jucundum
1337 1993 1359 2054 id

156 2101 268 2147 tantum
287 2103 346 2164 est,
368 2088 419 2149 sed
447 2088 537 2148 durus
567 2085 604 2146 sit
632 2086 680 2148 vel
706 2085 794 2146 hebes
821 2084 951 2144 adhaec
978 2085 1073 2145 studia
1100 2109 1214 2150 necesse
1242 2107 1296 2168 est,
1321 2093 1358 2173 qui

153 2185 201 2245 his
228 2207 293 2245 cum
321 2187 441 2246 Platone
460 2200 488 2245 et
507 2207 543 2244 ex
561 2186 680 2244 Platone
705 2183 907 2262 inquirendis,
937 2183 1170 2267 attendendoque
1190 2191 1222 2250 in
1250 2191 1285 2250 iis
1309 2198 1359 2249 vert

141 2304 272 2370 tumore,
294 2285 354 2366 ipse
379 2284 433 2345 hoc
468 2303 562 2344 amore
595 2305 656 2342 non
688 2282 843 2342 incalescet
877 2281 1025 2344 continuo.
1066 2286 1144 2364 Age,
1174 2269 1359 2368 persequamur

154 2379 326 2442 honoriam
345 2396 479 2442 nostram.
521 2379 681 2440 tendimus
700 2381 732 2440 in
755 2380 897 2450 mundum
924 2372 1046 2460 νοητόν,
1067 2384 1099 2442 in
1119 2406 1176 2463 quo
1204 2386 1296 2462 lucet,
1315 2407 1358 2447 una

116 2467 120 2470 ’
139 2498 220 2536 -cum
238 2478 311 2538 ideis
329 2479 477 2555 omnibus,
499 2479 560 2560 ipse
580 2498 624 2539 ve
635 2478 669 2536 ri
680 2490 716 2536 ta
727 2499 753 2536 s:
775 2475 832 2536 hue
843 2480 1358 2567 autemquofaciliusoertiusqueper

154 2578 322 2653 veniamus,
343 2576 515 2659 disciplinas
532 2597 717 2655 quaeramus,
745 2597 865 2655 quarum
889 2599 942 2659 ope
967 2580 1090 2638 maxime
1116 2599 1152 2638 ex
1170 2579 1225 2640 hac
1244 2582 1359 2642 inscitiae
1401 2576 1402 2579 ¹

154 2674 336 2755 errorumque
357 2676 423 2738 sede
441 2676 473 2735 in
492 2695 611 2755 regnum
626 2671 704 2734 illud
724 2676 853 2737 veritatis
869 2675 1063 2736 escendamus.
1099 2679 1171 2738 Nam
1188 2677 1257 2738 huic
1272 2681 1359 2740 insitae

110 2789 113 2797 ’
155 2771 239 2832 nobis
256 2772 455 2854 philosophiae
476 2786 508 2833 ut
527 2771 733 2833 satisfaciemus
743 2817 751 2847 ,
774 2786 805 2832 ut
814 2818 823 2848 ,
845 2773 922 2853 quod
932 2775 1092 2856 appetimus
1106 2776 1208 2836 naturl
1218 2823 1226 2852 ,
1247 2799 1359 2858 assequa-

153 2890 217 2928 mur
226 2915 236 2945 ,
257 2870 411 2950 erigendus
430 2871 544 2932 animus
554 2914 563 2944 ‚
585 2870 642 2928 imo
666 2869 879 2932 convertendus
902 2885 978 2932 totus
997 2873 1168 2954 penitusque
1187 2887 1263 2935 esta
1289 2875 1359 2934 rebus

153 2965 199 3028 bis
218 2967 336 3031 incertis
351 2984 379 3029 et
398 2967 554 3030 fallacibus
572 2967 611 3027 ad
625 2988 657 3026 eo
676 2988 747 3046 quae
762 2989 829 3030 vera
844 2983 912 3029 sunt
931 2985 959 3030 et
977 2970 1178 3034 immutabilia.
1199 2973 1261 3034 Hoc
1273 2988 1358 3036 auten

152 3066 246 3144 ipsum
265 3065 486 3146 disciplinarum
505 3086 609 3126 munus
629 3078 679 3125 est.
