2898 5120
679 284 740 348 533

73 451 262 526 philoeepdit
289 451 494 530 praemissum,
528 449 578 510 ubi
609 452 648 512 sic
680 451 841 529 alloquitur
861 451 1041 514 Nicandrum
1062 477 1163 516 suuni:
1189 483 1203 516 ιι
1214 449 1259 519 Συ
1287 453 1323 518 δὲ

77 548 219 628 πολλάκις
239 548 389 635 α’κηκοοός,
412 548 459 616 ότι
481 549 591 616 ταυτόν
612 553 676 617 ἔστι
696 550 737 617 τό
761 551 923 616 ἕπεσθαι
944 557 1021 642 θεῷ
1041 557 1090 618 καὶ
1111 554 1154 619 τό
1175 563 1324 620 πείθεο-

77 658 146 716 θαι
168 649 278 741 λόγῳ,
300 651 404 735 νόμιζε
426 649 483 737 τόν
504 655 544 730 εἰς
564 650 677 737 ἄνδρας
696 653 867 717 ἐκπαίδων
887 649 1026 739 α’γιυγήν,
1054 655 1106 720 cain
1127 655 1227 742 ἀρχῆς
1251 655 1323 721 εἶναι

76 759 140 830 τοῖς
166 749 202 818 ed
227 755 387 838 φρονοῦσιν
410 751 576 840 ἀποβολήν,
598 753 673 820 dita
693 749 865 840 γαταβολήν
885 753 1044 842 ἄρχοντος,
1071 758 1137 822 α’ντί
1158 765 1321 841 μισθιοτου

75 881 156 932 τινος
173 853 197 940 ἢ
217 853 445 941 ἀργυρωνήτου,
466 863 552 922 θεῖον
573 855 708 943 η’γεμόνα
731 861 786 923 τοῦ
801 857 868 940 βίου
885 853 1083 942 λαμβάνουσι,
1105 858 1172 925 τόν
1193 858 1322 945 λόγον·

75 983 101 1044 ιγ
128 955 202 1034 τούς
228 954 389 1038 ἑπομένους
412 953 494 1031 ι’όξιόν
517 959 580 1022 ἐστι
606 956 716 1042 μόνους
746 956 924 1043 ἐλευθέρους
953 961 1090 1043 νομίζειν.
1135 954 1237 1026 Μόνυι
1264 961 1322 1050 γάρ

74 1059 95 1120 ἃ
118 1061 173 1122 δεῖ
189 1055 353 1142 βοόλισθαι
375 1057 544 1142 μαθόντες,
567 1058 609 1138 ὥς
629 1059 784 1148 βούλονται
807 1062 891 1138 ζῶσι.
931 1065 1006 1138 Ταῖς
1021 1061 1058 1126 δὲ
1073 1060 1261 1141 ιίπαιδεότοις
1275 1067 1325 1128 καὶ

75 1158 261 1245 παραλόγοις
281 1157 389 1245 όρμαΐς
411 1164 460 1226 καὶ
487 1159 626 1247 πρόξεσιν
653 1163 769 1248 ἀγεννὲς
791 1161 883 1226 ἔνεστι
904 1163 953 1224 nat
974 1161 1082 1247 μικρόν
1112 1164 1144 1226 ἐν
1162 1168 1262 1253 πολλῷ
1279 1153 1326 1254 τῷ
1380 1157 1382 1164 ’

73 1268 271 1344 μετανοοῦντι
300 1261 335 1328 τό
367 1261 511 1328 ἓκοόσιον·
542 1283 578 1330 tu
606 1292 692 1347 aero,
724 1276 777 1347 qui
805 1289 1017 1344 saepenumero
1046 1269 1215 1344 audivisti,
1245 1273 1325 1329 idem

74 1392 140 1429 esee
174 1367 301 1428 Deum
327 1379 447 1448 sequi
474 1381 504 1429 et
529 1390 682 1448 parere
709 1378 895 1441 rationi,
926 1377 1104 1429 existimare
1136 1372 1237 1450 debes,
1258 1395 1324 1446 eos,

75 1475 131 1546 qui
165 1473 242 1526 eund
271 1477 343 1527 eunt
369 1478 487 1544 mente,
518 1477 565 1526 ita
576 1468 724 1545 judicare
734 1513 743 1543 ,
763 1491 813 1542 ee,
833 1489 927 1547 ρααυι
948 1489 967 1524 α
984 1477 1123 1544 pueritia
1143 1471 1183 1527 ad
1201 1471 1324 1528 virilem

71 1566 246 1644 procedunt
270 1574 416 1641 aetatem,
438 1589 496 1625 που
523 1569 654 1643 abjicere
673 1573 857 1645 impensem,
877 1566 929 1624 sed
947 1551 1324 1643 mutare‘imparatorem,

74 1685 174 1742 quum
200 1684 257 1740 pro
286 1671 434 1745 magistro
460 1665 592 1723 mercede
622 1667 764 1722 conducto
792 1673 848 1720 ont
874 1684 945 1722 aere
965 1674 1060 1736 emto,
1081 1666 1222 1722 divinum
1241 1673 1323 1722 uitae

73 1764 185 1820 ducem
211 1769 386 1840 accipiunt,
407 1770 639 1821 rationem:
660 1771 712 1820 eui
741 1770 794 1840 qui
818 1770 951 1840 parent,
982 1763 1039 1821 eole'
1060 1763 1148 1842 digni
1177 1772 1251 1822 eunt
1270 1771 1324 1840 qui

74 1863 172 1919 liberi
187 1867 412 1921 eaietimentur.
456 1860 521 1920 Sole·
548 1868 629 1919 enim
648 1861 682 1918 te·
700 1867 808 1922 vivunt
828 1869 863 1916 ret
882 1860 1004 1933 volunt,
1026 1867 1136 1937 quippe
1156 1868 1227 1937 qui,
1249 1863 1323 1938 quid

73 1959 154 2016 celle
189 1959 331 2032 debeant,
372 1960 556 2018 didicerunt.
617 1956 797 2015 Inerude'tee
835 1965 943 2030 autem,
967 1967 997 2014 et
1022 1964 1155 2015 rationis
1185 1967 1321 2036 expertes

72 2062 180 2113 enimi
197 2063 411 2131 incitationes,
432 2065 523 2135 atque
546 2063 699 2129 actiones,
720 2055 828 2112 ceilam
857 2055 1010 2130 quandam
1038 2065 1067 2113 et
1096 2057 1258 2134 ignobilem
1278 2077 1321 2114 νο·

73 2155 216 2222 luntatis
234 2155 405 2214 libertatem
415 2200 425 2229 ,
445 2157 545 2213 multa
562 2175 631 2213 eum
642 2159 834 2232 poenitentia
854 2159 1069 2226 conjunctam,
1090 2151 1209 2212 liabent.
1220 2175 1234 2208 υ
1253 2150 1283 2230 l)

159 2349 419 2446 Imaginem,
449 2370 601 2446 quidue
629 2373 765 2425 animi
793 2375 995 2425 naturam
1017 2373 1243 2442 expressit

479 2465 626 2541 Plato,
655 2472 920 2542 conjunctio.

117 2671 208 2734 Abest
232 2695 353 2755 parum,
382 2677 455 2756 quin
483 2679 521 2738 ad
548 2671 669 2759 plenum
696 2677 879 2758 gravissimae
906 2695 1023 2734 caussae
1048 2674 1218 2752 judicium,
1249 2696 1324 2754 quae

69 2773 204 2850 justitiae
229 2772 266 2830 sit
295 2792 326 2832 ac
357 2774 507 2835 felicitatis
528 2778 621 2866 ratio,
642 2775 870 2856 pervenerimus.
913 2774 1096 2849 Quamquam
1116 2785 1222 2844 restat,
1244 2771 1322 2851 quod

71 2888 146 2928 eane
172 2888 312 2948 perquam
338 2887 379 2932 cst
408 2893 513 2952 grave,
546 2887 577 2932 nt
596 2874 634 2934 de
654 2874 752 2932 futura
774 2872 846 2946 justi
868 2871 926 2929 viri
953 2883 1038 2947 atque
1058 2870 1240 2944 injustissimi
1259 2881 1323 2950 post

73 2979 197 3026 mortem
225 2968 396 3030 conditione
423 2969 621 3052 dispiciamus.
664 2969 743 3043 Sed,
774 2989 831 3048 quo
861 2968 966 3027 rectius
994 2979 1022 3025 et
1055 2965 1092 3025 de
1120 2967 1241 3025 caeteris
1261 2987 1324 3026 om-

75 3063 167 3124 nibus
187 3079 216 3125 et
233 3066 288 3127 hoc
308 3069 394 3128 etiam
413 3069 450 3128 de
471 3069 535 3128 loco
546 3115 554 3144 ,
575 3071 626 3149 qui
656 3082 697 3127 est
723 3067 759 3126 de
780 3067 944 3126 animorum
963 3064 1197 3136 immortalitate,
1219 3065 1324 3122 existi-

75 3183 206 3238 memus,
227 3162 341 3225 efficere
369 3187 406 3224 ex
436 3169 516 3226 umni
545 3168 598 3227 bac
630 3181 724 3226 nostra
754 3165 791 3225 de
812 3164 910 3222 animo
932 3161 1244 3252 disputatione,·qnae
1262 3162 1324 3237 ejus

75 3275 181 3319 natura
204 3263 260 3334 sit,
277 3264 373 3339 ,juvat
415 3265 600 3346 Comparavit
624 3267 755 3324 animum
784 3262 885 3334 Plato,
907 3273 939 3318 ut
960 3259 997 3318 ab
1018 3259 1105 3319 initio
1126 3258 1271 3331 vidimus,
1291 3257 1324 3336 2)

74 3379 144 3416 cnm
169 3377 307 3436 equorum
323 3363 394 3441 jugo
414 3360 451 3421 ab
472 3364 572 3442 auriga
591 3363 771 3444 gubernato:
794 3360 864 3418 lecit
883 3371 978 3417 autem
999 3358 1031 3415 in
1052 3357 1213 3429 Phaedro,
1234 3377 1320 3436 quem

70 3455 212 3534 juvenis,
234 3472 310 3517 certe
331 3478 435 3538 parum
458 3473 595 3540 proveeta
616 3473 707 3518 aetate
728 3472 756 3516 et
772 3455 902 3534 ¹iuvenili
921 3451 1044 3528 ardore,
1078 3455 1205 3535 scripsit.
1247 3455 1322 3512 Poe·

73 3568 172 3612 tarum
199 3553 232 3613 in
259 3555 378 3616 modum
407 3556 472 3617 illic
501 3557 539 3616 de
562 3557 659 3616 animo
680 3575 781 3635 agens,
804 3549 944 3611 rationem
964 3551 1101 3629 aurigae,
1122 3551 1203 3610 binis
1224 3563 1320 3610 autern

74 3651 161 3730 equis
187 3651 334 3732 duplicem
363 3675 487 3714 amorem
516 3654 703 3735 comparavit.
746 3648 855 3710 Pariter
882 3667 987 3726 nempe
1008 3647 1212 3720 Parmenides,
1234 3653 1319 3728 po'e'ta

74 3749 157 3809 idem
175 3763 203 3810 et
221 3750 412 3833 philosophus
432 3752 581 3824 sublimis,
612 3765 750 3831 equorum
770 3746 866 3804 fuerat
884 3745 917 3803 in
936 3744 1174 3825 philosophando
1195 3746 1321 3824 imagine

75 3868 156 3906 usus.
198 3848 334 3909 Nondum
361 3871 430 3912 vero
450 3853 519 3910 satis
539 3862 630 3910 aetate
653 3843 705 3904 illa
726 3832 863 3903 Platorii
884 3837 1061 3919 θυμοειδὲς,
1083 3842 1162 3922 quod
1187 3863 1247 3901 non
1268 3842 1318 3900 mi·

75 3965 134 4004 nus
159 3945 263 4020 nobis,
293 3969 380 4026 quam
409 3950 482 4009 ratio
510 3963 540 4008 et
562 3941 759 4024 cupiditates,
789 3943 886 4018 inest,
914 3957 944 4002 et
970 3943 1079 4023 pariter
1102 3963 1118 4000 a
1145 3938 1319 4020 philosopho

72 4041 287 4104 attendendum
319 4059 380 4118 est,
411 4042 604 4126 exploravisse
632 4039 759 4100 videtur.
802 4042 907 4100 Deesse
937 4042 1026 4119 igitur
1044 4038 1255 4118 comparationi
1275 4037 1317 4096 vi·

81 4245 339 4258 ἡ...

113 4375 144 4438 1)
161 4371 229 4428 Plnt.
260 4357 325 4442 περὶ
349 4358 405 4422 τοῦ
426 4348 542 4421 deodate
560 4383 582 4414 e.
602 4366 627 4416 l·

110 4465 139 4556 2)
157 4469 235 4522 lnt'lt'a
248 4481 278 4532 p..
295 4464 355 4516 ⁴50.
451 4483 453 4490 ’
