2872 5122
733 290 773 349 68

139 481 265 548 patrem,
287 476 402 521 matrem
423 459 549 518 Peniam.
592 456 663 514 Nam
684 474 772 532 quum
793 458 863 510 esset
882 465 947 509 nata
966 449 1082 520 Venus,
1104 448 1272 506 convivium
1293 444 1366 504 cele-

140 564 263 623 brabant
281 559 348 635 Dii,
369 577 434 617 eum
444 555 568 629 caeteri,
590 567 650 612 tum
668 551 787 610 Metidis
802 549 897 624 filius,
919 550 1015 607 Porus.
1047 549 1119 606 Cum
1137 560 1231 605 autem
1250 567 1366 604 coenas-

65 677 69 682 '
140 675 219 737 sent,
246 659 343 718 cibum
368 654 584 726 mendicatera,
612 650 720 730 quippe
750 647 932 706 affluentibus
956 645 1020 704 illic
1039 643 1152 727 epulis,
1178 645 1297 704 accessit
1321 645 1366 702 Pe·

139 762 189 820 nia
208 763 236 818 et
254 755 366 817 adstitit
385 751 506 812 foribus.
544 738 623 809 ¹Tum
642 749 748 820 Porus,
770 747 801 806 in
820 744 899 805 Jovis
918 764 1081 826 progressus
1101 744 1233 817 hortum,
1255 755 1368 800 nectare

141 859 237 918 ebrius
260 867 448 936 gravatusque
464 848 632 909 dormiebat.
674 841 760 904 Pen'ia
790 845 877 924 igitur
903 842 957 902 hoc
986 843 1096 923 agitans
1125 842 1299 916 consilium,
1322 853 1368 912 ut,

140 959 223 1038 inops
241 956 321 1034 ipsa,
343 971 379 1008 ex
403 950 477 1016 Poro,
499 948 592 1006 filium
614 945 795 1024 conciperet,
812 945 898 1020 juxta
921 941 1007 1000 illum
1031 940 1168 999 accubuit
1191 953 1218 998 et
1237 937 1368 1016 concepit

139 1060 297 1115 Amorem.»
325 1047 353 1129 l)
373 1049 398 1108 E
415 1069 471 1126 qua
493 1045 592 1104 fabula
612 1042 696 1102 facile
717 1041 849 1101 ducimus
872 1040 1030 1121 placitum,
1052 1059 1088 1098 ex
1115 1037 1279 1117 indigentia
1304 1034 1368 1094 oriri

141 1173 263 1214 amorem
282 1169 409 1209 omnem:
432 1144 583 1222 anquirere
610 1153 771 1213 amantem,
791 1160 847 1217 quo
870 1138 949 1196 hunc
975 1137 1153 1216 indigentiae
1182 1155 1299 1193 sensum
1325 1153 1368 1190 ex-

142 1253 236 1335 pleat:
257 1259 367 1330 reperto
382 1265 450 1305 vero
468 1242 537 1316 isto,
557 1240 658 1300 insitas
673 1238 793 1298 virtutes
811 1255 908 1295 omnes
926 1235 1088 1316 explicare,
1105 1211 1240 1312 suamque
1261 1232 1368 1310 assequi

142 1349 355 1433 perfectionem.
385 1344 464 1416 Quae
490 1339 587 1399 eidem
616 1336 720 1415 aliquis
740 1334 879 1393 facilitate
906 1335 939 1393 in
958 1347 1045 1393 totam
1065 1354 1159 1392 rerum
1178 1346 1314 1392 naturam
1329 1351 1368 1389 ac-

142 1444 309 1508 commodet.
325 1441 357 1523 2)
377 1441 434 1499 Nec
454 1457 607 1518 negamus,
622 1432 788 1512 hujusmodi
807 1430 879 1510 quid
898 1431 994 1491 animo
1012 1433 1176 1512 concepisse
1195 1429 1368 1502 Dictimam',

142 1545 220 1627 quod
238 1545 299 1623 ejus
318 1559 407 1600 sermo
434 1557 486 1596 nos
513 1532 636 1595 docebit.
678 1530 736 1590 Sed
759 1529 882 1589 multum
905 1529 1030 1588 abfuisse
1057 1544 1209 1610 putamus,
1231 1543 1265 1588 ut
1297 1525 1369 1586 illud

143 1646 184 1704 ita
202 1640 391 1724 perspiceret,
412 1635 452 1694 ita
471 1634 569 1714 paucis
589 1631 684 1693 verbis
706 1642 800 1709 posset
822 1628 985 1709 explicare,
1008 1641 1040 1687 ut
1059 1649 1111 1688 nos
1128 1629 1261 1689 solemus.
1305 1625 1369 1685 Sen-

143 1743 211 1802 sisse
231 1738 263 1798 id
282 1737 400 1797 obscure
427 1732 562 1805 videtur,
583 1751 635 1788 nec
658 1742 749 1788 totum
776 1727 809 1785 in
834 1747 959 1786 amorem
984 1740 1012 1786 et
1031 1740 1163 1786 naturam
1187 1725 1368 1808 applicuisse.

144 1839 269 1900 Omnino
296 1833 374 1915 quod
398 1830 482 1891 modo
510 1831 546 1890 de
574 1826 736 1892 amantibus
761 1825 845 1884 nobis
871 1825 1056 1898 occurrebat,
1087 1824 1168 1883 aliud
1195 1823 1270 1903 quid
1298 1820 1370 1881 velle

146 1935 292 2016 utriusque
307 1932 451 2005 animum,
471 1927 549 2009 quod
567 1926 662 1986 dicere
681 1945 741 1983 non
759 1925 865 2004 possit,
886 1915 959 1981 (illd
980 1915 1218 2001 penadecdotd
1238 1914 1370 2000 βούλεται

144 2033 193 2098 καὶ
212 2030 406 2102 αἰνίττεσθαι,
421 2026 557 2090 convenit
566 2023 653 2106 plane
672 2037 699 2082 et
714 2023 746 2081 in
756 2022 909 2082 Dictimam
919 2038 946 2083 et
956 2025 988 2082 in
999 2039 1086 2085 totam
1099 2025 1312 2103 antiquitatem.
1334 2021 1370 2080 Ut

146 2137 266 2220 sculptis
284 2129 457 2213 imaginibus
476 2123 627 2204 Aegyptii,
647 2121 687 2179 sic
707 2107 810 2180 Graeci
824 2121 931 2180 fabulis
941 2167 950 2196 ,
971 2107 1132 2201 significare
1151 2122 1327 2182 studuerunt
1346 2132 1370 2175 et

146 2236 227 2315 quasi
245 2229 396 2295 vaticinati
416 2237 496 2298 sunt,
510 2241 581 2301 quae
600 2219 756 2293 abstracte,
778 2232 810 2277 ut
828 2221 925 2298 ajunt,
944 2233 972 2278 et
989 2220 1088 2300 paucis
1103 2220 1200 2281 verbis
1213 2221 1370 2300 exprimere

147 2333 277 2393 nondum
299 2339 439 2409 poterant.
481 2321 588 2380 Pariter
612 2316 834 2391 existimandum
854 2317 891 2376 de
910 2314 1109 2398 Aristophanis
1127 2318 1236 2378 fabula.
1279 2317 1369 2376 Etiam

147 2431 201 2490 bae
220 2426 390 2508 exprimitur
410 2418 586 2500 indigentiae
606 2435 722 2489 sensus,
742 2415 791 2492 qui
816 2415 849 2473 in
867 2405 959 2475 amore
980 2415 1161 2475 dominatur:
1183 2427 1369 2476 veruntamen

148 2549 220 2608 quac
235 2525 303 2585 inde
314 2522 400 2582 duxit
414 2533 442 2578 et
456 2515 537 2597 quasi
551 2513 651 2574 elicuit
671 2511 914 2588 Hemsterhusius,
935 2535 1027 2592 neque
1042 2515 1246 2595 Aristophanes
1260 2530 1370 2594 perspe-

148 2627 224 2686 xisse
239 2623 354 2687 videtur
364 2666 373 2695 ,
383 2639 436 2678 nee
451 2615 532 2674 Plato
547 2611 705 2692 explicuit:
729 2624 845 2689 uterque
860 2632 928 2672 vero
942 2623 1086 2669 recturam
1101 2612 1246 2672 declarare
1263 2615 1370 2668 amoris

148 2723 277 2796 studuit,
297 2718 442 2794 effecitque
461 2711 537 2772 illud
555 2712 609 2769 hac
629 2708 728 2768 fabula
747 2707 831 2788 longe
849 2710 1032 2784 evidentius,
1052 2732 1136 2789 quam
1165 2709 1240 2769 effici
1259 2728 1369 2768 accura-

147 2820 255 2881 tissima
284 2814 477 2897 disputatione
503 2808 649 2890 potuisset.
690 2806 808 2865 Placent
828 2820 921 2866 autem
945 2808 1029 2867 nobis
1055 2807 1170 2866 fabulae
1199 2807 1268 2866 illae
1283 2807 1369 2877 ‘hanc

150 2917 315 2999 praesertim
333 2912 369 2972 ob
388 2929 527 2982 caussam,
543 2905 619 2986 quod
640 2903 770 2963 sensibus
784 2905 963 2964 conveniunt
982 2906 1104 2980 nostris,
1123 2907 1179 2964 imo
1199 2904 1291 2964 oculis
1310 2922 1368 2984 prc-

150 3027 281 3098 ponunt,
301 3031 373 3092 quae
391 3010 469 3068 intus
488 3005 625 3065 sentimus
650 3003 755 3061 animo.
794 3002 867 3060 Nam
896 3024 968 3082 quae
995 3005 1181 3063 continentur
1207 3005 1243 3064 iis
1270 3000 1370 3063 amoris

150 3112 297 3187 notiones,
319 3122 387 3169 sunt
403 3107 456 3166 hae
476 3103 515 3163 sic
536 3101 667 3183 propriae
687 3113 804 3158 naturae
823 3115 953 3176 nostrae,
974 3115 1006 3160 ut
1024 3101 1131 3161 lateant
1151 3103 1182 3162 in
1200 3101 1292 3160 nullis
1315 3119 1369 3158 non

150 3211 275 3292 linguis,
294 3210 326 3268 in
344 3205 464 3268 vocibus
481 3201 603 3260 maxime
613 3245 622 3275 ,
643 3196 747 3277 quibus
770 3198 895 3258 caritatis
914 3199 1011 3258 caussa
1034 3221 1062 3258 se
1087 3215 1186 3260 mutuo
1202 3197 1370 3280 compellare

153 3323 276 3370 amantes
298 3307 406 3379 solent,
422 3311 544 3380 portem
564 3311 592 3357 sc¹
613 3297 738 3356 invicem
766 3301 816 3354 eui
825 3341 834 3370 ,
855 3298 1014 3356 dimidium
1042 3307 1092 3356 eui
1112 3297 1143 3378 3)
1168 3313 1321 3372 vocantes,
1341 3305 1369 3350 ui

153 3407 287 3467 Horatius
305 3403 432 3488 appellat
449 3397 605 3479 Virgilium
624 3416 723 3453 suum:

449 3497 545 3558 Novia
555 3541 563 3570 ,
582 3515 656 3573 quoe
676 3495 734 3551 titi
750 3493 898 3550 creditum

486 3594 584 3676 ¹Debeo
604 3592 791 3672 Virgilium,
811 3592 930 3668 finibus
949 3589 1066 3651 Atticis

482 3694 571 3753 addua
596 3693 790 3763 ineolumem,
811 3710 936 3765 precor,

494 3792 537 3850 Et
564 3811 660 3848 serves
688 3794 851 3845 animoa
877 3788 1097 3846 dimidium
1123 3811 1236 3849 meae.
1259 3786 1291 3867 A)

154 3969 410 3983 ....--,----

304 4106 310 4119 .
380 4063 432 4116 .B.

188 4068 214 4218 dl
230 4063 420 4221 slidcldodrpl
444 4131 527 4203 ἓνωσ,
552 4130 827 4213 p.121.Creuz.aoi
851 4129 910 4190 πᾶν
935 4123 972 4191 td
999 4129 1076 4212 ἐρῶν
1097 4129 1211 4211 ἐφίεταί
1230 4152 1317 4203 τινος,
1337 4107 1368 4182 οὗ

155 4239 231 4302 ἔστιν
253 4233 355 4310 ἐνδεὲς.

189 4341 215 4407 3)
233 4342 352 4394 Nostrum
365 4333 562 4400 wederldflvim
576 4333 651 4399 plane
665 4331 782 4397 exprimit
795 4327 895 4380 labulae
908 4326 1064 4379 Platonicae.

189 4425 215 4492 t)
233 4427 314 4479 Germ.
336 4425 355 4475 1.
375 4420 399 4473 3.
423 4421 465 4472 Sic
480 4417 571 4471 Gracci
589 4423 698 4485 poetae,
718 4414 838 4483 equibus
852 4414 954 4466 ductum
964 4420 1004 4463 est
1019 4411 1181 4462 Horatianum
1197 4409 1290 4470 hocce,
1309 4419 1333 4454 v·
1344 4415 1364 4448 c

156 4515 283 4580 Meleager.
302 4509 375 4562 Attal.
395 4503 504 4558 trunci.
520 4504 540 4552 l.
556 4519 580 4570 p.
595 4503 626 4553 5:
