2950 5134
677 267 771 324 ’56

153 444 351 512 gumentorum
377 431 535 502 suavitate,
561 427 719 509 praestabit
742 429 835 486 etiam.
884 429 955 487 Nam
979 428 1127 508 explorati
1151 411 1318 512 philoshphi
1349 431 1383 490 de

154 532 251 590 animo
271 527 430 601 sententii,
451 529 531 605 gravi
553 547 620 584 sane
649 523 701 582 illt
729 539 756 582 et
786 525 916 600 excelsa,
938 525 1006 584 hinc
1038 525 1120 584 nobis
1142 529 1203 604 jam
1228 529 1382 610 deinceps,
1444 511 1445 570 l

154 642 289 706 tanquam
309 647 324 684 a
344 625 462 684 sublimi
482 623 606 704 quodam
627 615 821 706 ὁρμητηρίῳ,
843 627 875 682 in
898 624 1126 683 amoenissimum
1149 624 1384 686 descendendum

156 739 197 784 est
217 725 311 784 locum
336 724 372 783 de
391 744 490 781 amore
509 733 539 780 et
562 732 675 783 amoris
700 724 883 800 disciplina,
904 743 961 800 quo
988 723 1110 780 maxime
1137 722 1217 802 apud
1237 724 1384 783 Platonem
1445 767 1446 798 f

156 824 320 882 continetur
339 820 522 901 philosophia
542 821 646 899 pulcri.
673 820 701 900 l)
789 829 792 834 '

195 915 312 978 Scilicet
339 940 396 977 non
421 918 491 977 haec
515 919 572 976 fuit
595 918 723 979 Platonis
747 919 825 991 vita,
848 931 878 975 ut
902 916 939 974 ab
966 917 1084 974 ineunte
1109 931 1199 980 aetate
1225 920 1258 977 in
1281 919 1385 978 scholis

48 1032 53 1041 ’
156 1018 335 1077 delitesceret
359 1016 617 1095 metaphysicorum
629 1061 637 1089 ,
669 1017 813 1094 rebusque
837 1014 964 1073 obscuris
992 1027 1020 1071 et
1049 1015 1191 1074 intricatis
1217 1015 1385 1074 definiendo

155 1114 437 1196 argumentandoque
456 1112 617 1173 enodandis
635 1114 770 1173 studeret.
800 1114 873 1170 Puer
893 1112 992 1192 poisin
1007 1113 1155 1186 tractavit,
1178 1127 1315 1192 tantoque
1336 1113 1384 1172 dn·

157 1228 219 1272 ctus
238 1225 278 1270 est
297 1212 484 1291 pulcerrimae
512 1213 582 1270 artis
610 1233 722 1286 amore,
747 1226 776 1270 ut
803 1211 928 1269 carmina
958 1222 1059 1288 sponte
1086 1201 1223 1269 funderet
1247 1224 1276 1270 et
1295 1211 1385 1270 Musis

157 1310 304 1372 videretur
322 1329 373 1389 per
391 1323 478 1368 totam
499 1309 587 1371 vitam
606 1323 781 1389 operaturus.
824 1308 948 1365 Accessit
972 1306 1080 1366 deinde
1099 1307 1137 1366 ad
1152 1309 1384 1389 philosophiam:

157 1430 213 1487 quo
232 1429 296 1466 eum
315 1406 442 1466 Socrates
461 1405 623 1474 adducebat
651 1422 679 1466 et
706 1407 796 1465 multo
816 1407 900 1463 etiam
931 1405 1020 1483 magis
1048 1404 1148 1484 ipsius
1166 1420 1288 1466 natura:
1322 1427 1385 1466 nam

157 1510 251 1584 inerat
272 1507 333 1584 ejus
360 1506 449 1563 menti
471 1504 661 1584 philosophia
685 1493 834 1584 quaedam.
876 1501 933 1561 Sed
956 1502 996 1560 ita
1016 1503 1042 1558 ei
1071 1502 1202 1578 studuit,
1224 1519 1256 1562 ut
1284 1505 1387 1584 legeret

157 1604 243 1663 simul
262 1609 358 1682 poetas
376 1603 467 1660 omnis
491 1603 554 1662 aevi
580 1602 796 1674 celeberrimos,
819 1601 990 1672 Homerum,
1011 1600 1188 1675 Hesiodum,
1210 1603 1385 1674 Pindarum,
1448 1659 1449 1680 ,

157 1700 223 1760 illos
240 1700 422 1781 praesertim,
444 1721 564 1778 quorum
584 1701 710 1758 carmina
725 1697 923 1779 philosophiae
937 1711 1029 1756 essent
1043 1697 1149 1777 plena,
1168 1700 1369 1776 Parmeniden
1378 1745 1386 1772 ,
1448 1681 1449 1688 ,

158 1799 365 1878 Pythagoreos,
386 1811 447 1856 tum
475 1798 613 1876 tragicos,
644 1797 783 1870 comicos,
811 1796 878 1855 item
907 1795 1044 1869 eroticos,
1070 1799 1294 1872 Anacreontem,
1315 1798 1386 1878 Sap-

157 1896 300 1982 phopem:
321 1915 441 1972 quorum
458 1893 580 1954 lectione
599 1895 725 1954 imbutus
731 1916 838 1973 ,quum
855 1893 892 1952 ad
912 1891 1096 1964 scribendum
1116 1915 1144 1952 se
1165 1896 1264 1970 daret,
1287 1909 1386 1978 sponte

159 1989 339 2052 exhilarabat
358 1993 462 2072 scripta
482 2014 531 2052 sua
552 1994 709 2053 venustatis
726 1991 849 2071 quodam
870 2005 897 2049 et
915 1995 1028 2071 poeseos
1046 1992 1149 2052 colore.
1182 1992 1240 2052 Sed
1260 1996 1385 2055 studium

159 2091 212 2150 hcc
232 2105 259 2148 et
277 2095 391 2171 poeseos
410 2104 438 2148 et
452 2095 600 2170 peltarum
620 2111 681 2149 eam
697 2091 756 2150 vim
774 2090 877 2148 habuit
894 2090 926 2146 in
947 2088 1003 2147 viri
1013 2090 1226 2170 philosophiam
1236 2138 1245 2166 ,
1268 2107 1300 2151 ut
1320 2093 1386 2151 haec

160 2189 307 2248 videretur
326 2189 362 2246 ab
382 2189 451 2268 ipsis
470 2187 561 2247 Musis
579 2188 742 2266 Gratiisque
761 2187 895 2267 profecta.
938 2186 1009 2243 Nam
1029 2187 1065 2245 de
1086 2189 1122 2246 iis
1146 2189 1302 2266 quaerebat
1328 2204 1386 2249 stu-

160 2287 333 2361 diosissime,
354 2308 425 2366 quae
446 2287 568 2344 maxime
593 2300 687 2345 essent
709 2308 725 2344 a
746 2285 836 2365 poetis
860 2282 1018 2342 celebrata:
1050 2285 1086 2344 de
1111 2307 1208 2345 amore
1228 2287 1261 2346 in
1289 2289 1388 2369 primis

159 2400 186 2444 et
206 2385 290 2443 rebus
309 2385 469 2443 amatoriis:
492 2398 660 2464 argumento.
686 2400 761 2442 sane·
780 2382 923 2441 Socratico
953 2396 979 2439 et
1008 2382 1199 2466 philosopho,
1220 2385 1257 2443 ab
1289 2386 1385 2446 umbra
1451 2438 1452 2446 ,

160 2483 339 2556 scholarum,
361 2483 384 2541 si
404 2481 482 2559 quod
501 2482 583 2541 aliud
594 2528 602 2556 ,
624 2481 806 2541 alienissimo.

193 2759 218 2823 1)
253 2760 291 2810 De
312 2777 393 2809 amore
407 2760 537 2824 principes
555 2767 613 2808 sunt
634 2757 749 2808 Platonis
764 2759 815 2808 loci
831 2759 855 2806 in
872 2757 985 2808 Phaedro
1003 2760 1119 2826 etSymp
1139 2775 1204 2826 quos
1218 2764 1312 2814 aetatis
1326 2779 1386 2814 suae

159 2847 258 2897 ratione
272 2845 393 2911 explicuit
405 2843 506 2894 Ficinas
518 2844 544 2893 in
552 2843 656 2894 libello:
671 2842 753 2910 Sopra
762 2843 787 2893 lo
797 2841 891 2892 Amore
901 2845 972 2894 over’
983 2842 1096 2894 Convito.
1103 2845 1127 2894 di
1135 2844 1252 2896 Platone.
1262 2847 1385 2906 Pirenze,

159 2931 241 2994 1544,
261 2939 287 2981 et
297 2929 363 2996 Opp.
382 2929 412 2980 ll.
433 2927 496 2979 289.
521 2927 559 2979 Cf.
572 2927 604 2978 A.
623 2929 732 2996 Niphate,
751 2928 783 2977 de
795 2928 902 2994 pulchro
918 2941 943 2979 ct
956 2945 1043 2979 amore
1056 2927 1112 2979 libri
1124 2928 1154 2978 11.
1168 2929 1218 2980 LB.
1238 2930 1313 2982 1611.
1349 2931 1386 2981 De

159 3018 319 3068 entiusiosmo
331 3016 425 3066 amoris
438 3014 490 3064 vid.
510 3015 623 3076 Honsclt,
639 3014 672 3064 de
685 3013 858 3064 enthusiasmo
872 3013 995 3065 Platonis.
1008 3015 1077 3080 Lips.
1089 3013 1162 3066 1716.
1173 3014 1300 3066 GlFicin.
1309 3015 1355 3083 Ep.
1367 3013 1384 3064 1.

106 3130 112 3139 ·
160 3102 217 3154 598.
254 3102 348 3153 Locum
367 3101 400 3150 de
414 3101 501 3168 palere
519 3108 571 3150 tum
592 3100 631 3150 his
647 3100 758 3168 dialogis
772 3100 891 3150 tractavit
902 3099 987 3161 Plato,
1006 3108 1057 3150 tum
1076 3100 1222 3168 Hipplllaj.
1241 3103 1384 3153 acPlrilebe.

161 3187 212 3240 Sed
225 3187 337 3238 Philebus
346 3187 452 3252 proprie
466 3185 498 3236 ad
510 3185 593 3236 ideam
606 3185 668 3236 boni
679 3185 789 3235 refertur
799 3184 926 3250 nobisque
934 3186 960 3235 in
968 3185 1121 3253 philosophia
1126 3190 1191 3249 justi
1197 3189 1384 3240 memorabitur.

160 3273 295 3324 Praeclare
313 3271 346 3322 de
359 3287 391 3324 eo
406 3279 514 3339 egerunt
526 3271 614 3322 'Bicll
628 3273 654 3320 in
666 3269 784 3320 Philoleo
801 3277 827 3320 et
839 3267 976 3320 Stalllaam
987 3270 1013 3320 iu
1026 3270 1086 3320 edit.
1101 3271 1257 3324 Sententiam
1272 3274 1386 3328 Platonis

161 3359 193 3408 de
209 3358 299 3424 pulcro
319 3357 440 3422 explicuit
459 3357 622 3418 Teaaemoaa,
639 3355 706 3420 Syst.
724 3354 770 3404 der
781 3353 844 3402 Plat.
861 3351 956 3404 Philus.
976 3354 1014 3418 lV.
1033 3354 1091 3408 263.
1111 3356 1210 3424 Scripta
1222 3368 1339 3410 veterum
1354 3357 1384 3406 de

161 3443 210 3494 hoc
222 3449 385 3510 argumento,
404 3450 431 3491 ut
446 3441 580 3503 Isocratis,
600 3439 690 3489 Dionis
710 3435 903 3510 chrysostomi,
922 3437 1038 3500 Luciani,
1052 3437 1160 3504 Plotini,
1174 3429 1385 3495 Procli'accurate

160 3529 290 3580 recensuit
306 3517 440 3578 Credamus
455 3527 488 3577 ad
501 3525 564 3576 Plct.
578 3527 606 3574 de
618 3523 785 3591 pulcritudine
801 3539 856 3573 curn
867 3523 892 3572 in
908 3539 996 3590 praep.
1011 3533 1062 3575 turn
1078 3527 1104 3576 in
1117 3538 1252 3579 comment.
1289 3529 1327 3579 De
1340 3545 1384 3577 nr-

159 3615 236 3676 tina,
261 3614 368 3664 maxime
382 3613 414 3663 dc
434 3613 544 3673 musica,
562 3610 615 3677 egit
632 3607 705 3658 Plato
725 3602 750 3657 in
767 3609 853 3673 primis
867 3609 896 3657 de
910 3607 970 3675 liep.
985 3607 1025 3658 111.
1045 3605 1074 3660 Χ.
1093 3613 1122 3661 de
1133 3611 1203 3680 lepp.
1217 3611 1248 3663 ll.
1262 3611 1316 3662 vll.
1329 3609 1382 3660 vid.

160 3701 214 3750 Dea
229 3700 288 3761 Tea,
301 3698 332 3749 de
345 3700 370 3760 vi
381 3700 490 3748 musices
504 3695 537 3745 ad
551 3694 633 3744 excel.
651 3693 778 3743 hominem
791 3707 805 3742 e
818 3701 882 3742 sent.
896 3691 959 3743 Plat.
977 3692 1042 3758 Traj.
1054 3696 1085 3746 ad
1102 3695 1148 3747 uh.
1165 3696 1239 3749 1816.
1257 3697 1297 3748 De
1307 3689 1384 3748 altoris

160 3801 191 3835 ex
210 3785 335 3835 sententia
353 3783 467 3834 Platonis
491 3781 544 3848 egit
562 3780 634 3839 Bas,
659 3778 692 3828 de
709 3787 814 3828 naturae
827 3777 1027 3843 simplicitatem
1042 3781 1132 3848 Eurip.
1147 3781 1248 3834 Oreste.
1267 3782 1332 3846 Traj.
1353 3779 1383 3830 od

160 3869 205 3920 itt.
231 3868 305 3920 1816.
333 3867 371 3920 Cf.
394 3868 422 3916 L.
449 3867 478 3916 G.
504 3865 621 3924 Pareae,
648 3863 740 3914 Lucius
758 3880 778 3914 s.
801 3863 951 3930 navigantes
974 3863 1075 3930 (Annal-
1106 3867 1186 3918 Acad.
1214 3867 1280 3933 Traj.
1305 3864 1383 3918 1819·

161 3958 244 4022 1820).
279 3959 317 4009 De
329 3959 461 4026 disciplina
474 3960 564 4020 amoris
580 3944 659 4028 (napi
679 3945 733 4028 τῆς
755 3944 908 4028 ἐρωτικῆς)
930 3958 1087 4024 scripserunt
1102 3957 1232 4022 Plotinae,
1252 3959 1382 4024 Olympio-

159 4052 251 4114 dcrus‚
271 4051 377 4102 Procius
390 4050 407 4100 1.
424 4049 458 4110 h,
479 4058 530 4100 tum
543 4049 664 4101 illeximus
679 4050 785 4115 Tyrius,
799 4052 856 4101 diss
876 4050 952 4100 XXIV
962 4049 1080 4102 -XXVll
1099 4049 1186 4100 Reisk.
1201 4058 1227 4100 et
1237 4047 1383 4101 Plutarchus

158 4137 337 4197 intimatione,
363 4135 404 4201 qui
422 4136 533 4186 omniunt
547 4137 655 4188 maxime
668 4136 771 4186 videtur
789 4138 940 4188 sententiam
958 4135 1072 4187 Platonis
1087 4144 1111 4186 et
1124 4138 1227 4202 cepisse
1241 4145 1266 4186 et
1277 4150 1381 4202 expres-

159 4225 232 4273 sisse.
252 4222 325 4274 Vidd.
343 4221 424 4286 lntpp.
443 4220 475 4269 ad
498 4219 603 4271 Phaedr.
624 4230 650 4272 ct
670 4223 751 4290 Spmp.
771 4229 796 4271 et
813 4223 950 4288 deperiere,
965 4220 1043 4269 Diatr.
1067 4221 1093 4270 in
1112 4222 1197 4288 Symp.
1214 4221 1291 4272 Gron.
1312 4216 1381 4269 teet

158 4309 259 4370 Gorter,
285 4307 317 4357 de
336 4305 399 4355 Plal.
422 4305 506 4372 Symp.
526 4306 600 4356 Diali.
613 4315 664 4358 tres
680 4305 755 4373 (Anu.
770 4304 849 4358 head,
864 4307 929 4372 Traj.
952 4303 1119 4368 1831-1832).
1144 4305 1185 4357 ad
1199 4306 1316 4358 hodierni
1326 4301 1379 4354 aevi

159 4403 259 4461 captum
281 4401 454 4455 exposuerunt
477 4407 532 4442 eam
551 4409 607 4443 cum
626 4393 681 4456 alii,
694 4402 746 4444 tum
762 4395 869 4444 maxime
887 4411 933 4443 oea
944 4388 1080 4454 deusdedi,
1100 4392 1186 4443 Venus
1199 4391 1298 4444 Urania.
1315 4389 1382 4454 lips.

163 4478 235 4530 1798.

167 4710 181 4744 ἱ
