2950 5134
105 314 135 352 v1

107 497 161 536 rus
178 479 315 552 suisset,
336 477 541 555 tranquillone
560 485 659 535 animo
680 498 740 535 esse
757 486 868 556 possim
885 489 914 536 et
934 474 1199 558 consueta,'quans
1220 492 1335 563 tempus

104 607 218 686 affert,
242 609 359 668 dolendi
388 610 539 687 voluptate
564 609 663 684 srue'!
705 607 804 688 Quid?
836 613 912 688 quod
940 621 1068 670 veterem
1091 614 1183 674 ‘illam
1211 617 1335 699 lugendi

103 762 226 807 eausam
244 751 307 801 tam
333 763 478 821 gravem,
499 751 563 800 tam
583 730 802 816 neeessariam,
825 763 914 820 quam
934 744 1030 802 lenire
1049 746 1112 804 dies
1130 756 1220 824 atque
1240 748 1332 834 emol-¹

97 876 162 933 'lirs
174 877 252 933 valet
260 921 269 950 ,
288 877 391 934 tollere
412 867 568 954 nunquam
585 876 708 948 valebit,
720 883 963 934 recentissimum
974 884 1121 958 seriptum
1131 885 1332 952 instauravit.
1397 879 1404 891 ⁴

105 1006 200 1084 Cujus
217 979 335 1087 qaidem
352 1015 461 1086 scripti
481 1017 696 1088 argumentum
714 1029 806 1084 qaum
814 1015 847 1064 in
867 1010 1151 1068 commendanda
1168 1011 1332 1072 Heusdii

103 1147 275 1200 memoria
300 1149 451 1226 versetur,
475 1149 622 1222 seriptor,
637 1149 706 1214 μθ.
722 1150 865 1196 ADOLPH.
881 1150 954 1194 CAR·
969 1151 1115 1202 ROVERS.
1138 1147 1330 1205 consobrinus
1368 1115 1376 1126 x

102 1296 184 1333 meus
201 1249 433 1349 dileetissimus,
451 1273 533 1332 nilsil
546 1281 758 1351 praetermisit
775 1277 852 1353 quod
868 1276 909 1333 ad
922 1277 1145 1334 illustrandum
1164 1297 1330 1358 argumen-

102 1417 167 1465 tum
182 1399 513 1486 pertinereeiderstur.
534 1393 690 1465 Adhibitos
705 1415 829 1486 quippe,
847 1428 922 1485 quae
943 1397 1065 1488 lingula
1084 1411 1201 1488 singuli
1221 1405 1329 1468 menso-

102 1548 169 1598 riae
188 1540 426 1613 mandaverant,
449 1540 620 1619 singularis
634 1547 762 1616 pietatis
781 1503 996 1614 monumentis,
1017 1541 1154 1598 lubenter
1170 1551 1330 1619 praeterea

100 1679 285 1749 scienterque
305 1679 339 1728 in
359 1693 447 1730 usum
466 1678 630 1745 conversis,
659 1693 852 1751 quaeeunque
872 1693 907 1728 ea
920 1673 1054 1750 paterna
1073 1672 1261 1730 haereditate
1277 1674 1328 1731 lu-

99 1805 271 1864 bentesrsm
292 1791 422 1861 ardudm
441 1812 615 1880 suscepturo
634 1803 950 1880 suppeditaveramus,
970 1824 1052 1878 sam,
1072 1811 1230 1881 quaejam
1248 1807 1327 1865 alio·

99 1957 169 1994 rum
194 1937 356 2017 diligentia
380 1937 560 1994 adumbrata
581 1935 788 2012 quodammodo
814 1944 899 2008 erat,
926 1941 1092 2013 imaginem
1122 1943 1165 1995 sie
1192 1909 1327 1997 omnibus

99 2075 233 2126 numeris
243 2069 408 2127 absolutam
418 2068 572 2144 prodidit,
590 2075 626 2123 ut
636 2049 749 2123 neeesse
759 2073 819 2140 sit,
840 2073 893 2144 qui
904 2072 1087 2124 intueantur
1105 2088 1187 2142 sam,
1205 2078 1324 2126 enotare

98 2206 288 2260 consentiant
309 2200 456 2278 quidquid
478 2192 513 2257 σὲ·
537 2203 603 2254 uiro
622 2197 877 2256 desideratissimo
895 2206 1084 2272 amaverint,
1103 2200 1251 2277 quidquid
1269 2201 1324 2258 ad-

96 2339 205 2391 mirati
216 2334 354 2407 suerint.
387 2329 454 2391 Non
474 2349 640 2406 persequar
661 2331 795 2406 equidem
821 2331 914 2404 liujus
938 2330 1013 2386 libri
1042 2330 1164 2406 laudes,
1192 2352 1323 2410 quarum

95 2463 171 2522 ulios
190 2484 250 2522 esse
270 2465 358 2522 eslim
375 2483 459 2521 aeros
478 2472 508 2521 st
527 2461 668 2520 candidos
680 2469 915 2520 existimatores:
932 2470 1054 2520 tantum
1072 2464 1138 2522 disi
1147 2509 1155 2537 ,
1175 2472 1321 2541 quantam

96 2602 217 2654 animus
228 2571 330 2672 jussit
346 2602 523 2675 qratisse'neo
541 2615 628 2653 sensu
646 2595 793 2670 perfusus
808 2599 977 2670 atpaternd
997 2600 1141 2688 memoria
1156 2591 1199 2655 sie'
1214 2605 1322 2673 optime

93 2734 487 2807 perpetuo'pergaoisurus,
506 2735 542 2784 ut
565 2728 787 2785 commendatae
810 2727 846 2784 ab
867 2711 926 2784 illo
935 2727 1111 2804 plenissime
1135 2750 1246 2788 memor
1258 2732 1322 2806 fu-

95 2869 186 2918 turus
202 2869 253 2919 sit.

134 2992 194 3052 Hie
220 3001 322 3073 igitur
345 2994 494 3067 omnibus,
514 2999 567 3070 qui
591 2993 697 3051 luorum
719 2991 744 3050 I
746 3000 823 3052 niti
830 3013 931 3051 orum
951 3000 1126 3072 scriptorem
1147 3014 1318 3074 eognososrs

93 3134 229 3204 cupient,
249 3127 499 3202 locupletissimus
515 3134 624 3184 auetor
634 3132 715 3200 erit,·
733 3148 779 3184 me
789 3147 857 3185 aero
868 3126 1099 3204 quamuislsaud
1117 3127 1267 3185 dedeceret
1283 3150 1318 3186 ae

30 3249 34 3258 ’
93 3281 274 3338 summopere
285 3266 417 3336 juvaret
434 3259 468 3316 ds
486 3267 595 3337 optimo
608 3263 848 3337 patrsreserre,
868 3270 985 3338 tamen,
1004 3266 1145 3337 quoniam
1159 3267 1211 3317 oie
1228 3261 1318 3338 quid-

93 3378 182 3471 quam
199 3394 339 3469 proferre
354 3399 482 3467 possim,
504 3393 580 3470 qued
599 3365 653 3450 ille
670 3415 728 3452 non
749 3400 958 3452 amantissime
974 3398 1184 3469 uerissimeque
1203 3402 1233 3451 et
1250 3413 1317 3451 sero

92 3531 222 3584 manime
246 3497 398 3582 enuollate
425 3531 579 3602 esposuit,
604 3532 722 3584 omnino
743 3489 843 3583 tacere
857 3532 999 3602 praestat
1023 3543 1112 3601 quam
1129 3532 1238 3600 pausis
1265 3526 1318 3584 ab·

92 3658 211 3717 soluere.
254 3655 460 3716 Veruntamen
490 3665 526 3714 ut
552 3657 630 3715 milei
658 3657 715 3714 illa
742 3657 854 3736 legonti
881 3664 977 3715 erevit
1000 3663 1050 3714 oia
1075 3659 1196 3716 sedatas
1219 3658 1315 3729 dolor,

90 3797 243 3868 inprimis
259 3791 442 3863 attendenti,
462 3791 587 3867 qualia,
606 3798 642 3845 ut
646 3789 800 3865 prodesset
811 3811 900 3867 quaen
916 3788 1079 3866 plurimis,
1099 3791 1226 3848 seribere
1238 3809 1315 3866 par-

91 3930 148 3980 tim
162 3929 320 3999 coepisset,
333 3930 450 3999 partim
460 3927 664 3980 instituturus
675 3921 849 3996 rideretur,
870 3927 918 3978 ita
926 3931 1016 3979 auoit
1025 3924 1152 3982 dolorem
1166 3931 1314 3999 perpetua

90 4061 187 4132 ipsius
196 4055 324 4131 liujuseo
334 4060 432 4131 operis
446 4074 532 4128 eura,
555 4071 644 4130 qaam
661 4059 763 4130 patris
782 4054 863 4112 obitu
881 4055 958 4112 milii
975 4055 1152 4112 mandatam
1171 4055 1313 4112 ridebam.

91 4187 377 4265 Mirum,quamdiu
386 4174 954 4264 leaeophilosophiaePlatonieas
972 4161 1314 4244 Initiamanibusosr·

92 4321 205 4393 solane,
225 4326 252 4377 si
261 4319 340 4410 lune
357 4321 490 4397 equidem
499 4329 535 4378 er
546 4319 688 4397 diligenti
702 4323 941 4398 gratissimoque
954 4318 1026 4376 libri
1039 4318 1162 4386 lectiam
1164 4319 1312 4391 sruetum

87 4451 222 4530 pere'epi,
234 4461 282 4526 ut,
300 4473 375 4529 quoe
386 4452 671 4529 literisoonsignata
689 4449 830 4529 legerem,
849 4459 994 4530 tanquam
1005 4473 1054 4511 ors
1071 4450 1168 4510 odlsue
1184 4459 1311 4528 paterno
