2908 5114
663 287 722 350 tot

77 451 284 530 infinitumque
303 448 493 512 intervallum
512 462 571 525 est,
592 470 650 529 quo
670 471 686 510 a
705 450 792 512 rebus
811 449 923 512 divinis
942 450 1105 532 humanae,
1135 457 1172 520 ab
1200 457 1310 520 intelli·
1334 463 1342 476 ’

75 548 217 632 gibilibus
245 547 418 630 spectabiles
446 561 625 631 separantpr.
667 548 858 627 Quamobrem
893 549 972 611 Deus
988 549 1014 610 a'
1041 554 1166 632 Patous,
1197 559 1309 618 mmetsi

75 664 102 708 et
121 651 185 730 ipse
204 639 309 729 νοητὸς
331 658 359 707 et
378 647 411 706 in
429 645 528 730 νοητῷ
543 649 605 710 loco
625 663 764 726 versatus,
784 640 840 729 τήν
860 638 1146 732 ailqr,spectabilem
1157 654 1311 731 mnndum,

74 770 133 810 non
153 751 332 830 perfectum,
353 769 414 808 non
433 749 590 829 optimum,
613 761 645 806 ut
665 745 743 806 nihil
761 748 873 810 adesset
892 750 982 826 mali,
1013 748 1063 808 sed
1089 765 1233 830 quatenus
1251 746 1309 836 dte

72 847 180 923 ferret,
208 848 416 928 pulcerrimum
435 847 631 928 optimumque
651 843 777 908 effinxit.
802 844 831 927 1)
860 849 960 928 Itaque
978 848 1011 907 in
1024 848 1154 910 unoDeo
1169 855 1310 931 perfectio

72 965 181 1006 summa
200 960 261 1008 est:
282 945 407 1024 licetque
428 944 541 1005 bomini
562 944 600 1004 ad
610 943 692 1005 illam
702 945 735 1004 in
754 945 904 1007 inlinitum
913 944 1068 1027 procedere
1077 949 1309 1030 ,attingereeam

71 1042 172 1104 licebit
192 1064 352 1124 nunquam.
394 1043 501 1124 Siqua
521 1063 648 1122 unquam
669 1061 685 1100 a
703 1043 877 1125 philosopho
895 1045 1057 1124 excogitata
1077 1044 1231 1124 ratioest,
1251 1069 1308 1128 qua

71 1142 178 1222 optime
196 1154 225 1201 et
244 1141 513 1218 erudireturuomo
534 1155 562 1202 et
583 1140 621 1202 ad
640 1142 790 1208 veritatem
818 1142 1031 1218 adduceretur,
1060 1142 1245 1225 philosophia
1266 1159 1309 1206 est

71 1238 198 1300 Platonis
226 1255 254 1300 et
281 1241 352 1300 haec
382 1241 537 1322 praecipue
566 1241 600 1298 in
631 1261 663 1299 ea
691 1238 729 1300 dc
749 1240 823 1301 ideis
847 1242 990 1302 doctrina.
1033 1240 1080 1301 ld
1106 1243 1308 1323 sempiternam

69 1337 149 1398 illam
166 1338 392 1420 progressionem
411 1351 471 1398 tota
491 1350 600 1419 spectat
606 1382 615 1413 ,
637 1359 723 1416 quam
743 1359 780 1397 ex
799 1339 891 1419 ipsius
909 1340 1024 1420 scriptis
1044 1341 1247 1419 exposuimus,
1268 1343 1307 1404 de

69 1436 174 1496 artium
193 1435 474 1517 disciplinarumque
495 1436 599 1497 studiis
617 1435 793 1514 disquisitio.
837 1438 890 1497 Per
916 1451 990 1497 artes
1013 1458 1066 1496 nos
1093 1435 1146 1500 ille
1175 1439 1214 1500 ad
1239 1441 1306 1521 pul·

68 1551 167 1609 crum,
198 1555 251 1614 per
281 1533 453 1615 disciplinas
482 1534 520 1595 ad
540 1533 708 1610 veritatem,
729 1535 768 1596 ad
787 1533 884 1611 illud,
906 1535 985 1614 quod
1004 1535 1098 1614 ipsum
1117 1555 1219 1614 perse
1237 1550 1306 1601 me

68 1645 95 1690 et
111 1631 248 1712 pulcrum
266 1647 294 1694 et
313 1632 424 1694 bonum
443 1645 471 1692 et
491 1633 602 1710 justum
630 1646 819 1712 sanctumque
846 1648 907 1708 est,
938 1632 1043 1708 duxit,
1075 1643 1107 1690 ut
1134 1631 1173 1692 ad
1202 1635 1305 1696 horum

67 1728 200 1810 exempla
217 1731 344 1811 perfecta
363 1730 510 1810 quidquid
529 1731 705 1810 cogitamus,
735 1730 881 1810 quidquid
909 1731 1038 1810 agimus,
1067 1727 1213 1808 quidquid
1241 1754 1306 1813 per-

68 1827 195 1902 ficimus,
217 1829 412 1889 informemus.
455 1829 491 1888 ln
509 1827 563 1888 boc
584 1828 647 1909 ipso
667 1827 709 1889 ad
730 1829 882 1890 veritatem
902 1828 1007 1888 itinere
1025 1849 1086 1888 non
1096 1825 1135 1886 ad
1144 1828 1306 1906 sapientiae

67 1947 117 1986 nos
135 1926 302 2006 fastigium,
324 1940 357 1987 ut
376 1925 544 1986 Aristoteles
554 1971 563 2001 ,
586 1927 730 2006 extemplo
750 1927 867 1989 evexit:
894 1924 1000 2005 gradus
1018 1920 1304 2005 distinxitprogres

67 2024 172 2102 sionis,
196 2039 228 2086 nt
246 2028 283 2088 ab
303 2021 417 2110 εἰκασίᾳ
441 2028 479 2088 ad
499 2019 610 2097 πίστιν,
631 2027 702 2086 binc
724 2028 761 2088 ad
781 2015 925 2098 διάνοιαν,
955 2038 1017 2084 tum
1043 2021 1083 2081 ad
1112 2013 1214 2100 νόησιν
1233 2045 1304 2106 pro-

67 2121 248 2200 cederemus,
280 2140 308 2206 et
334 2125 375 2186 sic
406 2124 524 2204 quidem
553 2123 659 2186 sensim
678 2123 852 2205 placideque
868 2123 908 2184 ad
926 2125 1009 2198 veri,
1029 2112 1122 2180 αὐτοῦ
1142 2121 1197 2182 τοῦ
1218 2113 1304 2196 ὄντος

66 2222 233 2297 scientiam,
253 2222 491 2298 escenderemus3
513 2221 755 2302 pervenientibus
773 2234 869 2282 autem
889 2221 974 2281 nobis
992 2219 1031 2280 ad
1040 2241 1183 2282 summum
1194 2242 1301 2297 eorum,

66 2319 101 2380 ad
116 2310 237 2400 νόησιν,
259 2341 321 2380 non
338 2320 482 2382 mundum
498 2319 583 2380 nobis
600 2320 787 2398 omniumque
803 2337 900 2380 rerum
927 2337 1040 2376 caussas
1062 2317 1303 2400 contemplandas

66 2420 335 2501 perspiciendisque
353 2417 457 2492 dedit,
479 2415 530 2478 sed
551 2415 630 2477 ideas
650 2407 821 2496 proposuit,
846 2415 954 2495 quibus
971 2416 1205 2496 contemplandis
1234 2435 1303 2478 vere

66 2515 99 2575 de
116 2518 205 2576 rebus
222 2517 333 2597 pulcris
351 2515 493 2594 bonisque
513 2515 761 2588 existimaremus,
783 2532 892 2594 nosque
918 2513 975 2592 ipsi
992 2511 1094 2591 pulcre
1122 2513 1253 2591 beneque
1273 2527 1302 2574 et

62 2614 135 2690 juste
152 2617 253 2677 vivere
271 2627 299 2674 et
319 2634 401 2694 agere
419 2614 604 2674 disceremus.
645 2610 777 2690 Sapienti
789 2621 800 2684 ,'
824 2610 928 2671 divina
948 2610 1060 2669 fruenti
1080 2610 1300 2690 contemplandi

67 2711 223 2794 voluptate,
243 2713 336 2772 otioso
354 2731 414 2772 esse
431 2709 516 2770 licet:
539 2723 583 2770 ast
596 2709 678 2768 Plato
697 2707 920 2788 philosophum,
941 2707 1063 2784 quinon
1074 2720 1146 2765 esset
1164 2708 1299 2788 sapiens,

65 2808 113 2867 sed
129 2809 168 2870 ad
185 2810 359 2892 sapientiam
382 2806 536 2880 tenderet,
561 2804 677 2866 assidue
692 2804 780 2881 jussit
797 2804 837 2864 ad
857 2805 984 2885 perfecta
1010 2803 1143 2883 exempla
1163 2818 1192 2864 et
1211 2819 1300 2864 semet

66 2905 155 2985 ipsum
174 2922 263 2968 etres
282 2920 392 2966 suaset
423 2925 492 2968 veru
517 2903 630 2983 generis
655 2901 778 2961 humani
805 2903 918 2982 negotia
945 2901 1112 2980 gravissima
1141 2903 1297 2982 perficere:

65 3003 153 3064 Deum
171 3005 242 3066 adeo
259 3006 355 3086 ipsum
371 3002 537 3064 mortalium
558 3001 675 3080 generi,
697 3001 830 3078 quamvis
848 3000 1027 3081 perfectum,
1053 2999 1187 3079 quamvis
1204 3002 1300 3060 omnis

66 3101 248 3182 perfectionis
268 3103 416 3184 exemplar
434 3119 596 3190 summum,
626 3118 687 3157 non
716 3099 805 3157 otiose
823 3097 1067 3178 contemplantem
1085 3097 1181 3177 ipsum
1207 3119 1298 3160 mun-

66 3198 150 3275 dum,
170 3201 221 3262 sed
238 3214 367 3281 agentem
386 3198 548 3282 pariter'in
568 3195 681 3256 mundo
699 3195 753 3256 hoc
773 3217 841 3258 cum
861 3194 1034 3270 formando,
1063 3209 1125 3256 tum
1145 3195 1298 3259 moderan-

66 3294 117 3373 do,
138 3300 327 3379 spectandum
345 3297 577 3376 imitandumque
594 3288 740 3356 exhibuit.
1242 3293 1245 3296 ’

67 3489 169 3570 Quid
192 3509 372 3556 coustc'c
398 3515 486 3556 osae
518 3495 725 3566 dicamur,
751 3494 946 3566 cursore
967 3493 1067 3550 froco
1088 3490 1297 3551 Platonis

102 3593 145 3656 de
173 3595 288 3654 ideis
316 3595 519 3653 doctrino
546 3590 779 3650 multorum
809 3597 854 3648 in
876 3591 1254 3666 reprehensionem

536 3686 812 3748 incurrerit?

10 3961 12 3972 ,
102 3884 358 3948 considerantibus
388 3885 474 3947 nobis
500 3883 578 3946 lianc
607 3881 757 3944 doctrinae
785 3881 867 3942 illius
887 3903 953 3944 cum
972 3883 1200 3967 sublimitatem,
1229 3905 1292 3953 tum

64 3980 100 4040 ad
118 4003 162 4042 res
179 3983 372 4065 perficiendas
390 3983 532 4044 humanas
555 3982 616 4044 vim
647 3991 731 4058 atquc
750 3981 1014 4061 opportunitatem,
1044 3986 1150 4047 mirum
1179 3990 1291 4051 accidat

65 4097 172 4142 necesse
200 4096 261 4158 cst,
291 4083 423 4162 rejecisse
450 4102 511 4140 eam
541 4078 743 4152 Aristotelem,
774 4079 909 4158 omnique
936 4077 1044 4142 deinde
1073 4097 1165 4146 aetate
1190 4087 1291 4168 plures

63 4247 313 4268 Q*—

97 4361 126 4427 ¹)
147 4363 203 4420 Tim.
219 4361 262 4422 30.
279 4368 312 4420 A.
334 4358 506 4443 Βουληθεὶς
532 4351 590 4440 γάρ
613 4349 630 4416 o‘
651 4349 725 4430 θεός
751 4349 856 4436 cipedo*
882 4354 939 4438 μὲν
960 4355 1070 4440 πάντα,
1098 4362 1231 4448 φλαῦρον
1252 4365 1290 4427 δέ

65 4458 156 4541 μηδὲν
177 4458 247 4526 εἶναι
267 4459 355 4527 rocci
377 4455 540 4542 δύναμιν.
570 4465 616 4520 cn.
631 4467 708 4519 Initia
724 4483 749 4534 p.
766 4463 826 4518 362.
871 4535 873 4542 γ
