<?xml version="1.0" encoding="UTF-8"?>
<!DOCTYPE html PUBLIC "-//W3C//DTD XHTML 1.0 Transitional//EN"
    "http://www.w3.org/TR/xhtml1/DTD/xhtml1-transitional.dtd">
<html xmlns="http://www.w3.org/1999/xhtml" xml:lang="en" lang="en">
 <head>
  <title>
</title>
<meta http-equiv="Content-Type" content="text/html;charset=utf-8" />
  <meta name='ocr-system' content='tesseract 3.04.00' />
  <meta name='ocr-capabilities' content='ocr_page ocr_carea ocr_par ocr_line ocrx_word'/>
</head>
<body>
  <div class='ocr_page' id='page_1' title='image "./initiaphilosoph02heusgoog_0214.png"; bbox 0 0 2832 5120; ppageno 0'>
   <div class='ocr_carea' id='block_1_1' title="bbox 624 241 681 302">
    <p class='ocr_par' dir='ltr' id='par_1_1' title="bbox 624 241 681 302">
     <span class='ocr_line' id='line_1_1' title="bbox 624 241 681 302; baseline 0.07 -4"><span class='ocrx_word' id='word_1_1' title='bbox 624 241 681 302; x_wconf 84' lang='grc'><em>193</em></span> 
     </span>
    </p>
   </div>
   <div class='ocr_carea' id='block_1_2' title="bbox 6 393 1336 4046">
    <p class='ocr_par' dir='ltr' id='par_1_2' title="bbox 51 393 1271 2168">
     <span class='ocr_line' id='line_1_2' title="bbox 58 393 1267 488; baseline 0.011 -30"><span class='ocrx_word' id='word_1_2' title='bbox 58 393 144 478; x_wconf 70' lang='grc' dir='ltr'><em>ἕτερον</em></span> <span class='ocrx_word' id='word_1_3' title='bbox 156 393 299 460; x_wconf 78' lang='grc' dir='ltr'><strong><em>Φίλιππον</em></strong></span> <span class='ocrx_word' id='word_1_4' title='bbox 313 393 459 482; x_wconf 72' lang='grc' dir='ltr'><em>ποιήσετε,</em></span> <span class='ocrx_word' id='word_1_5' title='bbox 473 393 563 484; x_wconf 77' lang='grc' dir='ltr'><strong><em>ἄνπερ</em></strong></span> <span class='ocrx_word' id='word_1_6' title='bbox 583 395 663 464; x_wconf 76' lang='grc' dir='ltr'>οὕτω</span> <span class='ocrx_word' id='word_1_7' title='bbox 681 399 845 485; x_wconf 73' lang='grc' dir='ltr'><strong><em>προσέχητε</em></strong></span> <span class='ocrx_word' id='word_1_8' title='bbox 868 407 928 479; x_wconf 81' lang='grc' dir='ltr'><em>τοῖς</em></span> <span class='ocrx_word' id='word_1_9' title='bbox 949 401 1103 488; x_wconf 78' lang='grc' dir='ltr'><em>πράγμασι</em></span> <span class='ocrx_word' id='word_1_10' title='bbox 1120 404 1171 470; x_wconf 77' lang='grc' dir='ltr'><em>τόν</em></span> <span class='ocrx_word' id='word_1_11' title='bbox 1188 412 1267 472; x_wconf 78' lang='grc' dir='ltr'>νοῦν·</span> 
     </span>
     <span class='ocr_line' id='line_1_3' title="bbox 56 491 1268 596; baseline 0.012 -37"><span class='ocrx_word' id='word_1_12' title='bbox 56 494 117 559; x_wconf 76' lang='lat' dir='ltr'><em>aridi</em></span> <span class='ocrx_word' id='word_1_13' title='bbox 135 495 189 583; x_wconf 69' lang='grc' dir='ltr'><em>γάρ</em></span> <span class='ocrx_word' id='word_1_14' title='bbox 210 491 296 578; x_wconf 79' lang='grc' dir='ltr'><em>οὗτος</em></span> <span class='ocrx_word' id='word_1_15' title='bbox 315 497 396 584; x_wconf 78' lang='lat' dir='ltr'><em>uaqei</em></span> <span class='ocrx_word' id='word_1_16' title='bbox 418 497 474 586; x_wconf 76' lang='grc' dir='ltr'><em>την</em></span> <span class='ocrx_word' id='word_1_17' title='bbox 495 499 588 567; x_wconf 72' lang='lat' dir='ltr'><em>oleat</em></span> <span class='ocrx_word' id='word_1_18' title='bbox 608 500 714 590; x_wconf 78' lang='grc' dir='ltr'><strong><em>ῥώμην</em></strong></span> <span class='ocrx_word' id='word_1_19' title='bbox 733 508 875 570; x_wconf 83' lang='grc' dir='ltr'><em>τοσοῦτον</em></span> <span class='ocrx_word' id='word_1_20' title='bbox 896 503 1071 591; x_wconf 75' lang='grc' dir='ltr'><em>ἐπηύξηται,</em></span> <span class='ocrx_word' id='word_1_21' title='bbox 1094 503 1165 572; x_wconf 82' lang='grc' dir='ltr'>ὅσον</span> <span class='ocrx_word' id='word_1_22' title='bbox 1185 509 1268 596; x_wconf 79' lang='lat' dir='ltr'><em>uaqoi</em></span> 
     </span>
     <span class='ocr_line' id='line_1_4' title="bbox 54 595 1267 691; baseline 0.012 -30"><span class='ocrx_word' id='word_1_23' title='bbox 54 597 101 680; x_wconf 73' lang='grc' dir='ltr'><em>τήν</em></span> <span class='ocrx_word' id='word_1_24' title='bbox 128 595 270 684; x_wconf 70' lang='grc' dir='ltr'><em>η’μετὲραν</em></span> <span class='ocrx_word' id='word_1_25' title='bbox 301 600 448 684; x_wconf 67' lang='grc' dir='ltr'><em>ἀμέλειαν*</em></span> <span class='ocrx_word' id='word_1_26' title='bbox 500 611 707 688; x_wconf 80' lang='lat' dir='ltr'><em>quandonam,</em></span> <span class='ocrx_word' id='word_1_27' title='bbox 740 611 956 686; x_wconf 80' lang='lat' dir='ltr'><em>Athenienses,</em></span> <span class='ocrx_word' id='word_1_28' title='bbox 986 615 1104 691; x_wconf 83' lang='lat' dir='ltr'><em>quando</em></span> <span class='ocrx_word' id='word_1_29' title='bbox 1125 615 1267 676; x_wconf 83' lang='lat' dir='ltr'><em>&#39;tandem</em></span> 
     </span>
     <span class='ocr_line' id='line_1_5' title="bbox 53 707 1270 790; baseline 0.009 -29"><span class='ocrx_word' id='word_1_30' title='bbox 53 707 82 762; x_wconf 82' lang='lat' dir='ltr'><em>id</em></span> <span class='ocrx_word' id='word_1_31' title='bbox 103 709 174 784; x_wconf 83' lang='lat' dir='ltr'><em>quod</em></span> <span class='ocrx_word' id='word_1_32' title='bbox 199 720 311 786; x_wconf 79' lang='lat' dir='ltr'><em>oportet</em></span> <span class='ocrx_word' id='word_1_33' title='bbox 330 710 485 785; x_wconf 80' lang='lat' dir='ltr'><em>societis?</em></span> <span class='ocrx_word' id='word_1_34' title='bbox 517 707 598 788; x_wconf 81' lang='lat' dir='ltr'><em>Quid</em></span> <span class='ocrx_word' id='word_1_35' title='bbox 617 711 697 786; x_wconf 84' lang='lat' dir='ltr'><em>fleri</em></span> <span class='ocrx_word' id='word_1_36' title='bbox 715 719 786 767; x_wconf 83' lang='lat' dir='ltr'><em>ante</em></span> <span class='ocrx_word' id='word_1_37' title='bbox 815 709 921 768; x_wconf 80' lang='lat' dir='ltr'><em>dolet?</em></span> <span class='ocrx_word' id='word_1_38' title='bbox 943 749 975 758; x_wconf 89' lang='grc'><strong>-</strong></span> <span class='ocrx_word' id='word_1_39' title='bbox 1000 711 1192 790; x_wconf 73' lang='lat' dir='ltr'><em>«Postquam</em></span> <span class='ocrx_word' id='word_1_40' title='bbox 1211 735 1270 790; x_wconf 84' lang='lat' dir='ltr'><em>per</em></span> 
     </span>
     <span class='ocr_line' id='line_1_6' title="bbox 52 805 1269 887; baseline 0.007 -25"><span class='ocrx_word' id='word_1_41' title='bbox 52 805 145 863; x_wconf 78' lang='lat' dir='ltr'><em>lovem</em></span> <span class='ocrx_word' id='word_1_42' title='bbox 173 817 333 866; x_wconf 77' lang='lat' dir='ltr'><em>necessitas</em></span> <span class='ocrx_word' id='word_1_43' title='bbox 359 817 513 867; x_wconf 72' lang='lat' dir='ltr'><em>coemerit</em></span> <span class='ocrx_word' id='word_1_44' title='bbox 531 809 686 886; x_wconf 81' lang='lat' dir='ltr'><em>quaedam.</em></span> <span class='ocrx_word' id='word_1_45' title='bbox 699 833 712 864; x_wconf 75' lang='lat' dir='ltr'><em>n</em></span> <span class='ocrx_word' id='word_1_46' title='bbox 746 807 836 866; x_wconf 83' lang='lat' dir='ltr'><em>Narro</em></span> <span class='ocrx_word' id='word_1_47' title='bbox 858 830 942 883; x_wconf 85' lang='lat' dir='ltr'><em>oero,</em></span> <span class='ocrx_word' id='word_1_48' title='bbox 964 831 1038 887; x_wconf 85' lang='lat' dir='ltr'><em>quae</em></span> <span class='ocrx_word' id='word_1_49' title='bbox 1065 819 1269 886; x_wconf 78' lang='lat' dir='ltr'><em>restiterunt,</em></span> 
     </span>
     <span class='ocr_line' id='line_1_7' title="bbox 53 906 1270 996; baseline 0.007 -37"><span class='ocrx_word' id='word_1_50' title='bbox 53 906 146 980; x_wconf 82' lang='lat' dir='ltr'><em>qualia</em></span> <span class='ocrx_word' id='word_1_51' title='bbox 160 907 297 982; x_wconf 81' lang='lat' dir='ltr'><em>putanda</em></span> <span class='ocrx_word' id='word_1_52' title='bbox 311 907 402 965; x_wconf 76' lang='lat' dir='ltr'><em>saort?</em></span> <span class='ocrx_word' id='word_1_53' title='bbox 422 907 486 989; x_wconf 82' lang='lat' dir='ltr'><em>Ego</em></span> <span class='ocrx_word' id='word_1_54' title='bbox 501 915 580 996; x_wconf 71' lang='lat' dir='ltr'><em>quim</em></span> <span class='ocrx_word' id='word_1_55' title='bbox 596 915 738 987; x_wconf 74' lang='lat' dir='ltr'><em>ingenuis</em></span> <span class='ocrx_word' id='word_1_56' title='bbox 754 908 921 966; x_wconf 77' lang='lat' dir='ltr'><em>homiuibus</em></span> <span class='ocrx_word' id='word_1_57' title='bbox 936 917 1143 967; x_wconf 80' lang='lat' dir='ltr'><em>necessitatem</em></span> <span class='ocrx_word' id='word_1_58' title='bbox 1161 912 1270 990; x_wconf 81' lang='lat' dir='ltr'><em>ogerede&#39;</em></span> 
     </span>
     <span class='ocr_line' id='line_1_8' title="bbox 52 1005 1269 1086; baseline 0.006 -27"><span class='ocrx_word' id='word_1_59' title='bbox 52 1011 204 1062; x_wconf 71' lang='lat' dir='ltr'><em>maximam</em></span> <span class='ocrx_word' id='word_1_60' title='bbox 227 1015 321 1082; x_wconf 82' lang='lat' dir='ltr'><em>puto,</em></span> <span class='ocrx_word' id='word_1_61' title='bbox 346 1007 452 1064; x_wconf 66' lang='lat' dir='ltr'><em>aarum</em></span> <span class='ocrx_word' id='word_1_62' title='bbox 478 1017 635 1086; x_wconf 83' lang='lat' dir='ltr'><em>gestarum</em></span> <span class='ocrx_word' id='word_1_63' title='bbox 663 1006 816 1082; x_wconf 82' lang='lat' dir='ltr'><em>paedorem.</em></span> <span class='ocrx_word' id='word_1_64' title='bbox 861 1005 1001 1064; x_wconf 73' lang='lat' dir='ltr'><em>Veterem</em></span> <span class='ocrx_word' id='word_1_65' title='bbox 1021 1030 1069 1066; x_wconf 85' lang='lat' dir='ltr'><em>vos</em></span> <span class='ocrx_word' id='word_1_66' title='bbox 1084 1029 1143 1086; x_wconf 83' lang='lat' dir='ltr'><em>per</em></span> <span class='ocrx_word' id='word_1_67' title='bbox 1155 1011 1269 1083; x_wconf 85' lang='lat' dir='ltr'><em>foram</em></span> 
     </span>
     <span class='ocr_line' id='line_1_9' title="bbox 52 1091 1264 1184; baseline 0.004 -27"><span class='ocrx_word' id='word_1_68' title='bbox 52 1103 228 1160; x_wconf 81' lang='lat' dir='ltr'><em>ambulantes</em></span> <span class='ocrx_word' id='word_1_69' title='bbox 258 1112 411 1162; x_wconf 78' lang='lat' dir='ltr'><em>sciscitari</em></span> <span class='ocrx_word' id='word_1_70' title='bbox 441 1107 476 1162; x_wconf 84' lang='lat' dir='ltr'><em>al</em></span> <span class='ocrx_word' id='word_1_71' title='bbox 506 1107 579 1163; x_wconf 85' lang='lat' dir='ltr'><em>altis</em></span> <span class='ocrx_word' id='word_1_72' title='bbox 605 1091 681 1160; x_wconf 73' lang='lat' dir='ltr'><em>olle.-</em></span> <span class='ocrx_word' id='word_1_73' title='bbox 714 1105 786 1161; x_wconf 76' lang='lat' dir='ltr'><em>«deo</em></span> <span class='ocrx_word' id='word_1_74' title='bbox 809 1105 902 1177; x_wconf 82' lang='lat' dir='ltr'><em>cethi,</em></span> <span class='ocrx_word' id='word_1_75' title='bbox 925 1113 993 1162; x_wconf 82' lang='lat' dir='ltr'><em>aoot</em></span> <span class='ocrx_word' id='word_1_76' title='bbox 1009 1107 1083 1184; x_wconf 83' lang='lat' dir='ltr'><em>quid</em></span> <span class='ocrx_word' id='word_1_77' title='bbox 1101 1106 1264 1164; x_wconf 77' lang='lat' dir='ltr'><em>aectdttl»</em></span> 
     </span>
     <span class='ocr_line' id='line_1_10' title="bbox 52 1198 1267 1284; baseline 0.006 -28"><span class='ocrx_word' id='word_1_78' title='bbox 52 1198 189 1259; x_wconf 66' lang='lat' dir='ltr'><em>Accidere</em></span> <span class='ocrx_word' id='word_1_79' title='bbox 214 1223 281 1260; x_wconf 82' lang='lat' dir='ltr'><em>cero</em></span> <span class='ocrx_word' id='word_1_80' title='bbox 311 1204 429 1280; x_wconf 80' lang='lat' dir='ltr'><em>ottqaet</em></span> <span class='ocrx_word' id='word_1_81' title='bbox 447 1212 546 1284; x_wconf 68' lang='lat' dir='ltr'><em>magis</em></span> <span class='ocrx_word' id='word_1_82' title='bbox 560 1223 669 1260; x_wconf 81' lang='lat' dir='ltr'><em>reorum</em></span> <span class='ocrx_word' id='word_1_83' title='bbox 680 1212 792 1279; x_wconf 87' lang='lat' dir='ltr'><em>potest,</em></span> <span class='ocrx_word' id='word_1_84' title='bbox 814 1221 903 1280; x_wconf 80' lang='lat' dir='ltr'><em>qaam</em></span> <span class='ocrx_word' id='word_1_85' title='bbox 920 1203 1066 1262; x_wconf 80' lang='lat' dir='ltr'><em>lacrimem</em></span> <span class='ocrx_word' id='word_1_86' title='bbox 1081 1205 1267 1263; x_wconf 79' lang='lat' dir='ltr'><em>Macedonem</em></span> 
     </span>
     <span class='ocr_line' id='line_1_11' title="bbox 52 1296 1271 1379; baseline 0.007 -25"><span class='ocrx_word' id='word_1_87' title='bbox 52 1296 242 1359; x_wconf 74' lang='lat' dir='ltr'><em>Athenienses</em></span> <span class='ocrx_word' id='word_1_88' title='bbox 271 1303 343 1360; x_wconf 86' lang='lat' dir='ltr'><em>lello</em></span> <span class='ocrx_word' id='word_1_89' title='bbox 363 1323 502 1379; x_wconf 79' lang='lat' dir='ltr'><em>premere</em></span> <span class='ocrx_word' id='word_1_90' title='bbox 528 1323 563 1359; x_wconf 92' lang='lat' dir='ltr'><em>ac</em></span> <span class='ocrx_word' id='word_1_91' title='bbox 590 1322 639 1359; x_wconf 85' lang='lat' dir='ltr'><em>res</em></span> <span class='ocrx_word' id='word_1_92' title='bbox 668 1301 893 1358; x_wconf 79' lang='lat' dir='ltr'><em>administrare</em></span> <span class='ocrx_word' id='word_1_93' title='bbox 914 1300 1120 1360; x_wconf 79' lang='lat' dir='ltr'><em>Graecorum?</em></span> <span class='ocrx_word' id='word_1_94' title='bbox 1166 1303 1271 1362; x_wconf 73' lang='lat' dir='ltr'><em>«Mor-</em></span> 
     </span>
     <span class='ocr_line' id='line_1_12' title="bbox 52 1397 1265 1481; baseline 0.005 -29"><span class='ocrx_word' id='word_1_95' title='bbox 52 1407 153 1456; x_wconf 81' lang='lat' dir='ltr'><em>toasno</em></span> <span class='ocrx_word' id='word_1_96' title='bbox 185 1409 230 1457; x_wconf 79' lang='lat' dir='ltr'><em>est</em></span> <span class='ocrx_word' id='word_1_97' title='bbox 261 1399 474 1476; x_wconf 79' lang='lat' dir='ltr'><em>Philippaslo</em></span> <span class='ocrx_word' id='word_1_98' title='bbox 497 1427 525 1436; x_wconf 77' lang='lat'><em>—-</em></span> <span class='ocrx_word' id='word_1_99' title='bbox 562 1397 653 1457; x_wconf 72' lang='lat' dir='ltr'><em>«Non</em></span> <span class='ocrx_word' id='word_1_100' title='bbox 687 1409 749 1473; x_wconf 88' lang='lat' dir='ltr'><em>ost,</em></span> <span class='ocrx_word' id='word_1_101' title='bbox 774 1419 833 1475; x_wconf 82' lang='lat' dir='ltr'><em>per</em></span> <span class='ocrx_word' id='word_1_102' title='bbox 861 1398 999 1458; x_wconf 82' lang='lat' dir='ltr'><em>docem.»</em></span> <span class='ocrx_word' id='word_1_103' title='bbox 1022 1427 1057 1436; x_wconf 92' lang='lat'><em>-</em></span> <span class='ocrx_word' id='word_1_104' title='bbox 1090 1400 1265 1481; x_wconf 79' lang='lat' dir='ltr'><em>«Aegrotat</em></span> 
     </span>
     <span class='ocr_line' id='line_1_13' title="bbox 52 1495 1266 1577; baseline 0.003 -25"><span class='ocrx_word' id='word_1_105' title='bbox 52 1497 208 1554; x_wconf 70' lang='grc'><strong>11107»-</strong></span> <span class='ocrx_word' id='word_1_106' title='bbox 243 1496 323 1577; x_wconf 84' lang='lat' dir='ltr'><em>Qatd</em></span> <span class='ocrx_word' id='word_1_107' title='bbox 352 1508 453 1556; x_wconf 82' lang='lat' dir='ltr'><em>autem</em></span> <span class='ocrx_word' id='word_1_108' title='bbox 482 1500 575 1575; x_wconf 82' lang='lat' dir='ltr'><em>lajas</em></span> <span class='ocrx_word' id='word_1_109' title='bbox 601 1505 648 1555; x_wconf 80' lang='lat' dir='ltr'><em>rei</em></span> <span class='ocrx_word' id='word_1_110' title='bbox 676 1508 778 1556; x_wconf 82' lang='lat' dir='ltr'><em>oestro</em></span> <span class='ocrx_word' id='word_1_111' title='bbox 804 1497 954 1556; x_wconf 76' lang='lat' dir='ltr'><em>interest?</em></span> <span class='ocrx_word' id='word_1_112' title='bbox 976 1495 1056 1556; x_wconf 83' lang='lat' dir='ltr'><em>Nam</em></span> <span class='ocrx_word' id='word_1_113' title='bbox 1075 1507 1101 1557; x_wconf 84' lang='lat' dir='ltr'><em>et</em></span> <span class='ocrx_word' id='word_1_114' title='bbox 1119 1506 1173 1556; x_wconf 85' lang='lat' dir='ltr'><em>isti</em></span> <span class='ocrx_word' id='word_1_115' title='bbox 1193 1499 1266 1576; x_wconf 81' lang='lat' dir='ltr'><em>qaid</em></span> 
     </span>
     <span class='ocr_line' id='line_1_14' title="bbox 52 1597 1266 1674; baseline 0.003 -24"><span class='ocrx_word' id='word_1_116' title='bbox 52 1597 207 1672; x_wconf 59' lang='lat' dir='ltr'><em>occiderit,</em></span> <span class='ocrx_word' id='word_1_117' title='bbox 227 1619 277 1656; x_wconf 89' lang='lat' dir='ltr'><em>oos</em></span> <span class='ocrx_word' id='word_1_118' title='bbox 286 1600 367 1656; x_wconf 81' lang='lat' dir='ltr'><em>brevi</em></span> <span class='ocrx_word' id='word_1_119' title='bbox 382 1599 478 1655; x_wconf 83' lang='lat' dir='ltr'><em>alium</em></span> <span class='ocrx_word' id='word_1_120' title='bbox 489 1597 668 1674; x_wconf 77' lang='lat' dir='ltr'><em>Philippum</em></span> <span class='ocrx_word' id='word_1_121' title='bbox 678 1599 810 1672; x_wconf 84' lang='lat' dir='ltr'><em>facietis</em></span> <span class='ocrx_word' id='word_1_122' title='bbox 820 1641 828 1668; x_wconf 93' lang='lat'><em>,</em></span> <span class='ocrx_word' id='word_1_123' title='bbox 839 1603 867 1653; x_wconf 83' lang='lat' dir='ltr'><em>ee&#39;</em></span> <span class='ocrx_word' id='word_1_124' title='bbox 875 1641 883 1669; x_wconf 89' lang='lat'><em>,</em></span> <span class='ocrx_word' id='word_1_125' title='bbox 896 1597 1138 1672; x_wconf 81' lang='lat' dir='ltr'><em>quemadmodum</em></span> <span class='ocrx_word' id='word_1_126' title='bbox 1149 1597 1266 1670; x_wconf 82' lang='lat' dir='ltr'><em>soletis,¹</em></span> 
     </span>
     <span class='ocr_line' id='line_1_15' title="bbox 51 1693 1266 1776; baseline 0.002 -27"><span class='ocrx_word' id='word_1_127' title='bbox 51 1702 79 1750; x_wconf 84' lang='lat' dir='ltr'><em>in</em></span> <span class='ocrx_word' id='word_1_128' title='bbox 105 1717 153 1754; x_wconf 83' lang='lat' dir='ltr'><em>ree</em></span> <span class='ocrx_word' id='word_1_129' title='bbox 176 1698 315 1773; x_wconf 81' lang='lat' dir='ltr'><em>publicas</em></span> <span class='ocrx_word' id='word_1_130' title='bbox 342 1698 527 1755; x_wconf 82' lang='lat' dir='ltr'><em>incumbitis.</em></span> <span class='ocrx_word' id='word_1_131' title='bbox 552 1693 581 1776; x_wconf 90' lang='lat' dir='ltr'><em>l)</em></span> <span class='ocrx_word' id='word_1_132' title='bbox 628 1695 714 1754; x_wconf 90' lang='lat' dir='ltr'><em>Hunc</em></span> <span class='ocrx_word' id='word_1_133' title='bbox 740 1696 829 1775; x_wconf 92' lang='lat' dir='ltr'><em>igitur</em></span> <span class='ocrx_word' id='word_1_134' title='bbox 857 1693 952 1752; x_wconf 88' lang='lat' dir='ltr'><em>locum</em></span> <span class='ocrx_word' id='word_1_135' title='bbox 979 1697 1045 1773; x_wconf 87' lang='lat' dir='ltr'><em>quis</em></span> <span class='ocrx_word' id='word_1_136' title='bbox 1074 1694 1162 1774; x_wconf 86' lang='lat' dir='ltr'><em>legit,</em></span> <span class='ocrx_word' id='word_1_137' title='bbox 1193 1693 1266 1772; x_wconf 88' lang='lat' dir='ltr'><em>quin</em></span> 
     </span>
     <span class='ocr_line' id='line_1_16' title="bbox 53 1790 1266 1874; baseline -0.002 -24"><span class='ocrx_word' id='word_1_138' title='bbox 53 1791 159 1867; x_wconf 79' lang='lat' dir='ltr'><em>videat,</em></span> <span class='ocrx_word' id='word_1_139' title='bbox 179 1791 252 1873; x_wconf 89' lang='lat' dir='ltr'><em>quid</em></span> <span class='ocrx_word' id='word_1_140' title='bbox 280 1792 359 1852; x_wconf 89' lang='lat' dir='ltr'><em>illud</em></span> <span class='ocrx_word' id='word_1_141' title='bbox 388 1795 425 1854; x_wconf 91' lang='lat' dir='ltr'><em>sit</em></span> <span class='ocrx_word' id='word_1_142' title='bbox 452 1792 530 1874; x_wconf 90' lang='lat' dir='ltr'><em>quod</em></span> <span class='ocrx_word' id='word_1_143' title='bbox 551 1793 698 1866; x_wconf 85' lang='lat' dir='ltr'><strong>diximus,</strong></span> <span class='ocrx_word' id='word_1_144' title='bbox 719 1790 876 1851; x_wconf 88' lang='lat' dir='ltr'><em>dicendum</em></span> <span class='ocrx_word' id='word_1_145' title='bbox 897 1813 956 1852; x_wconf 88' lang='lat' dir='ltr'><em>non</em></span> <span class='ocrx_word' id='word_1_146' title='bbox 976 1811 1036 1851; x_wconf 90' lang='lat' dir='ltr'><em>esse</em></span> <span class='ocrx_word' id='word_1_147' title='bbox 1057 1806 1088 1852; x_wconf 90' lang='lat' dir='ltr'><em>ut</em></span> <span class='ocrx_word' id='word_1_148' title='bbox 1106 1791 1266 1865; x_wconf 79' lang='lat' dir='ltr'><strong>scribitur,</strong></span> 
     </span>
     <span class='ocr_line' id='line_1_17' title="bbox 51 1888 1266 1971; baseline -0.001 -24"><span class='ocrx_word' id='word_1_149' title='bbox 51 1888 95 1948; x_wconf 89' lang='lat' dir='ltr'><em>sed</em></span> <span class='ocrx_word' id='word_1_150' title='bbox 119 1891 304 1953; x_wconf 88' lang='lat' dir='ltr'><em>scribendum</em></span> <span class='ocrx_word' id='word_1_151' title='bbox 333 1904 365 1950; x_wconf 93' lang='lat' dir='ltr'><em>ut</em></span> <span class='ocrx_word' id='word_1_152' title='bbox 394 1891 473 1971; x_wconf 92' lang='lat' dir='ltr'><em>loqui</em></span> <span class='ocrx_word' id='word_1_153' title='bbox 504 1891 645 1965; x_wconf 89' lang='lat' dir='ltr'><em>solemus,</em></span> <span class='ocrx_word' id='word_1_154' title='bbox 675 1891 854 1969; x_wconf 76' lang='lat' dir='ltr'><em>fateaturque</em></span> <span class='ocrx_word' id='word_1_155' title='bbox 881 1889 978 1965; x_wconf 90' lang='lat' dir='ltr'><em>idem,</em></span> <span class='ocrx_word' id='word_1_156' title='bbox 1006 1890 1059 1949; x_wconf 89' lang='lat' dir='ltr'><em>hac</em></span> <span class='ocrx_word' id='word_1_157' title='bbox 1078 1903 1138 1949; x_wconf 89' lang='lat' dir='ltr'><em>arte</em></span> <span class='ocrx_word' id='word_1_158' title='bbox 1157 1909 1266 1948; x_wconf 86' lang='lat' dir='ltr'><em>summa</em></span> 
     </span>
     <span class='ocr_line' id='line_1_18' title="bbox 53 1987 1266 2067; baseline 0.002 -23"><span class='ocrx_word' id='word_1_159' title='bbox 53 1989 213 2049; x_wconf 80' lang='lat' dir='ltr'><em>excelluisse</em></span> <span class='ocrx_word' id='word_1_160' title='bbox 248 1991 376 2049; x_wconf 89' lang='lat' dir='ltr'><em>omnium</em></span> <span class='ocrx_word' id='word_1_161' title='bbox 410 1992 533 2050; x_wconf 87' lang='lat' dir='ltr'><em>maxime</em></span> <span class='ocrx_word' id='word_1_162' title='bbox 565 1987 804 2061; x_wconf 84' lang='lat' dir='ltr'><em>Demosthenem,</em></span> <span class='ocrx_word' id='word_1_163' title='bbox 835 2003 952 2067; x_wconf 84' lang='lat' dir='ltr'><em>eamque</em></span> <span class='ocrx_word' id='word_1_164' title='bbox 991 1988 1105 2047; x_wconf 89' lang='lat' dir='ltr'><em>Platoni</em></span> <span class='ocrx_word' id='word_1_165' title='bbox 1133 1987 1266 2047; x_wconf 80' lang='lat' dir='ltr'><em>debuisse</em></span> 
     </span>
     <span class='ocr_line' id='line_1_19' title="bbox 53 2089 220 2168; baseline 0.024 -24"><span class='ocrx_word' id='word_1_166' title='bbox 53 2089 220 2168; x_wconf 80' lang='lat' dir='ltr'><em>praecipue?</em></span> 
     </span>
    </p>

    <p class='ocr_par' dir='ltr' id='par_1_3' title="bbox 53 2183 1336 3452">
     <span class='ocr_line' id='line_1_20' title="bbox 86 2183 1269 2267; baseline -0.003 -24"><span class='ocrx_word' id='word_1_167' title='bbox 86 2186 166 2245; x_wconf 91' lang='lat' dir='ltr'><em>Hanc</em></span> <span class='ocrx_word' id='word_1_168' title='bbox 185 2187 245 2248; x_wconf 87' lang='lat' dir='ltr'><em>vim</em></span> <span class='ocrx_word' id='word_1_169' title='bbox 254 2189 363 2261; x_wconf 83' lang='lat' dir='ltr'><em>formo</em></span> <span class='ocrx_word' id='word_1_170' title='bbox 380 2184 488 2267; x_wconf 75' lang='lat' dir='ltr'><em>dialogi</em></span> <span class='ocrx_word' id='word_1_171' title='bbox 507 2185 649 2246; x_wconf 79' lang='lat' dir='ltr'>Platonici</span> <span class='ocrx_word' id='word_1_172' title='bbox 673 2185 705 2243; x_wconf 90' lang='lat' dir='ltr'><em>in</em></span> <span class='ocrx_word' id='word_1_173' title='bbox 730 2184 880 2264; x_wconf 83' lang='lat' dir='ltr'><em>scriptores</em></span> <span class='ocrx_word' id='word_1_174' title='bbox 903 2196 1100 2263; x_wconf 79' lang='lat' dir='ltr'><em>oratoresque,</em></span> <span class='ocrx_word' id='word_1_175' title='bbox 1121 2185 1153 2242; x_wconf 87' lang='lat' dir='ltr'><em>in</em></span> <span class='ocrx_word' id='word_1_176' title='bbox 1183 2183 1269 2264; x_wconf 87' lang='lat' dir='ltr'><em>prin-</em></span> 
     </span>
     <span class='ocr_line' id='line_1_21' title="bbox 53 2281 1268 2363; baseline -0.001 -25"><span class='ocrx_word' id='word_1_177' title='bbox 53 2282 135 2362; x_wconf 87' lang='lat' dir='ltr'><em>cipem</em></span> <span class='ocrx_word' id='word_1_178' title='bbox 154 2283 225 2345; x_wconf 90' lang='lat' dir='ltr'><em>adeo</em></span> <span class='ocrx_word' id='word_1_179' title='bbox 242 2297 385 2345; x_wconf 85' lang='lat' dir='ltr'><em>oratorum</em></span> <span class='ocrx_word' id='word_1_180' title='bbox 404 2286 549 2359; x_wconf 89' lang='lat' dir='ltr'><em>omnium,</em></span> <span class='ocrx_word' id='word_1_181' title='bbox 575 2283 696 2358; x_wconf 79' lang='lat' dir='ltr'><em>habuit3</em></span> <span class='ocrx_word' id='word_1_182' title='bbox 719 2282 770 2341; x_wconf 90' lang='lat' dir='ltr'><em>sed</em></span> <span class='ocrx_word' id='word_1_183' title='bbox 790 2282 881 2363; x_wconf 82' lang='lat' dir='ltr'><em>ipsam</em></span> <span class='ocrx_word' id='word_1_184' title='bbox 899 2281 948 2340; x_wconf 80' lang='lat' dir='ltr'><em>hic</em></span> <span class='ocrx_word' id='word_1_185' title='bbox 968 2290 1033 2340; x_wconf 73' lang='lat' dir='ltr'><em>vem</em></span> <span class='ocrx_word' id='word_1_186' title='bbox 1052 2283 1268 2360; x_wconf 73' lang='lat' dir='ltr'><em>philosophiam</em></span> 
     </span>
     <span class='ocr_line' id='line_1_22' title="bbox 54 2379 1265 2463; baseline 0.002 -25"><span class='ocrx_word' id='word_1_187' title='bbox 54 2395 220 2460; x_wconf 86' lang='lat' dir='ltr'><em>spectamus,</em></span> <span class='ocrx_word' id='word_1_188' title='bbox 241 2405 326 2463; x_wconf 90' lang='lat' dir='ltr'><em>quam</em></span> <span class='ocrx_word' id='word_1_189' title='bbox 345 2383 425 2445; x_wconf 86' lang='lat' dir='ltr'><em>Plato</em></span> <span class='ocrx_word' id='word_1_190' title='bbox 445 2385 533 2444; x_wconf 79' lang='lat' dir='ltr'><em>forma</em></span> <span class='ocrx_word' id='word_1_191' title='bbox 556 2382 609 2440; x_wconf 87' lang='lat' dir='ltr'><em>illa</em></span> <span class='ocrx_word' id='word_1_192' title='bbox 629 2383 771 2456; x_wconf 87' lang='lat' dir='ltr'><em>maxime,</em></span> <span class='ocrx_word' id='word_1_193' title='bbox 793 2401 843 2439; x_wconf 88' lang='lat' dir='ltr'><em>suo</em></span> <span class='ocrx_word' id='word_1_194' title='bbox 863 2380 915 2440; x_wconf 90' lang='lat' dir='ltr'><em>illo</em></span> <span class='ocrx_word' id='word_1_195' title='bbox 935 2381 1047 2459; x_wconf 85' lang='lat' dir='ltr'><em>ipsique</em></span> <span class='ocrx_word' id='word_1_196' title='bbox 1065 2380 1180 2460; x_wconf 89' lang='lat' dir='ltr'><em>proprio</em></span> <span class='ocrx_word' id='word_1_197' title='bbox 1198 2379 1265 2440; x_wconf 86' lang='lat' dir='ltr'><em>scri-</em></span> 
     </span>
     <span class='ocr_line' id='line_1_23' title="bbox 53 2472 1265 2563; baseline 0.004 -27"><span class='ocrx_word' id='word_1_198' title='bbox 53 2478 134 2540; x_wconf 86' lang='lat' dir='ltr'><em>hendi</em></span> <span class='ocrx_word' id='word_1_199' title='bbox 161 2472 262 2563; x_wconf 74' lang='lat' dir='ltr'><em>genite</em></span> <span class='ocrx_word' id='word_1_200' title='bbox 288 2483 437 2563; x_wconf 77' lang='lat' dir='ltr'><em>expressit.</em></span> <span class='ocrx_word' id='word_1_201' title='bbox 488 2480 641 2540; x_wconf 84' lang='lat' dir='ltr'><em>Infinitum</em></span> <span class='ocrx_word' id='word_1_202' title='bbox 668 2493 709 2538; x_wconf 89' lang='lat' dir='ltr'><em>est</em></span> <span class='ocrx_word' id='word_1_203' title='bbox 738 2479 952 2554; x_wconf 87' lang='lat' dir='ltr'><em>demonstrare,</em></span> <span class='ocrx_word' id='word_1_204' title='bbox 976 2493 1116 2557; x_wconf 89' lang='lat' dir='ltr'><em>quantum</em></span> <span class='ocrx_word' id='word_1_205' title='bbox 1145 2503 1181 2540; x_wconf 76' lang='lat' dir='ltr'><em>ex</em></span> <span class='ocrx_word' id='word_1_206' title='bbox 1210 2481 1265 2541; x_wconf 89' lang='lat' dir='ltr'><em>hac</em></span> 
     </span>
     <span class='ocr_line' id='line_1_24' title="bbox 54 2576 1268 2661; baseline 0.001 -26"><span class='ocrx_word' id='word_1_207' title='bbox 54 2577 124 2639; x_wconf 83' lang='lat' dir='ltr'><em>sonte</em></span> <span class='ocrx_word' id='word_1_208' title='bbox 141 2581 309 2657; x_wconf 84' lang='lat' dir='ltr'><em>hauserint,</em></span> <span class='ocrx_word' id='word_1_209' title='bbox 329 2583 494 2661; x_wconf 80' lang='lat' dir='ltr'><em>quicunque</em></span> <span class='ocrx_word' id='word_1_210' title='bbox 514 2591 577 2659; x_wconf 89' lang='lat' dir='ltr'><em>post</em></span> <span class='ocrx_word' id='word_1_211' title='bbox 597 2577 810 2656; x_wconf 75' lang='lat' dir='ltr'><em>eum‘dialogos</em></span> <span class='ocrx_word' id='word_1_212' title='bbox 827 2577 1012 2657; x_wconf 80' lang='lat' dir='ltr'><em>scripserunt.</em></span> <span class='ocrx_word' id='word_1_213' title='bbox 1043 2576 1100 2636; x_wconf 87' lang='lat' dir='ltr'><em>Sed</em></span> <span class='ocrx_word' id='word_1_214' title='bbox 1120 2578 1168 2636; x_wconf 80' lang='lat' dir='ltr'><em>hic</em></span> <span class='ocrx_word' id='word_1_215' title='bbox 1183 2581 1268 2656; x_wconf 84' lang='lat' dir='ltr'><em>juvat</em></span> 
     </span>
     <span class='ocr_line' id='line_1_25' title="bbox 54 2675 1269 2760; baseline 0.001 -25"><span class='ocrx_word' id='word_1_216' title='bbox 54 2677 166 2756; x_wconf 88' lang='lat' dir='ltr'><em>iterum,</em></span> <span class='ocrx_word' id='word_1_217' title='bbox 193 2693 236 2740; x_wconf 89' lang='lat' dir='ltr'><em>ut&#39;</em></span> <span class='ocrx_word' id='word_1_218' title='bbox 252 2699 312 2738; x_wconf 89' lang='lat' dir='ltr'><em>rem</em></span> <span class='ocrx_word' id='word_1_219' title='bbox 338 2701 396 2740; x_wconf 91' lang='lat' dir='ltr'><em>uno</em></span> <span class='ocrx_word' id='word_1_220' title='bbox 422 2678 553 2760; x_wconf 75' lang='lat' dir='ltr'><em>exemplo</em></span> <span class='ocrx_word' id='word_1_221' title='bbox 582 2676 777 2750; x_wconf 85' lang='lat' dir='ltr'><em>declaremus,</em></span> <span class='ocrx_word' id='word_1_222' title='bbox 808 2675 941 2732; x_wconf 76' lang='lat' dir='ltr'><em>Luciam·</em></span> <span class='ocrx_word' id='word_1_223' title='bbox 970 2694 1123 2733; x_wconf 88' lang='lat' dir='ltr'><em>memorare</em></span> <span class='ocrx_word' id='word_1_224' title='bbox 1141 2675 1269 2757; x_wconf 82' lang='lat' dir='ltr'><em>dialogos</em></span> 
     </span>
     <span class='ocr_line' id='line_1_26' title="bbox 54 2772 1269 2855; baseline -0.002 -21"><span class='ocrx_word' id='word_1_225' title='bbox 54 2791 226 2839; x_wconf 88' lang='lat' dir='ltr'><em>mortuorum.</em></span> <span class='ocrx_word' id='word_1_226' title='bbox 268 2778 414 2838; x_wconf 89' lang='lat' dir='ltr'><em>Comicum</em></span> <span class='ocrx_word' id='word_1_227' title='bbox 431 2777 483 2836; x_wconf 89' lang='lat' dir='ltr'><em>ille</em></span> <span class='ocrx_word' id='word_1_228' title='bbox 501 2775 587 2835; x_wconf 91' lang='lat' dir='ltr'><em>simul</em></span> <span class='ocrx_word' id='word_1_229' title='bbox 612 2780 724 2855; x_wconf 74' lang='lat' dir='ltr'><em>peltam</em></span> <span class='ocrx_word' id='word_1_230' title='bbox 755 2787 782 2833; x_wconf 88' lang='lat' dir='ltr'><em>et</em></span> <span class='ocrx_word' id='word_1_231' title='bbox 801 2773 1006 2855; x_wconf 89' lang='lat' dir='ltr'><em>philosophum</em></span> <span class='ocrx_word' id='word_1_232' title='bbox 1027 2772 1153 2832; x_wconf 91' lang='lat' dir='ltr'><em>Stoicum</em></span> <span class='ocrx_word' id='word_1_233' title='bbox 1182 2775 1269 2854; x_wconf 87' lang='lat' dir='ltr'><em>egerit</em></span> 
     </span>
     <span class='ocr_line' id='line_1_27' title="bbox 54 2865 1268 2959; baseline -0.002 -27"><span class='ocrx_word' id='word_1_234' title='bbox 54 2889 95 2950; x_wconf 88' lang='lat' dir='ltr'><em>et,</em></span> <span class='ocrx_word' id='word_1_235' title='bbox 112 2865 328 2959; x_wconf 77' lang='lat' dir='ltr'><em>Aristophanem</em></span> <span class='ocrx_word' id='word_1_236' title='bbox 346 2878 462 2936; x_wconf 75' lang='lat' dir='ltr'><em>smitans</em></span> <span class='ocrx_word' id='word_1_237' title='bbox 471 2921 480 2950; x_wconf 92' lang='lat'><em>,</em></span> <span class='ocrx_word' id='word_1_238' title='bbox 501 2877 596 2957; x_wconf 87' lang='lat' dir='ltr'><em>ipsum</em></span> <span class='ocrx_word' id='word_1_239' title='bbox 624 2875 785 2947; x_wconf 87' lang='lat' dir='ltr'><em>Socratem,</em></span> <span class='ocrx_word' id='word_1_240' title='bbox 807 2875 934 2932; x_wconf 86' lang='lat' dir='ltr'><em>virorum</em></span> <span class='ocrx_word' id='word_1_241' title='bbox 954 2873 1214 2953; x_wconf 87' lang='lat' dir='ltr'><em>sapientissimum,</em></span> <span class='ocrx_word' id='word_1_242' title='bbox 1237 2885 1268 2930; x_wconf 86' lang='lat' dir='ltr'><em>ut</em></span> 
     </span>
     <span class='ocr_line' id='line_1_28' title="bbox 55 2969 1267 3056; baseline -0.003 -24"><span class='ocrx_word' id='word_1_243' title='bbox 55 2973 197 3054; x_wconf 89' lang='lat' dir='ltr'><em>sophistam</em></span> <span class='ocrx_word' id='word_1_244' title='bbox 216 2975 301 3036; x_wconf 87' lang='lat' dir='ltr'><em>nobis</em></span> <span class='ocrx_word' id='word_1_245' title='bbox 319 2975 445 3054; x_wconf 88' lang='lat' dir='ltr'><em>aliquem</em></span> <span class='ocrx_word' id='word_1_246' title='bbox 452 2973 633 3056; x_wconf 87' lang='lat' dir='ltr'><em>proposuerit</em></span> <span class='ocrx_word' id='word_1_247' title='bbox 643 2971 694 3053; x_wconf 84' lang='lat'><em>2),</em></span> <span class='ocrx_word' id='word_1_248' title='bbox 717 2970 794 3031; x_wconf 87' lang='lat' dir='ltr'><em>illud</em></span> <span class='ocrx_word' id='word_1_249' title='bbox 808 2969 966 3030; x_wconf 86' lang='lat' dir='ltr'><em>Socraticae</em></span> <span class='ocrx_word' id='word_1_250' title='bbox 981 2991 1040 3028; x_wconf 90' lang='lat' dir='ltr'><em>non</em></span> <span class='ocrx_word' id='word_1_251' title='bbox 1059 2971 1154 3028; x_wconf 90' lang='lat' dir='ltr'><em>miuus</em></span> <span class='ocrx_word' id='word_1_252' title='bbox 1160 3017 1168 3044; x_wconf 93' lang='lat'><em>,</em></span> <span class='ocrx_word' id='word_1_253' title='bbox 1182 2991 1267 3049; x_wconf 92' lang='lat' dir='ltr'><em>quam</em></span> 
     </span>
     <span class='ocr_line' id='line_1_29' title="bbox 55 3066 1267 3157; baseline -0.003 -27"><span class='ocrx_word' id='word_1_254' title='bbox 55 3070 153 3134; x_wconf 85' lang='lat' dir='ltr'><em>Stoicae</em></span> <span class='ocrx_word' id='word_1_255' title='bbox 169 3075 387 3157; x_wconf 89' lang='lat' dir='ltr'><em>philosophiae,</em></span> <span class='ocrx_word' id='word_1_256' title='bbox 408 3073 573 3154; x_wconf 84' lang='lat' dir='ltr'><em>praesertim</em></span> <span class='ocrx_word' id='word_1_257' title='bbox 593 3092 660 3134; x_wconf 80' lang='lat' dir='ltr'><em>vero</em></span> <span class='ocrx_word' id='word_1_258' title='bbox 677 3071 833 3133; x_wconf 87' lang='lat' dir='ltr'><em>Platonicis</em></span> <span class='ocrx_word' id='word_1_259' title='bbox 853 3068 976 3148; x_wconf 84' lang='lat' dir='ltr'><em>dialogis</em></span> <span class='ocrx_word' id='word_1_260' title='bbox 996 3066 1117 3138; x_wconf 88' lang='lat' dir='ltr'><em>debuit,</em></span> <span class='ocrx_word' id='word_1_261' title='bbox 1138 3081 1170 3126; x_wconf 90' lang='lat' dir='ltr'><em>ut</em></span> <span class='ocrx_word' id='word_1_262' title='bbox 1187 3089 1267 3126; x_wconf 84' lang='lat' dir='ltr'><em>mor-</em></span> 
     </span>
     <span class='ocr_line' id='line_1_30' title="bbox 56 3164 1267 3255; baseline -0.002 -28"><span class='ocrx_word' id='word_1_263' title='bbox 56 3182 157 3232; x_wconf 89' lang='lat' dir='ltr'><em>tuorum</em></span> <span class='ocrx_word' id='word_1_264' title='bbox 176 3173 247 3250; x_wconf 91' lang='lat' dir='ltr'><em>hos,</em></span> <span class='ocrx_word' id='word_1_265' title='bbox 267 3195 338 3252; x_wconf 89' lang='lat' dir='ltr'><em>quos</em></span> <span class='ocrx_word' id='word_1_266' title='bbox 361 3173 494 3255; x_wconf 87' lang='lat' dir='ltr'><em>scripsit,</em></span> <span class='ocrx_word' id='word_1_267' title='bbox 515 3170 643 3251; x_wconf 82' lang='lat' dir='ltr'><em>dialogos</em></span> <span class='ocrx_word' id='word_1_268' title='bbox 670 3184 751 3229; x_wconf 87' lang='lat' dir='ltr'><em>tanto</em></span> <span class='ocrx_word' id='word_1_269' title='bbox 774 3189 883 3249; x_wconf 90' lang='lat' dir='ltr'><em>semper</em></span> <span class='ocrx_word' id='word_1_270' title='bbox 911 3165 1007 3226; x_wconf 91' lang='lat' dir='ltr'><em>studio</em></span> <span class='ocrx_word' id='word_1_271' title='bbox 1032 3164 1154 3244; x_wconf 85' lang='lat' dir='ltr'><em>legerint</em></span> <span class='ocrx_word' id='word_1_272' title='bbox 1174 3165 1267 3246; x_wconf 91' lang='lat' dir='ltr'><em>philo·</em></span> 
     </span>
     <span class='ocr_line' id='line_1_31' title="bbox 57 3261 1268 3351; baseline -0.005 -23"><span class='ocrx_word' id='word_1_273' title='bbox 57 3271 138 3351; x_wconf 83' lang='lat' dir='ltr'><em>sophi.</em></span> <span class='ocrx_word' id='word_1_274' title='bbox 178 3275 256 3332; x_wconf 87' lang='lat' dir='ltr'><em>Hine</em></span> <span class='ocrx_word' id='word_1_275' title='bbox 279 3274 357 3333; x_wconf 90' lang='lat' dir='ltr'><em>enim</em></span> <span class='ocrx_word' id='word_1_276' title='bbox 382 3274 414 3331; x_wconf 88' lang='grc'><em>111</em></span> <span class='ocrx_word' id='word_1_277' title='bbox 440 3270 501 3330; x_wconf 92' lang='lat' dir='ltr'><em>illis</em></span> <span class='ocrx_word' id='word_1_278' title='bbox 528 3263 627 3350; x_wconf 82' lang='lat' dir='ltr'><em>graves</em></span> <span class='ocrx_word' id='word_1_279' title='bbox 646 3268 714 3327; x_wconf 87' lang='lat' dir='ltr'><em>illae</em></span> <span class='ocrx_word' id='word_1_280' title='bbox 734 3267 771 3327; x_wconf 92' lang='lat' dir='ltr'><em>de</em></span> <span class='ocrx_word' id='word_1_281' title='bbox 800 3285 904 3324; x_wconf 91' lang='lat' dir='ltr'><em>rerum·</em></span> <span class='ocrx_word' id='word_1_282' title='bbox 923 3261 1111 3323; x_wconf 88' lang='lat' dir='ltr'><em>humanarum</em></span> <span class='ocrx_word' id='word_1_283' title='bbox 1142 3265 1268 3322; x_wconf 86' lang='lat' dir='ltr'><em>vanitate</em></span> 
     </span>
     <span class='ocr_line' id='line_1_32' title="bbox 57 3361 1336 3452; baseline -0.005 -26"><span class='ocrx_word' id='word_1_284' title='bbox 57 3373 220 3431; x_wconf 86' lang='lat' dir='ltr'><em>sententiae:</em></span> <span class='ocrx_word' id='word_1_285' title='bbox 242 3384 303 3429; x_wconf 90' lang='lat' dir='ltr'><em>tum</em></span> <span class='ocrx_word' id='word_1_286' title='bbox 321 3370 548 3452; x_wconf 78' lang='lat' dir='ltr'><em>veroplacitum</em></span> <span class='ocrx_word' id='word_1_287' title='bbox 567 3369 681 3448; x_wconf 89' lang='lat' dir='ltr'><em>ipsum,</em></span> <span class='ocrx_word' id='word_1_288' title='bbox 702 3365 779 3446; x_wconf 92' lang='lat' dir='ltr'><em>quod</em></span> <span class='ocrx_word' id='word_1_289' title='bbox 796 3363 961 3424; x_wconf 86' lang='lat' dir='ltr'><em>dominatur</em></span> <span class='ocrx_word' id='word_1_290' title='bbox 985 3363 1017 3421; x_wconf 90' lang='lat' dir='ltr'><em>in</em></span> <span class='ocrx_word' id='word_1_291' title='bbox 1042 3361 1121 3435; x_wconf 88' lang='lat' dir='ltr'><em>illis,</em></span> <span class='ocrx_word' id='word_1_292' title='bbox 1141 3369 1174 3420; x_wconf 81' lang='lat' dir='ltr'><em>in</em></span> <span class='ocrx_word' id='word_1_293' title='bbox 1190 3367 1268 3438; x_wconf 82' lang='lat' dir='ltr'><em>infe·</em></span> <span class='ocrx_word' id='word_1_294' title='bbox 1333 3418 1336 3430; x_wconf 83' lang='grc'><strong>,</strong></span> 
     </span>
    </p>

    <p class='ocr_par' dir='ltr' id='par_1_4' title="bbox 6 3461 1270 4046">
     <span class='ocr_line' id='line_1_33' title="bbox 58 3461 1268 3549; baseline -0.004 -25"><span class='ocrx_word' id='word_1_295' title='bbox 58 3475 97 3525; x_wconf 80' lang='lat' dir='ltr'><em>rie</em></span> <span class='ocrx_word' id='word_1_296' title='bbox 112 3491 168 3529; x_wconf 82' lang='lat' dir='ltr'><em>esse</em></span> <span class='ocrx_word' id='word_1_297' title='bbox 179 3472 393 3549; x_wconf 81' lang='lat' dir='ltr'><em>aequalitatem</em></span> <span class='ocrx_word' id='word_1_298' title='bbox 405 3475 536 3527; x_wconf 81' lang='lat' dir='ltr'><em>omnium</em></span> <span class='ocrx_word' id='word_1_299' title='bbox 547 3468 697 3525; x_wconf 79' lang='lat' dir='ltr'><em>henricum</em></span> <span class='ocrx_word' id='word_1_300' title='bbox 709 3511 717 3539; x_wconf 92' lang='lat'><em>,</em></span> <span class='ocrx_word' id='word_1_301' title='bbox 739 3476 831 3522; x_wconf 78' lang='lat' dir='ltr'><em>aneas</em></span> <span class='ocrx_word' id='word_1_302' title='bbox 843 3469 970 3520; x_wconf 79' lang='lat' dir='ltr'><em>uirtutis</em></span> <span class='ocrx_word' id='word_1_303' title='bbox 980 3469 1130 3519; x_wconf 80' lang='lat' dir='ltr'><em>rationem</em></span> <span class='ocrx_word' id='word_1_304' title='bbox 1145 3461 1249 3520; x_wconf 77' lang='lat' dir='ltr'><em>tatere</em></span> <span class='ocrx_word' id='word_1_305' title='bbox 1260 3507 1268 3535; x_wconf 94' lang='lat'><em>,</em></span> 
     </span>
     <span class='ocr_line' id='line_1_34' title="bbox 6 3549 1268 3648; baseline -0.004 -25"><span class='ocrx_word' id='word_1_306' title='bbox 6 3549 8 3554; x_wconf 32' lang='lat'><strong><em>¹</em></strong></span> <span class='ocrx_word' id='word_1_307' title='bbox 59 3568 113 3642; x_wconf 90' lang='lat' dir='ltr'><em>quis</em></span> <span class='ocrx_word' id='word_1_308' title='bbox 136 3583 176 3628; x_wconf 87' lang='lat' dir='ltr'><em>est</em></span> <span class='ocrx_word' id='word_1_309' title='bbox 204 3589 288 3648; x_wconf 90' lang='lat' dir='ltr'><em>quem</em></span> <span class='ocrx_word' id='word_1_310' title='bbox 319 3568 424 3641; x_wconf 86' lang='lat' dir='ltr'><em>lateat,</em></span> <span class='ocrx_word' id='word_1_311' title='bbox 455 3586 469 3625; x_wconf 91' lang='lat' dir='ltr'><em>e</em></span> <span class='ocrx_word' id='word_1_312' title='bbox 499 3565 604 3646; x_wconf 86' lang='lat' dir='ltr'><em>Gorgia</em></span> <span class='ocrx_word' id='word_1_313' title='bbox 630 3563 707 3624; x_wconf 90' lang='lat' dir='ltr'><em>illud</em></span> <span class='ocrx_word' id='word_1_314' title='bbox 736 3563 880 3637; x_wconf 83' lang='lat' dir='ltr'><em>Platonis,</em></span> <span class='ocrx_word' id='word_1_315' title='bbox 907 3579 991 3639; x_wconf 90' lang='lat' dir='ltr'><em>quem</em></span> <span class='ocrx_word' id='word_1_316' title='bbox 1018 3557 1102 3618; x_wconf 89' lang='lat' dir='ltr'><em>modo</em></span> <span class='ocrx_word' id='word_1_317' title='bbox 1132 3558 1268 3638; x_wconf 86' lang='lat' dir='ltr'><em>legimus,</em></span> 
     </span>
     <span class='ocr_line' id='line_1_35' title="bbox 6 3651 1269 3742; baseline -0.002 -21"><span class='ocrx_word' id='word_1_318' title='bbox 6 3729 7 3742; x_wconf 22' lang='grc' dir='ltr'><strong><em>η</em></strong></span> <span class='ocrx_word' id='word_1_319' title='bbox 60 3661 165 3724; x_wconf 89' lang='lat' dir='ltr'><em>ductum</em></span> <span class='ocrx_word' id='word_1_320' title='bbox 184 3670 266 3728; x_wconf 82' lang='lat' dir='ltr'><em>esse?</em></span> <span class='ocrx_word' id='word_1_321' title='bbox 288 3667 323 3726; x_wconf 89' lang='lat' dir='ltr'><em>In</em></span> <span class='ocrx_word' id='word_1_322' title='bbox 342 3669 504 3726; x_wconf 86' lang='lat' dir='ltr'><em>memoriam</em></span> <span class='ocrx_word' id='word_1_323' title='bbox 523 3684 687 3725; x_wconf 87' lang='lat' dir='ltr'><em>revocemus</em></span> <span class='ocrx_word' id='word_1_324' title='bbox 715 3662 879 3741; x_wconf 87' lang='lat' dir='ltr'><em>dialogum,</em></span> <span class='ocrx_word' id='word_1_325' title='bbox 900 3660 950 3738; x_wconf 92' lang='lat' dir='ltr'><em>qui</em></span> <span class='ocrx_word' id='word_1_326' title='bbox 972 3651 1118 3736; x_wconf 77' lang='grc' dir='ltr'><em>Χάρωνος</em></span> <span class='ocrx_word' id='word_1_327' title='bbox 1138 3657 1187 3717; x_wconf 81' lang='grc' dir='ltr'><em>καὶ</em></span> <span class='ocrx_word' id='word_1_328' title='bbox 1206 3652 1269 3740; x_wconf 77' lang='grc' dir='ltr'><em>Ἐρ-</em></span> 
     </span>
     <span class='ocr_line' id='line_1_36' title="bbox 6 3755 1270 3847; baseline -0.006 -20"><span class='ocrx_word' id='word_1_329' title='bbox 6 3755 8 3840; x_wconf 27' lang='grc' dir='ltr'>ζ</span> <span class='ocrx_word' id='word_1_330' title='bbox 59 3761 111 3837; x_wconf 76' lang='lat' dir='ltr'><em>‚uod</em></span> <span class='ocrx_word' id='word_1_331' title='bbox 129 3765 306 3826; x_wconf 86' lang='lat' dir='ltr'><em>inscribitur.</em></span> <span class='ocrx_word' id='word_1_332' title='bbox 317 3765 348 3847; x_wconf 87' lang='grc'><em>3)</em></span> <span class='ocrx_word' id='word_1_333' title='bbox 372 3764 562 3826; x_wconf 83' lang='lat' dir='ltr'><em>Advenerunt</em></span> <span class='ocrx_word' id='word_1_334' title='bbox 576 3763 679 3823; x_wconf 90' lang='lat' dir='ltr'><em>mortui</em></span> <span class='ocrx_word' id='word_1_335' title='bbox 692 3776 773 3821; x_wconf 88' lang='lat' dir='ltr'><em>tauto</em></span> <span class='ocrx_word' id='word_1_336' title='bbox 791 3780 928 3833; x_wconf 88' lang='lat' dir='ltr'><em>numero,</em></span> <span class='ocrx_word' id='word_1_337' title='bbox 952 3772 1000 3831; x_wconf 90' lang='lat' dir='ltr'><em>ut,</em></span> <span class='ocrx_word' id='word_1_338' title='bbox 1022 3757 1077 3816; x_wconf 89' lang='lat' dir='ltr'><em>nisi</em></span> <span class='ocrx_word' id='word_1_339' title='bbox 1100 3758 1270 3838; x_wconf 84' lang='lat' dir='ltr'><em>reliquerint</em></span> 
     </span>
     <span class='ocr_line' id='line_1_37' title="bbox 61 3859 1266 3948; baseline -0.006 -25"><span class='ocrx_word' id='word_1_340' title='bbox 61 3863 86 3923; x_wconf 87' lang='lat' dir='ltr'><em>in</em></span> <span class='ocrx_word' id='word_1_341' title='bbox 111 3867 191 3928; x_wconf 87' lang='lat' dir='ltr'><em>litore</em></span> <span class='ocrx_word' id='word_1_342' title='bbox 218 3865 362 3948; x_wconf 86' lang='lat' dir='ltr'><em>superflua</em></span> <span class='ocrx_word' id='word_1_343' title='bbox 390 3865 503 3939; x_wconf 91' lang='lat' dir='ltr'><em>omnia,</em></span> <span class='ocrx_word' id='word_1_344' title='bbox 534 3861 571 3921; x_wconf 91' lang='lat' dir='ltr'><em>de</em></span> <span class='ocrx_word' id='word_1_345' title='bbox 591 3863 653 3942; x_wconf 90' lang='lat' dir='ltr'><em>ipso</em></span> <span class='ocrx_word' id='word_1_346' title='bbox 671 3861 807 3940; x_wconf 83' lang='lat' dir='ltr'><em>navigio,</em></span> <span class='ocrx_word' id='word_1_347' title='bbox 826 3880 863 3916; x_wconf 87' lang='lat' dir='ltr'><em>ue</em></span> <span class='ocrx_word' id='word_1_348' title='bbox 883 3861 1044 3936; x_wconf 84' lang='lat' dir='ltr'><em>mergatur,</em></span> <span class='ocrx_word' id='word_1_349' title='bbox 1071 3871 1178 3916; x_wconf 90' lang='lat' dir='ltr'><em>metuat</em></span> <span class='ocrx_word' id='word_1_350' title='bbox 1196 3859 1266 3918; x_wconf 86' lang='lat' dir='ltr'><em>Cha·</em></span> 
     </span>
     <span class='ocr_line' id='line_1_38' title="bbox 61 3955 1270 4046; baseline -0.008 -22"><span class='ocrx_word' id='word_1_351' title='bbox 61 3983 112 4046; x_wconf 74' lang='lat' dir='ltr'><em>rpu.</em></span> <span class='ocrx_word' id='word_1_352' title='bbox 151 3966 238 4026; x_wconf 87' lang='lat' dir='ltr'><em>lubet</em></span> <span class='ocrx_word' id='word_1_353' title='bbox 255 3965 304 4025; x_wconf 87' lang='lat' dir='ltr'><em>hic</em></span> <span class='ocrx_word' id='word_1_354' title='bbox 325 3965 412 4045; x_wconf 91' lang='lat' dir='ltr'><em>igitur</em></span> <span class='ocrx_word' id='word_1_355' title='bbox 429 3963 494 4022; x_wconf 90' lang='lat' dir='ltr'><em>illos</em></span> <span class='ocrx_word' id='word_1_356' title='bbox 511 3963 604 4020; x_wconf 81' lang='lat' dir='ltr'><em>cados</em></span> <span class='ocrx_word' id='word_1_357' title='bbox 621 3959 736 4040; x_wconf 86' lang='lat' dir='ltr'><em>ingredi</em></span> <span class='ocrx_word' id='word_1_358' title='bbox 765 3979 797 4016; x_wconf 91' lang='lat' dir='ltr'><em>ac</em></span> <span class='ocrx_word' id='word_1_359' title='bbox 818 3955 962 4016; x_wconf 89' lang='lat' dir='ltr'><em>Mercurio</em></span> <span class='ocrx_word' id='word_1_360' title='bbox 987 3958 1149 4037; x_wconf 89' lang='lat' dir='ltr'><em>praecipit,</em></span> <span class='ocrx_word' id='word_1_361' title='bbox 1173 3969 1205 4014; x_wconf 91' lang='lat' dir='ltr'><em>ut</em></span> <span class='ocrx_word' id='word_1_362' title='bbox 1233 3977 1270 4015; x_wconf 85' lang='lat' dir='ltr'><em>ue</em></span> 
     </span>
    </p>
   </div>
   <div class='ocr_carea' id='block_1_3' title="bbox 90 4262 827 4502">
    <p class='ocr_par' dir='ltr' id='par_1_5' title="bbox 90 4262 827 4502">
     <span class='ocr_line' id='line_1_39' title="bbox 90 4262 705 4329; baseline -0.003 -12"><span class='ocrx_word' id='word_1_363' title='bbox 90 4269 113 4329; x_wconf 82' lang='grc'><em>11</em></span> <span class='ocrx_word' id='word_1_364' title='bbox 128 4271 204 4327; x_wconf 66' lang='grc' dir='ltr'><em>111111υ</em></span> <span class='ocrx_word' id='word_1_365' title='bbox 216 4269 280 4322; x_wconf 78' lang='lat' dir='ltr'><em>rhu.</em></span> <span class='ocrx_word' id='word_1_366' title='bbox 303 4269 322 4320; x_wconf 90' lang='lat'><em>1.</em></span> <span class='ocrx_word' id='word_1_367' title='bbox 341 4267 374 4321; x_wconf 80' lang='grc'><em>13</em></span> <span class='ocrx_word' id='word_1_368' title='bbox 393 4270 423 4321; x_wconf 82' lang='grc' dir='ltr'><em>Α.</em></span> <span class='ocrx_word' id='word_1_369' title='bbox 443 4267 482 4320; x_wconf 83' lang='lat' dir='ltr'><em>Gt.</em></span> <span class='ocrx_word' id='word_1_370' title='bbox 501 4267 542 4319; x_wconf 87' lang='lat' dir='ltr'><em>tv.</em></span> <span class='ocrx_word' id='word_1_371' title='bbox 560 4262 612 4318; x_wconf 77' lang='lat' dir='ltr'><em>tas</em></span> <span class='ocrx_word' id='word_1_372' title='bbox 630 4265 658 4317; x_wconf 78' lang='lat' dir='ltr'><em>B.</em></span> <span class='ocrx_word' id='word_1_373' title='bbox 677 4263 705 4316; x_wconf 82' lang='lat' dir='ltr'><em>G.</em></span> 
     </span>
     <span class='ocr_line' id='line_1_40' title="bbox 90 4347 827 4419; baseline -0.008 -15"><span class='ocrx_word' id='word_1_374' title='bbox 90 4355 115 4418; x_wconf 84' lang='grc'><em>2)</em></span> <span class='ocrx_word' id='word_1_375' title='bbox 130 4357 229 4409; x_wconf 76' lang='lat' dir='ltr'><em>lucian.</em></span> <span class='ocrx_word' id='word_1_376' title='bbox 250 4355 316 4408; x_wconf 79' lang='lat' dir='ltr'><em>utet.</em></span> <span class='ocrx_word' id='word_1_377' title='bbox 334 4365 403 4406; x_wconf 84' lang='lat' dir='ltr'><em>mort.</em></span> <span class='ocrx_word' id='word_1_378' title='bbox 423 4356 464 4407; x_wconf 86' lang='grc'><strong>1111</strong></span> <span class='ocrx_word' id='word_1_379' title='bbox 485 4365 511 4408; x_wconf 85' lang='lat' dir='ltr'><em>et</em></span> <span class='ocrx_word' id='word_1_380' title='bbox 529 4353 591 4406; x_wconf 77' lang='lat' dir='ltr'>XXI.</span> <span class='ocrx_word' id='word_1_381' title='bbox 612 4369 637 4419; x_wconf 87' lang='lat' dir='ltr'><em>p.</em></span> <span class='ocrx_word' id='word_1_382' title='bbox 657 4352 705 4402; x_wconf 84' lang='grc'><em>111</em></span> <span class='ocrx_word' id='word_1_383' title='bbox 726 4359 751 4400; x_wconf 88' lang='lat' dir='ltr'><em>et</em></span> <span class='ocrx_word' id='word_1_384' title='bbox 768 4347 827 4400; x_wconf 70' lang='lat'>42⁰.</span> 
     </span>
     <span class='ocr_line' id='line_1_41' title="bbox 93 4439 320 4502; baseline -0.04 0"><span class='ocrx_word' id='word_1_385' title='bbox 93 4439 194 4502; x_wconf 70' lang='grc'><strong>311111.</strong></span> <span class='ocrx_word' id='word_1_386' title='bbox 213 4445 242 4494; x_wconf 80' lang='grc'><em>1.</em></span> <span class='ocrx_word' id='word_1_387' title='bbox 261 4441 320 4494; x_wconf 81' lang='lat' dir='ltr'><em>ses.</em></span> 
     </span>
    </p>
   </div>
   <div class='ocr_carea' id='block_1_4' title="bbox 0 0 1426 5120">
    <p class='ocr_par' dir='ltr' id='par_1_6' title="bbox 0 0 1426 5120">
     <span class='ocr_line' id='line_1_42' title="bbox 0 0 1426 5120; baseline 0 0"><span class='ocrx_word' id='word_1_388' title='bbox 0 0 1426 5120; x_wconf 95' lang='lat' dir='ltr'><em> </em></span> 
     </span>
    </p>
   </div>
  </div>
 </body>
</html>
