2838 5120
743 285 802 346 uto
888 349 894 362 ,

153 459 254 528 potest.
305 443 486 524 syllogismis
518 445 727 506 connectendis
758 469 853 508 nemo·
875 469 1002 528 unquam
1031 450 1194 510 mortalium
1219 452 1351 531 quidquam

155 545 271 606 invenit
300 543 386 602 novi:
416 542 469 600 hoo
488 556 530 602 est
548 543 708 604 Socraticae
728 545 865 606 methodi.
907 545 1035 622 Quodsi,
1055 547 1353 630 quodinventumes13

154 643 275 726 probare
301 633 368 701 alias
396 654 425 700 et
452 641 669 716 demonstrare,
690 643 766 717 vel,
796 645 820 703 si
851 645 889 704 sit
908 645 1099 724 rejiciendum
1120 647 1213 724 illud,
1231 651 1354 708 confutare

155 741 305 815 volumus,
341 739 519 820 syllogismis
549 739 690 800 utendum
719 755 770 803 est.
812 743 899 803 Haud
926 744 1039 825 peperit
1062 744 1204 807 Socratica
1230 746 1354 806 methodus

154 841 286 903 Euclidis
305 839 458 916 Στοιχεῖα·
479 849 540 898 tum
565 838 680 899 demum
704 839 774 899 haec
800 840 848 901 edi
872 841 904 900 in
925 841 1018 901 lucem
1034 858 1210 925 potuerunt,
1229 861 1355 927 postquam

154 942 316 1003 Aristotelis
342 939 519 1021 syllogistica
546 937 608 998 sive
632 937 668 996 ab
689 939 752 1018 ipso
762 984 771 1014 ,
793 939 854 1001 sive
870 939 907 1000 ab
923 939 1004 1018 aliis,
1026 941 1057 1000 in
1077 943 1283 1006 mathematicas
1300 965 1356 1008 artes

155 1041 295 1122 applicari
324 1039 428 1119 coepit.
465 1037 580 1126 *Horum
609 1037 704 1094 autem
732 1035 846 1097 nullam
874 1057 933 1097 esse
961 1038 1189 1100 addiscendum
1209 1045 1356 1121 utilitatem,

153 1141 260 1201 stultus
287 1140 323 1199 sit
350 1157 462 1196 necesse
491 1149 550 1210 est,
580 1136 629 1212 qui
651 1135 827 1197 ¹contendat.
870 1137 907 1197 Et
935 1150 1049 1197 tantum
1076 1139 1171 1215 abest,
1202 1156 1234 1201 ut
1262 1159 1356 1205 naturae

155 1239 323 1299 adversetur
349 1231 645 1308 methodushaecce,
662 1248 694 1293 ut
713 1235 746 1293 in
766 1232 903 1295 familiari
921 1237 998 1296 vitae
1018 1239 1212 1318 sermonisque
1233 1257 1355 1302 consuetu·

154 1338 244 1412 dine,
273 1337 306 1395 in
326 1334 439 1414 vulgari
457 1331 605 1392 scribendi
623 1331 806 1410 docendique
830 1323 961 1410 ratione,
982 1335 1042 1396 lere
1060 1337 1239 1418 syllogismis
1253 1341 1353 1401 homiues

154 1433 192 1495 ad
216 1432 419 1495 declarandam
448 1431 620 1490 senteutiam
648 1450 743 1506 suam,
765 1451 828 1491 raro
847 1445 875 1491 et
894 1433 946 1494 vix
967 1456 1092 1513 unquam
1112 1435 1282 1498 inductione
1298 1452 1355 1497 utar

154 1549 211 1595 tur.
252 1531 404 1592 Probando
432 1530 543 1589 scilicet
571 1549 657 1608 quam
686 1529 887 1606 inveniendo,
918 1544 950 1591 ut
970 1546 1106 1613 possunt,
1127 1533 1168 1593 ita
1186 1536 1278 1596 solent
1295 1537 1358 1596 edan

155 1633 244 1714 magis
269 1649 381 1713 operam
414 1648 530 1688 navare.
572 1627 631 1686 Nec
659 1647 728 1687 vero
755 1642 815 1688 tam
833 1629 959 1690 studiose
978 1631 1056 1692 omni
1075 1653 1146 1692 aevo
1165 1654 1312 1716 puerorum
1325 1634 1360 1692 iu-

156 1732 299 1792 stitutioni
328 1727 493 1794 adhibitum
520 1725 623 1786 ruisset
638 1725 781 1800 ,Euclidis
810 1747 898 1808 opus,
926 1729 950 1788 si
970 1731 1121 1808 synthesis
1143 1753 1205 1792 non
1225 1753 1307 1811 aeque
1322 1731 1361 1790 he

155 1831 267 1890 minum
287 1827 376 1887 menti
397 1821 483 1904 atque
504 1823 641 1910 unulysis
661 1825 841 1886 conveniret.

196 1928 254 1987 Sed
284 1941 316 1994 ut
342 1922 522 1985 vindicanda
551 1943 567 1979 a
593 1921 750 1984 multorum
778 1937 923 1983 contemtu
953 1925 1115 1986 Aristotelis
1142 1940 1183 1987 est
1208 1929 1298 2004 ratio,
1321 1928 1361 1999 ita,
1410 1923 1411 1970 l

156 2028 217 2109 ipse
246 2023 412 2104 Aristoteles
439 2022 503 2100 quis
520 2015 612 2079 ¹fuerit
630 2018 758 2100 quidque
777 2021 896 2095 feccrit,
915 2036 991 2082 recte
1009 2037 1051 2083 est
1072 2023 1301 2104 dijudicandum.
1334 2025 1361 2083 Ut

157 2139 256 2186 auctor
280 2123 338 2184 fuit
367 2119 496 2180 methodi
525 2118 614 2196 hujus
621 2162 631 2192 ,
651 2118 692 2176 ita
712 2139 729 2176 a
748 2117 848 2178 multis
869 2120 955 2180 humo
972 2119 1073 2181 haberi
1094 2123 1304 2204 syllogisticus,
1322 2123 1362 2181 ino

156 2246 224 2287 vero
242 2221 427 2283 scholasticus
444 2217 530 2277 solet]
545 2215 632 2291 Quod
650 2215 687 2275 de
707 2237 739 2276 eo
751 2217 897 2295 judicium
917 2219 1029 2295 ferunt,
1051 2222 1100 2299 qui
1122 2223 1218 2302 ipsum
1238 2241 1361 2301 nunquam

155 2324 307 2403 legerunt,
328 2318 421 2378 esolo
440 2338 506 2376 eum
520 2314 659 2394 judicant
677 2315 828 2375 hominum
847 2339 976 2393 rumore,
998 2339 1013 2378 e
1030 2317 1198 2401 discipulis,
1216 2336 1248 2381 ut
1263 2321 1362 2401 vulgus,
1411 2377 1412 2394 y

156 2421 192 2482 de
223 2421 356 2500 magistro
385 2418 579 2494 conjecturam
606 2414 744 2494 capiunt,
775 2415 1018 2494 coplunduntque
1048 2417 1184 2478 divinum
1206 2421 1299 2482 virum
1315 2437 1363 2478 cun
1411 2461 1412 2490 ,

74 2501 76 2513 i
156 2518 390 2580 scholasticorum
417 2514 585 2588 hominum,
609 2512 666 2592 ‘qui
694 2513 786 2594 ipsius
815 2514 932 2573 nomine
951 2535 981 2574 se
1000 2517 1200 2577 sustinuerunt
1223 2518 1364 2601 appellare,

156 2615 354 2678 multitudine.
406 2612 463 2686 Qui
497 2610 567 2690 legit
599 2610 801 2686 Aristotelem,
831 2633 933 2692 parum
965 2612 1064 2690 abest,
1094 2615 1166 2694 quin
1195 2615 1277 2675 tanti
1301 2633 1364 2686 eun,

156 2715 264 2798 quantd
289 2714 386 2794 ipsum'
409 2711 557 2772 Platonem
578 2707 767 2769 admiratione
785 2725 991 2790 prosequatur,
1014 2733 1047 2772 ac
1067 2713 1200 2773 Ciceroni
1219 2713 1364 2774 assentiatur

155 2814 261 2889 facile,
291 2826 443 2888 utrumque
470 2809 503 2866 in
536 2799 671 2866 omnibus
704 2807 836 2889 scriptis,
868 2822 990 2890 excepto
1018 2831 1077 2869 uno
1105 2810 1239 2888 Socrate,
1269 2809 1364 2871 caeteris

156 2912 331 2995 praeferenti
346 2904 540 2991 *philosophis
556 2905 701 2966 omnibus.
734 2907 856 2968 ¹Novum
877 2907 1043 2968 Aristoteles
1060 2911 1236 2990 excogitavit
1255 2909 1364 2970 elabora·
1412 2927 1413 2932 ¹

157 3014 256 3091 vitque
279 3008 455 3070 dialecticae
477 2997 616 3086 ὄργανον,
638 3027 695 3084 quo
716 3004 923 3086 syllogisticam
944 3006 1112 3067 admirabili
1132 3007 1257 3088 quadam
1275 3002 1363 3088 ingenii

156 3110 317 3172 subtilitate
345 3107 478 3186 exposuit
511 3105 678 3186 legibusque
709 3103 884 3163 adstrinxit:
919 3125 972 3163 nec
1004 3118 1100 3165 tamen
1134 3107 1235 3167 eodem
1264 3101 1365 3167 Socratis

157 3211 286 3291 neglexit
306 3197 471 3286 ἑπαγωγήν.
484 3204 513 3286 l)
552 3205 668 3266 Paravit
686 3202 740 3263 hoc
757 3223 905 3283 organum
925 3203 977 3263 ille
995 3205 1154 3285 posteritati
1173 3207 1365 3286 magis,-quam
1411 3179 1413 3216 ¹

157 3309 213 3368 sibi
242 3329 346 3368 suaeve
373 3307 468 3367 aetati.
510 3305 564 3366 Usi
591 3318 659 3364 sunt
676 3301 850 3383 syllogismis
868 3301 976 3378 Stoici,
996 3301 1027 3384 2)
1058 3317 1090 3363 ut
1107 3305 1231 3365 aliorum
1252 3303 1365 3364 confuta-

127 3445 129 3450 ·
155 3418 222 3481 rent
250 3405 431 3480 doctrinam,
452 3425 532 3480 suam
551 3403 774 3476 confirmarent,
797 3401 841 3461 usi
859 3415 927 3461 sunt
945 3403 1045 3463 eudem
1065 3403 1188 3463 consilio
1204 3399 1363 3464 scholastici:

155 3504 217 3587 ipse
245 3505 412 3565 Aristoteles
440 3505 493 3566 vix
517 3518 563 3564 est
591 3502 652 3563 illis
672 3521 751 3561 usus.
792 3499 902 3560 Eadem
928 3503 991 3579 ejus
1018 3503 1092 3562 ratio
1120 3523 1152 3562 ac
1173 3503 1298 3563 Platonis
1316 3497 1365 3560 fuit.

155 3603 197 3664 Ut
223 3603 276 3663 ille
305 3605 456 3665 inventam
474 3614 498 3662 'a
525 3603 642 3684 Socrate
670 3593 855 3681 hruymyrin
871 3600 911 3659 ita
931 3597 979 3658 hic
996 3599 1172 3680 analyticam
1191 3602 1365 3672 rationem,t

155 3701 275 3777 Platone
291 3703 329 3764 iu
349 3701 444 3762 lucem
459 3691 624 3786 prolatam,
636 3702 751 3782 scriptis
773 3700 923 3782 usurpavit
940 3699 1008 3759 suis.
1029 3698 1087 3758 Sed
1104 3700 1174 3760 haec
1191 3714 1254 3760 tum
1271 3697 1366 3758 demum

156 3794 294 3881 poterunt
320 3801 464 3882 intelligi,
496 3815 660 3882 postquam,
690 3789 775 3877 quod'
798 3820 877 3858 nunc
909 3797 1092 3878 aggredimur
1120 3813 1149 3858 et
1175 3821 1253 3860 nunc
1270 3797 1365 3858 demum

156 3898 271 3980 aggredi
289 3913 366 3961 recte
387 3921 555 3982 possumus,
576 3897 705 3964 Platonis
723 3897 891 3960 methodum
911 3897 1162 3959 declaraverimus

193 4199 217 4265 l)
236 4202 343 4255 Aristot.
362 4203 463 4270 Anclyt.
482 4203 501 4254 l.
522 4201 544 4254 l.
565 4213 590 4256 et
605 4205 710 4272 passim.

191 4285 217 4352 h)
236 4287 289 4340 cic.
308 4291 338 4340 tle
354 4289 411 4340 Fies.
431 4287 472 4340 lV.
490 4291 516 4340 n
616 4366 624 4380 Ι
