2838 5120
624 295 680 353 291

57 454 153 514 scilicet
169 469 354 516 ornamenta:
379 458 501 516 nonne?
515 455 592 536 l)·-
613 457 749 516 Omnino.
769 487 799 498 «-
821 458 895 516 Τιιιιι
917 450 1053 538 διήγησιν
1071 455 1216 534 quandam
1236 477 1269 516 ac

57 552 215 628 testimonia,
236 575 309 632 quae
325 557 350 614 ei
371 554 585 640 adjqunntur:
606 555 723 614 tertium
743 545 900 636 τεκμήρια·
921 567 1055 649 quartum
1060 539 1187 615 astes
1208 565 1270 614 tum

56 648 195 726 niorwotr,
224 651 331 729 credo,
362 669 389 715 et
419 647 621 727 ιἰιιπίστωσιν,
652 677 723 736 quas
752 670 888 716 memorat
918 658 1080 716 orationum
1110 656 1192 715 faber
1219 653 1271 714 ille
1329 674 1332 690 ·
1397 641 1398 648 ¹

56 753 221 832 placuimus,
249 753 295 812 vir
324 751 494 835 Byzantius.
524 787 556 797 -
586 755 738 836 Egregium
766 755 877 814 scilicet
905 746 1089 815 Theodorum
1118 752 1271 814 dicis?-

56 851 133 910 Dieo:
153 867 182 912 et
201 845 320 931 ἕλιγχον
334 867 481 934 praeterea
497 867 581 938 atque
603 846 805 934 ἐπεξέλιγχον·
827 871 884 933 quo
899 863 982 935 pacto
1001 852 1033 910 hi
1054 853 1087 912 in
1108 849 1270 912 accusando

56 963 79 1008 et
96 946 278 1012 defendendo
300 951 460 1033 usurpandi
482 953 550 1015 sint.
602 955 863 1015 Praeclarissimum
883 967 978 1012 autem
998 949 1094 1012 virum
1104 996 1112 1025 ,
1138 950 1271 1011 Evenum

55 1049 184 1124 Parium,
214 1068 312 1112 nonne
341 1053 373 1111 in
404 1051 532 1111 medium
562 1054 781 1135 producemus,
809 1052 859 1132 qui
889 1047 999 1131 primus
1027 1040 1215 1130 ὑποδῆλωσιν
1244 1061 1272 1108 et

54 1145 238 1226 παριπαίνους
259 1151 399 1211 invenit?
427 1149 502 1211 Sunt
530 1153 580 1230 qui
612 1173 676 1210 eum
697 1153 797 1212 dicant
815 1141 1017 1232 nopourtiyoog'
1031 1160 1120 1210 metro
1140 1169 1273 1232 pronun·
1355 1171 1359 1178 ’

54 1249 149 1325 masse,
170 1251 321 1310 memoriae
342 1247 458 1307 caussa:
480 1250 595 1330 sapiens
614 1250 725 1310 scilicet
743 1252 790 1312 vir
809 1266 860 1311 est.
902 1249 1010 1308 Tisiam
1032 1249 1100 1308 item
1121 1239 1273 1329 Gorgiam-

54 1367 101 1424 que
117 1348 242 1408 dormire
260 1349 405 1422 sinemus,
426 1347 476 1426 qui
498 1348 574 1407 veris
595 1347 735 1408 viderunt
757 1348 932 1410 verosimilia·
954 1345 1144 1429 praeferenda
1166 1363 1223 1406 esse
1245 1355 1273 1404 et

56 1445 231 1506 siccationis
252 1443 403 1520 efficiunt,
434 1459 465 1504 ut
485 1463 575 1526 parva
601 1446 758 1505 videantur
778 1466 900 1528 magna,
926 1464 1028 1526 magna
1049 1458 1144 1503 antem
1163 1460 1273 1524 parta,

55 1539 84 1599 de
102 1543 184 1602 rebus
206 1545 274 1602 item
295 1543 380 1603 notis
401 1543 540 1622 antiqua,
569 1543 606 1602 de
627 1546 755 1624 antiquis
777 1547 852 1607 nora
878 1545 988 1604 ratione
1015 1542 1138 1618 dicunt,
1160 1538 1192 1620 2)
1221 1541 1272 1600 in-

56 1656 242 1722 veneruntque
258 1642 296 1702 de
317 1642 492 1723 argumentis
512 1641 646 1700 omnihus
664 1653 692 1700 et
713 1643 975 1724 breviloquentiam
995 1653 1024 1700 et
1043 1639 1189 1699 infinitam
1208 1658 1273 1720 pro·

56 1737 195 1799 lixitatem.
238 1741 315 1798 Haeo
347 1757 412 1799 oum
441 1737 579 1798 Prodicus
606 1741 763 1818 aliquando
783 1763 819 1800 ex
839 1763 885 1802 me
906 1740 1039 1814 audiret,
1071 1739 1155 1814 risit,
1187 1753 1273 1817 seque

56 1835 134 1895 solum
155 1839 303 1899 invenisse
322 1839 458 1913 assernit,
474 1839 580 1918 quihus
599 1839 697 1898 verbis
718 1861 762 1898 ars
780 1840 832 1900 illa
854 1839 1013 1920 indigeret,
1028 1835 1161 1916 indigere
1180 1849 1273 1922 autem

58 1955 101 1993 nec
115 1935 212 1996 multis
232 1957 284 1996 nec
306 1938 425 2018 paucis,
446 1934 497 1996 sed
517 1936 647 1997 modicis.
669 1965 703 1977 ·-
724 1937 940 2020 sapientissime
961 1933 1150 2014 mquidem,
1171 1953 1187 1992 o
1205 1935 1271 1993 Pro·

56 2031 125 2094 dice!
151 2065 185 2074 -·
205 2036 344 2117 Hippiam
375 2048 470 2094 autem
498 2055 597 2094 nonne
624 2039 897 2096 commemoremus?
928 2034 974 2094 illi
1003 2033 1082 2092 enim
1102 2032 1181 2090 hunc
1201 2046 1273 2113 puto

56 2129 144 2192 Eleum
174 2135 317 2215 hospitem
348 2134 489 2194 assentiri.
510 2159 545 2172 -
575 2133 767 2206 Quidni?·-
796 2135 858 2195 Poli
880 2155 949 2196 vero
976 2133 1101 2210 μουσιῖα
1122 2117 1220 2209 loyor
1241 2127 1273 2209 3)

56 2231 182 2306 quomodo
205 2232 449 2312 significabimus,
479 2233 529 2312 qui
551 2228 802 2316 διπλασιολογιάν,
823 2232 1056 2316 γιωμολογιἚαν,
1070 2227 1227 2312 εἶκονολογί
1224 2251 1273 2304 αν,

57 2331 248 2409 nominumque
268 2343 433 2390 venustates
444 2332 580 2411 ,quihus
600 2351 769 2417 praeceptor
783 2338 877 2419 ipsum
897 2315 1080 2417 hicymnius
1083 2331 1248 2408 donarits
1240 2353 1273 2392 tn

58 2445 127 2484 usum
144 2449 227 2488 suum
245 2427 461 2490 adhibuist-
482 2430 648 2511 Prwotagorae
670 2455 738 2495 vero
760 2456 858 2495 nonne
879 2433 1045 2513 hujusmodi
1064 2432 1204 2516 quaedam
1224 2450 1272 2490 ex·
1357 2465 1366 2476 ·

57 2535 120 2584 stant
139 2527 288 2588 artificia?
310 2559 342 2568 -
362 2521 536 2609 Ὀρθοὲπιια
558 2553 661 2612 nempe
682 2534 841 2612 quaedam,
863 2555 879 2592 o
899 2553 989 2613 puer,
1005 2547 1033 2592 et
1048 2531 1106 2590 alia
1126 2527 1272 2612 praeclaro

59 2621 141 2684 multa.
181 2625 352 2686 Oratiouum
373 2644 467 2689 autem
489 2631 632 2689 flebilium
659 2632 692 2690 in
721 2646 895 2691 senectutem
921 2644 948 2690 et
976 2643 1173 2712 paupertatem
1201 2648 1273 2708 pro·

62 2727 194 2782 tractauun
215 2737 276 2782 arte
295 2745 391 2788 omues
408 2729 510 2787 vicisse
524 2727 596 2787 mihi
615 2729 827 2788 Chalcedonius
847 2743 941 2789 orator
951 2725 982 2808 lt)
1003 2725 1133 2789 videtur:
1156 2727 1187 2786 in
1204 2747 1271 2802 con·

62 2814 157 2910 citanda
176 2823 246 2882 item
262 2823 300 2881 ad
317 2825 388 2883 iram
404 2825 593 2886 multitudine
610 2829 766 2908 praestitit,
782 2848 813 2886 ac
827 2849 924 2886 rursus
939 2827 971 2885 in
986 2828 1057 2885 irata
1076 2824 1269 2898 incantando,

62 2923 86 2971 11¹
101 2919 211 2979 vocabat
222 2966 231 2995 ,
253 2920 442 2982 delinienda:
465 2926 496 2984 in
517 2925 722 2985 calumniando
740 2941 886 3007 praeterea
905 2939 932 2984 et
952 2923 1120 2998 solvendis,
1141 2944 1269 3001 quocun-

58 3030 102 3087 que
120 3017 148 3076 id
166 3018 253 3079 modo
274 3019 336 3080 lieri
355 3037 468 3102 posset,
489 3025 643 3084 calumniis
661 3025 809 3084 excelluit.
838 3025 879 3084 De
899 3021 958 3083 fine
977 3037 1071 3082 autem
1091 3019 1269 3080 orationibus

52 3109 217 3192 *imponendo
246 3117 322 3178 idem
343 3121 485 3200 placuisse
513 3143 662 3182 commune
691 3122 824 3181 omnihus
854 3121 989 3182 videtur:
1019 3140 1103 3200 quem
1124 3111 1270 3178 ἐπάνοδον

57 3211 176 3288 quidam,
197 3215 249 3274 alii
269 3215 327 3277 alio
347 3221 464 3278 nomine
484 3221 643 3302 appellant.
667 3250 696 3258 -
719 3219 886 3278 Summatim
905 3215 979 3280 dicis
999 3219 1115 3299 singulis
1141 3219 1269 3280 audien-

58 3306 138 3386 tibus,
158 3335 230 3392 quae
249 3315 328 3375 dicta
354 3331 442 3391 sunt,
463 3318 516 3377 sub
538 3318 653 3377 linem'
645 3338 677 3377 tn
703 3319 867 3379 memoriam
895 3318 1122 3380 r.evoeanda-
1144 3320 1181 3379 Et
1201 3319 1270 3380 haec

57 3401 110 3465 tlieo
127 3423 153 3469 et
178 3414 202 3471 si
223 3413 296 3492 quid
316 3414 399 3475 aliud
425 3364 471 3474 liis
492 3415 660 3474 addendum
688 3415 870 3477 dedicandi
893 3431 953 3476 arte
983 3415 1135 3477 habes:-
1156 3417 1269 3498 Exigua

58 3497 135 3565 habeo
154 3531 205 3569 nec
226 3525 383 3572 memoratu
405 3513 517 3595 digna
509 3537 524 3569 u
550 3510 581 3592 5)

57 3685 295 3714 s———m--n-

84 3794 106 3860 1)
122 3799 206 3869 Vetti,
220 3814 248 3858 ut
261 3806 401 3902 legendum
419 3825 524 3862 censeo.
544 3809 954 3902 Rectius‚quamvulgolegitur‚
966 3810 1267 3864 distinxitHeiudoriius:

57 3863 83 3926 iv
100 3865 218 3994 αρχῆ,ἵ
216 3881 310 3942 ταῦτα
330 3876 475 3962 λέγεις
435 3875 667 3966 ἧγιὲρςκ-
690 3880 728 3946 sci
749 3879 853 3964 soptim
874 3885 971 3966 τῆςτ
952 3879 1075 3966 τέχνης
1097 3893 1163 3946 Puto
1182 3901 1266 3947 autem

58 3964 218 4033 Platonem
197 3997 216 4053 η
239 3968 313 4055 γᾶος
336 3999 388 4034 non
405 3985 595 4050 interposuisse
613 3987 770 4049 sententiae,
789 3985 853 4050 sed,
873 3993 900 4035 ut
916 3983 1000 4048 solet,
1019 3983 1157 4049 adjecisse.

85 4054 178 4120 livio.
195 4065 273 4131 Wytt.
291 4068 355 4120 Boi.
370 4071 426 4120 erit.
444 4068 486 4120 ΙΙΙ.
502 4067 524 4119 l.
539 4065 581 4120 38.
599 4069 638 4122 Cf.
654 4071 744 4123 Heind.
761 4071 834 4122 adh.
850 4070 867 4120 Ι.

86 4140 108 4204 3)
126 4146 166 4200 Sic
191 4149 465 4221 librummseripsisse
487 4151 566 4206 Polus
586 4155 696 4210 videtur.
725 4156 801 4207 Vidd.
820 4155 903 4221 lntpp.
921 4153 994 4205 adh.
1014 4153 1030 4204 Ι.
1067 4153 1184 4206 Gornarii
1201 4169 1267 4206 eon-

58 4236 167 4368 filiam
186 4247 234 4300 pro
256 4251 330 4310 προς
350 4229 466 4314 ποίησιν
487 4239 598 4308 legentis
620 4229 814 4314 προσεποίησε
836 4240 965 4293 vertendo
983 4243 1109 4310 expressi.
1142 4243 1200 4294 Vid.
1221 4241 1243 4292 Α

117 4321 198 4374 ltoedr.
216 4342 241 4391 p.
259 4322 316 4375 368.

88 4401 466 4476 albingaunensem.
485 4411 577 4462 llaintl.
594 4411 628 4462 ad
647 4411 671 4462 h.
690 4412 707 4462 l.

89 4485 102 4536 5
127 4491 227 4544 Phaedr.
243 4491 301 4544 266.
319 4493 348 4546 G.
362 4523 396 4532 —
414 4494 472 4545 267.
493 4495 523 4546 E.
550 4495 588 4547 De
608 4496 753 4548 rhetoribus
773 4496 811 4547 his
832 4507 858 4548 et
876 4498 999 4565 sophistis
1018 4511 1158 4564 eorumque
1172 4495 1268 4546 artibus

1037 4581 1089 4638 19*
1134 4642 1136 4648 ,
