2908 5114
738 291 798 350 364

151 466 180 514 et
198 450 407 514 declarandum
423 467 577 532 moverunt
596 454 739 527 multum,
760 470 862 534 parum
881 458 1106 529 promoverunt3
1136 443 1219 503 Plato
1237 440 1376 521 ¹simpliei-

151 566 195 611 ter
220 554 319 612 ideam
344 571 403 610 esse
431 553 625 632 pronunciat,
655 552 777 633 perlecti
804 550 944 631 speciem,
977 537 1070 606 τύπον
1100 541 1267 622 quendam,
1306 542 1377 616 euius

153 651 267 724 omnia,
288 669 360 728 quae
380 648 465 708 nobis
486 648 563 708 bona
583 665 741 732 apparent,
772 649 927 730 participia
953 648 1022 706 sint.
1065 641 1281 724 Metaphysici,
1310 635 1377 716 quod

154 747 191 807 de
209 746 344 828 sophistis
359 747 535 824 pronunciat
555 747 684 823 Plato,
677 771 709 806 m
730 748 851 808 obscuro
867 747 1035 820 latuerunt3
1061 741 1090 823 l)
1111 742 1193 802 Plato
1210 757 1293 810 vero,
1313 731 1378 813 quod

154 845 239 905 nobis
256 844 326 903 licet
344 841 406 901 de
398 864 463 953 ipso
483 847 695 925 pronunciarqe
727 860 755 905 et
774 848 836 955 ipse
867 846 900 904 in
928 844 1023 902 lucem
1052 840 1163 922 prodiit
1189 853 1218 898 et
1243 833 1377 894 hominem

155 931 314 1023 protrariit,
336 942 518 1022 praecipiens
533 944 723 1018 mortalibus,
745 957 777 1003 ut
797 944 830 1003 in
847 940 990 1000 mundum
1007 960 1115 1020 roprov
1132 935 1290 1018 prodirent
1307 945 1377 1007 atque

157 1040 194 1099 ad
213 1040 370 1119 perfectam
380 1038 520 1115 idearum,
539 1042 573 1100 in
592 1044 694 1123 primis
712 1045 780 1101 boni
800 1043 923 1123 speciem
940 1056 1059 1123 agerent
1078 1041 1290 1112 viverentque·
1283 1075 1290 1105 ,
1283 1031 1378 1088 'Deum

156 1152 253 1198 autem
269 1136 382 1196 homini
404 1140 585 1220 exemplum,
606 1141 684 1220 quod
705 1143 867 1201 imitaretur
887 1141 919 1199 in
951 1141 1050 1216 hisce,
1080 1133 1227 1220 proponit.
1271 1126 1326 1186 Sed
1350 1122 1377 1180 de

158 1231 269 1294 mundo
288 1255 384 1319 νοητῳ
405 1237 571 1314 praesertim
589 1237 733 1299 diversam
764 1238 894 1297 Platonis
913 1251 941 1298 et
971 1236 1135 1298 Aristotelis
1162 1221 1377 1314 philosophandi
1433 1289 1434 1296 ,

159 1334 300 1394 rationem
330 1336 400 1395 hinc
427 1337 644 1416 perspiciamus.
686 1335 872 1410 Aristoteles,
910 1337 1034 1396 utitem
1062 1333 1211 1402 vidimus,
1254 1320 1378 1384 mundun

159 1435 388 1510 adspectabilom
408 1435 441 1492 in
458 1428 595 1514 νοητόν
615 1433 804 1509 traducebat,
832 1431 864 1514 2)
895 1434 974 1494 unde
1005 1432 1137 1495 universi
1164 1427 1276 1510 species
1301 1417 1378 1478 efficta

160 1544 203 1590 est
220 1531 371 1590 machinae
389 1535 539 1611 cujusdam
553 1534 684 1614 'ingentis
702 1533 812 1592 instar:
835 1545 868 1591 ut
886 1547 965 1612 patet
985 1553 1021 1592 ex
1050 1529 1155 1589 iisdem
1182 1524 1245 1584 illis
1275 1518 1310 1577 de
1332 1517 1378 1574 Dee

162 1629 252 1688 effatis
272 1644 354 1690 etex
374 1643 434 1691 tota
453 1634 645 1692 recentiorum
663 1629 943 1709 metaphysieorum,
965 1654 981 1691 a
1001 1629 1128 1690 Cartesio
1148 1625 1235 1697 inde,
1268 1621 1304 1680 de
1328 1614 1377 1672 uni·

163 1746 245 1788 verso
264 1727 406 1789 doctrina.
447 1731 530 1789 Plato
548 1745 647 1790 contra
674 1721 806 1807 νοητὸν
827 1729 969 1788 mundum
992 1729 1025 1786 in
1053 1722 1286 1802 odspeotobilem
1314 1711 1377 1772 tihi·

163 1821 247 1882 buit:
269 1824 302 1884 id
323 1841 419 1886 autern
436 1829 469 1888 in
488 1830 590 1908 primis
609 1828 663 1888 hac
683 1830 775 1909 ipsius
794 1828 848 1886 Dei
868 1827 995 1907 imagine
1018 1823 1189 1884 illustravit.
1211 1819 1286 1877 Nam
1305 1815 1378 1872 Deum

162 1918 253 1980 linxit
272 1921 375 1982 rudem
400 1925 629 2006 indigestamque
647 1928 795 1985 materiem
814 1926 833 1984 i.
856 1946 881 1984 e.
910 1946 955 1984 res
984 1923 1117 1983 sensibus
1144 1932 1295 2002 patentes,
1322 1928 1378 1990 quat

163 2016 287 2078 fluerent
314 2020 454 2100 nulloque
483 2023 586 2084 ordine
612 2037 816 2098 moverentur,
853 2023 891 2082 ad
921 2022 1053 2084 idearum
1083 2019 1227 2100 speciem,
1264 2031 1332 2093 quae
1355 2009 1378 2064 io

163 2115 273 2176 mundo
291 2117 390 2203 νοητῷ
409 2119 525 2197 lucent,
546 2122 703 2202 fingentem
713 2169 722 2198 ‚
744 2135 984 2202 componentem,
1006 2119 1201 2178 ordinantem.

163 2310 1145 2378 Platonicaedeideisdoetrinoeruhle'me'tos.
1192 2311 1379 2370 Attiano

307 2415 456 2490 Plato,
478 2437 592 2495 quom
615 2419 817 2476 hominem
837 2417 1026 2488 decebat,
1047 2407 1257 2471 evolavit?

205 2607 284 2666 Talis
303 2623 397 2668 autem
416 2631 482 2669 cum
500 2610 665 2669 Platonicae
683 2609 833 2671 doctrinae
850 2610 923 2668 ratio
941 2610 979 2667 sit
989 2653 998 2683 ,
1019 2606 1092 2686 quid
1121 2606 1254 2666 dicamus
1281 2601 1315 2660 de
1337 2595 1379 2654 illa

162 2705 306 2766 tandem?
325 2708 463 2768 Altiusne
483 2709 582 2784 Plato,
609 2729 695 2788 quam
713 2708 879 2783 hominem,
909 2727 996 2786 quam
1024 2704 1232 2787 philosophum
1261 2696 1379 2764 decebat,

164 2802 316 2863 evolavit?
343 2807 385 2864 De
403 2806 556 2864 Aristotele
585 2805 617 2864 id
647 2804 790 2864 affirmare
809 2819 838 2864 et
865 2804 1071 2885 metaphysicis
1101 2799 1309 2861 recentioribus
1332 2812 1380 2852 non

164 2898 361 2962 dubitaverim
386 2901 530 2982 equidem.
571 2903 681 2965 Divina
707 2925 770 2979 res,
802 2925 861 2962 non
889 2887 1017 2962 humana
1043 2915 1085 2960 est
1106 2919 1287 2970 caussarum,
1311 2908 1380 2970 quam

164 3011 345 3078 spectarunt,
366 3001 498 3061 scientia.
539 3001 729 3060 Machanicae
751 3001 890 3063 convenit
918 3013 1052 3073 nostrae,
1082 2998 1212 3077 indeque
1232 2996 1269 3055 ad
1286 2989 1380 3050 mecha·

164 3096 245 3155 nicas
265 3097 369 3158 mundi
390 3098 466 3178 leges
482 3099 654 3158 transfertur
671 3113 747 3158 recte
758 3123 766 3176 3
799 3098 867 3174 sed,
889 3097 968 3176 quod
988 3096 1034 3156 illi
1065 3094 1300 3156 contendendum
1324 3086 1381 3168 phi·

164 3193 284 3275 losopho
301 3215 360 3254 esse
381 3209 530 3270 statuunt,
551 3211 583 3256 ut
601 3198 708 3256 caussis
728 3218 823 3257 rerum
845 3199 975 3256 omnium
1003 3209 1031 3254 et
1058 3194 1216 3275 principiis
1246 3182 1381 3269 exploratis

165 3293 371 3371 inventisque,
392 3314 437 3352 res
458 3293 543 3354 nobis
563 3315 661 3354 omnes
681 3294 799 3356 divinas
818 3295 1014 3373 humanasque
1040 3292 1242 3372 explicarent,
1270 3285 1300 3345 id
1319 3278 1382 3342 scili·

165 3403 210 3449 cet
239 3390 382 3450 humanae
411 3391 586 3471 cognitionis
606 3391 679 3452 lines
698 3392 784 3472 longe
813 3393 954 3472 longeque
984 3403 1108 3471 superat.
1152 3392 1225 3448 Tam
1255 3385 1307 3445 alte
1333 3397 1381 3436 11011

165 3489 292 3550 evolasse
321 3489 490 3564 Platonem,
521 3511 536 3548 e
564 3503 622 3551 tota
648 3491 702 3550 hac
733 3503 831 3550 nostra
859 3490 1062 3570 disquisitione
1090 3503 1178 3570 patet.
1221 3486 1301 3556 Non,
1324 3475 1383 3554 quit

165 3587 350 3647 contenderit
367 3588 493 3649 subinde
512 3588 604 3648 illuc:
627 3587 660 3648 id
680 3587 757 3648 effici
775 3607 812 3648 ex
828 3589 890 3669 ipso
908 3589 962 3648 hoc
988 3588 1108 3646 Timaeo
1130 3586 1231 3645 multis
1259 3581 1324 3642 locis
1344 3593 1383 3654 p0'

156 3699 237 3762 test3
260 3686 312 3746 sed
332 3687 369 3746 de
390 3686 623 3768 philosophia
595 3687 673 3761 vrri,
685 3687 749 3746 de
741 3708 802 3767 ipsa
821 3688 883 3766 ejus
902 3680 1129 3766 philosophandi
1149 3684 1262 3742 ratione
1281 3676 1381 3756 agimus

166 3797 209 3842 est
226 3798 321 3844 autem
338 3785 409 3844 haec
428 3785 591 3844 Socraticae
612 3785 698 3865 plane
717 3804 783 3842 cum
801 3784 1015 3864 simplicitatis,
1040 3797 1104 3842 tum
1129 3778 1285 3841 modestiae
1298 3771 1380 3854 plent-

167 3882 203 3940 ln
223 3862 310 3940 semet
328 3882 422 3963 ipsum
443 3883 538 3943 redire
558 3882 764 3964 philosophum
784 3883 888 3961 jubet,
920 3896 951 3943 nt
972 3882 1076 3942 studiis
1094 3882 1155 3941 suis
1174 3875 1287 3961 pulcri,
1305 3865 1381 3934 bom

108 3979 256 4056 'justi,
278 3982 370 4040 sancti
391 3982 551 4062 exploratis
568 3981 743 4062 diligenter,
764 3995 915 4042 convertat
934 4002 966 4040 ea
986 3979 1024 4039 ad
1041 3980 1169 4074 perfecta
1187 3977 1285 4036 horum
1301 3987 1381 4028 exem

167 4076 278 4158 plaria:
302 4077 342 4135 sio
362 4093 456 4139 autem
474 4102 540 4141 curn
558 4079 688 4161 perficiat
708 4081 786 4155 sese',
813 4093 874 4138 tum
893 4078 930 4139 ad
958 4078 1078 4142 divinae
1097 4091 1217 4136 naturae
1246 4065 1382 4152 perlecti&

206 4377 234 4440 l)
253 4378 356 4446 Sophist.
371 4375 429 4428 234.
444 4376 475 4427 Α.
491 4375 541 4430 Cll-
556 4376 633 4457 initio
646 4393 671 4444 p.
686 4375 745 4428 268.

204 4460 237 4524 2)
253 4462 330 4514 Initio
347 4479 373 4530 p.
391 4460 450 4514 356.
