2832 5120
730 261 786 322 1¹10

148 422 240 498 verit,
261 437 293 482 ut
311 439 425 484 sensum
442 421 588 502 quendem
611 422 795 498 interiorem,
817 423 908 506 ipsius
935 425 1024 484 animi
1050 443 1184 497 sensum,
1206 423 1238 480 in
1257 421 1357 501 scriptis

147 523 206 584 suis
220 521 418 582 memoraverit
432 520 602 583 identidem.
627 519 656 600 l)
675 519 761 595 Quod
774 520 914 602 plaoitom
928 521 979 582 alii
993 523 1051 584 alil
1063 523 1246 599 maximeque
1258 516 1356 578 diverd

148 619 258 710 ratione
276 619 453 700 explicatum
472 619 598 682 iverunt.
620 619 692 678 Nam
708 632 804 699 patres
822 617 958 678 ecelesiae
978 619 1014 680 de
1034 621 1123 685 animi
1139 618 1274 678 facultate
1291 635 1355 679 eore-

146 729 271 799 perunt,
291 738 348 796 qua
368 715 472 778 divina
487 730 594 778 notura
605 718 797 798 percipiatur,
817 717 1013 798 placitumque
1026 718 1064 778 ad
1082 717 1251 798 religionem
1264 734 1354 774 accon·

147 815 319 876 modorunt:
341 811 373 893 2)
392 815 565 876 recentiores
582 815 643 874 lere
661 837 827 898 organum,
851 815 929 894 quod
948 815 1051 877 dieunt
1061 863 1070 893 ,
1094 818 1207 879 morale
1227 811 1359 874 intellexe

146 928 233 989 runt,
253 935 311 993 quo
338 911 480 974 mundum
504 913 639 974 moralem
663 914 869 995 perspicimus:
892 915 989 974 neutri
1025 915 1143 994 quidem
1172 912 1205 974 id
1229 909 1360 981 dieentes,

146 1011 226 1094 quod
243 1012 410 1072 abhorreret
426 1010 514 1091 plane
539 1034 555 1086 a
582 1011 763 1094 philosophia
789 1011 946 1072 Platonica.
992 1013 1190 1074 Veruntamen
1217 1010 1297 1070 Plato
1317 1025 1360 1066 uec

146 1110 315 1191 religionem
335 1109 474 1190 spectavit
501 1111 635 1190 proprie,
656 1132 709 1170 nec
743 1111 893 1173 interiores
912 1123 1023 1172 neruos
1047 1111 1137 1170 animi
1159 1129 1275 1169 seusus:
1295 1126 1360 1164 meo·
1410 1172 1411 1177 η

148 1219 209 1270 tem
234 1208 379 1288 respexit,
399 1199 453 1267 τόν
473 1206 556 1280 rotie,
579 1223 607 1270 et
631 1209 773 1271 mundum
798 1200 922 1289 roptdp,
943 1216 1064 1287 veruque
1101 1209 1133 1267 in
1162 1207 1217 1266 hoc
1239 1200 1363 1280 cernendi
1409 1209 1412 1262 ζ

147 1297 314 1374 facultatem
330 1306 384 1366 bac
406 1329 474 1369 voce
495 1309 643 1390 expressit.
684 1307 742 1369 Sed
760 1329 818 1369 rem
837 1331 890 1370 nos
908 1308 1070 1368 accuratius
1095 1319 1177 1368 etex
1196 1305 1268 1386 ipsis
1285 1300 1363 1383 phile·
1411 1327 1412 1362 r

147 1404 231 1488 sophi
250 1405 404 1486 principiis
424 1407 611 1487 explicemus.
1103 1415 1105 1423 ⁴

188 1501 326 1562 Sensibus
338 1503 389 1563 ille
399 1516 418 1578 ,'
428 1518 459 1564 ut
477 1503 623 1579 vidimus,
643 1503 698 1564 hee
716 1502 883 1579 tribuebat,
894 1517 927 1564 ut
941 1500 1073 1563 derebus
1086 1501 1214 1560 externis
1229 1507 1364 1558 mouerent

147 1600 353 1679 certioremque
373 1601 501 1663 facerent
526 1604 673 1679 animum,
696 1599 728 1682 3)
747 1603 808 1663 vim
827 1597 1086 1680 eutem'quandam
1101 1599 1304 1680 praeeipuam,
1322 1594 1364 1652 bu·

144 1700 248 1778 jusque
277 1699 385 1777 negotii
413 1699 581 1762 facultatem
609 1700 783 1781 singularem
803 1701 880 1762 risui
910 1700 1003 1758 inesse
1027 1697 1179 1771 censebat,
1200 1696 1309 1776 quippe
1326 1692 1366 1772 qui

69 1863 73 1878 Ι
148 1795 280 1856 acumine
294 1816 394 1856 sensus
407 1812 531 1859 caeteros
548 1813 702 1888 srqreraret.
723 1798 888 1860 Declaravit
905 1799 946 1858 ita
965 1811 1030 1879 apte
1040 1842 1049 1872 ,
1059 1793 1301 1877 quemadmodum
1318 1791 1367 1850 eni·
1399 1740 1409 1856 l

149 1913 211 1956 mus
229 1894 350 1954 insitum
378 1894 434 1954 sibi
463 1899 530 1957 veri·
552 1917 675 1958 amorem
704 1919 756 1979 per
784 1917 901 1972 sensus,
922 1910 1059 1974 tanquam
1079 1894 1222 1968 nuncios,
1243 1905 1367 1969 tanquan
1407 1917 1412 1950 ,r

149 1992 324 2071 cognitionis
351 2015 417 2054 suae
445 1995 656 2071 instrumenta,
678 1996 794 2078 explere
818 2006 989 2070 conaretur3
1012 2008 1201 2054 veruntamen
1229 1991 1284 2050 hoe
1305 2011 1368 2050 non·
1411 2018 1412 2022 ¹

150 2088 219 2150 dum
245 2090 417 2170 patefecerat
443 2095 621 2173 inquirenti,
652 2116 709 2174 quo
737 2093 855 2154 tandem
873 2091 958 2154 modo
977 2094 1034 2151 elta
1055 2091 1247 2173 percipiamus
1267 2100 1367 2150 mente,

149 2207 222 2266 quae
241 2187 294 2246 uni
312 2190 421 2264 menti,
442 2213 503 2252 non
521 2192 653 2254 sensibus
673 2207 794 2274 patent,
814 2176 968 2273 pulcrum,
988 2189 1115 2265 bonum,
1139 2191 1269 2272 justum,
1291 2185 1367 2246 omui·
1411 2237 1412 2244 ,

151 2307 208 2360 no,
228 2277 264 2344 toi
287 2275 372 2360 duro,
393 2307 466 2366 quae
487 2293 546 2350 non
567 2309 625 2350 esse
644 2291 806 2366 uidentur,
828 2288 879 2350 sed
897 2297 979 2350 eunt.
1020 2289 1092 2348 Nam
1111 2287 1243 2368 quamvis
1261 2287 1300 2345 sit
1317 2301 1368 2341 acer
1404 2277 1412 2370 l

151 2384 274 2446 videndi
294 2407 393 2448 sensus
421 2385 491 2458 ille,
513 2388 699 2466 quantumvis
728 2389 846 2450 accedat
873 2386 911 2447 ad
937 2409 969 2448 ea
996 2385 1165 2460 sentienda,
1186 2404 1258 2464 quae
1287 2392 1368 2442 mente
1411 2437 1412 2442 ,

150 2484 372 2566 percipiuntur,
386 2498 483 2544 tamen
497 2486 590 2546 cernit
607 2499 720 2547 tantum
739 2505 771 2548 ea
791 2506 863 2565 quae
884 2484 1121 2563 ridentemque
1137 2483 1301 2563 cogitantur
1319 2498 1367 2538 nou
1411 2515 1412 2534 r

151 2593 243 2662 potest
257 2601 383 2643 cernere.
405 2583 469 2658 Quo
488 2583 575 2664 igitur
589 2585 678 2664 magis
692 2584 767 2642 hano
786 2585 932 2664 propriant
945 2584 1049 2648 mentis
1068 2581 1234 2646 facultatem
1252 2577 1368 2640 declara·
1407 2567 1412 2620 i

151 2689 195 2736 ret
204 2724 212 2753 ,
221 2699 334 2760 quoquc
345 2679 428 2740 nobis
446 2681 612 2742 evidentius
628 2684 819 2764 patefaceret,
833 2680 906 2762 quid
921 2680 1064 2761 agendum
1078 2677 1251 2761 philosopho
1261 2675 1298 2740 sir
1306 2721 1314 2751 ,
1325 2671 1366 2753 qui
1411 2707 1412 2736 r

153 2778 302 2838 veritatem
316 2777 462 2862 adspicere
472 2824 482 2854 ,
491 2802 551 2840 non
568 2781 690 2864 imagine
707 2800 887 2862 expressam,
903 2779 953 2842 sed
964 2780 1055 2859 ipsam
1065 2821 1075 2854 ,
1085 2778 1135 2839 sed
1150 2763 1309 2856 integram,
1328 2768 1370 2832 sed
1411 2807 1412 2838 r

152 2893 226 2954 pura
245 2875 278 2934 in
306 2875 369 2936 luce
390 2877 591 2960 splendentem
618 2892 753 2961 cuperet,
775 2877 896 2938 oculum
923 2877 1093 2938 memorarit
1119 2876 1210 2938 animi
1237 2868 1369 2938 subinde,
1411 2917 1412 2930 r

154 2963 240 3050 ὄμμα
260 2972 314 3054 τῆς
335 2973 452 3056 ψυχῆς,
474 2977 617 3040 sexcentis
635 2976 726 3038 oculis
751 2975 909 3056 potiorem,
925 2977 1038 3056 ⁴quippe
1055 2996 1112 3054 quo
1138 2995 1195 3036 uuo
1218 2981 1370 3032 cerneretur
1411 3001 1412 3026 r

154 3074 268 3136 veritas.
311 3077 399 3137 Hunc
419 3092 514 3138 autem
534 3075 667 3152 oculum,
688 3077 792 3138 mentis
812 3065 950 3156 ὄργανον,
972 3073 1184 3154 ut·negligitur
1203 3093 1220 3132 a
1236 3069 1370 3152 plerisque
1411 3145 1412 3158 χ

153 3185 182 3232 et
201 3191 318 3234 coecum
336 3161 369 3235 bt
385 3197 416 3237 ac
432 3177 507 3258 perit
526 3175 603 3254 fere,
618 3174 783 3258 disciplinis
799 3177 912 3238 monuit
927 3197 943 3236 a
956 3189 1055 3240 tenera
1076 3171 1146 3232 inde
1162 3184 1270 3246 aetate,
1292 3164 1370 3228 maxi·
1409 3229 1410 3262 3

154 3291 254 3348 meque
272 3267 478 3334 mathematicis
500 3287 528 3332 et
547 3272 707 3333 dialecticis
736 3271 989 3353 disquisitionibus
1016 3291 1082 3330 cum
1109 3267 1306 3351 suscitandum
1323 3281 1370 3322 esse

154 3369 187 3428 in
205 3383 317 3445 mente,
337 3383 398 3448 turn
416 3370 609 3452 purgandum.
640 3372 711 3430 Nam
730 3372 780 3431 sic·
792 3372 907 3433 demum
927 3370 989 3452 fieri
1008 3390 1089 3449 posse
1099 3413 1107 3442 ‚
1129 3379 1161 3426 ut
1179 3366 1257 3445 quod
1274 3363 1369 3424 arden·

153 3466 261 3526 tissime
279 3489 402 3530 amemus
424 3470 564 3548 uniceque
591 3468 724 3550 amplecti
753 3481 844 3554 totum
864 3471 1030 3551 cupiamus,
1051 3467 1146 3548 ipsum
1173 3463 1241 3524 dieo
1259 3483 1369 3530 oerum,

155 3564 187 3624 id
204 3563 282 3643 quod
301 3577 363 3642 eet,
385 3588 437 3626 nec
459 3567 540 3628 falsis
559 3588 612 3627 nos
632 3567 709 3629 ludit
727 3568 921 3649 imaginibus,
943 3567 997 3627 hoc
1021 3565 1110 3646 igitur
1133 3565 1296 3623 intueamur
1318 3557 1368 3639 pla·

155 3683 210 3738 ne,
230 3683 296 3724 cum
315 3687 403 3746 eoque
432 3666 574 3748 congressi
595 3686 655 3726 non
675 3665 746 3728 falsa
766 3679 794 3726 et
814 3667 933 3742 inania,
954 3663 1004 3726 sed
1030 3684 1098 3726 vera
1127 3661 1289 3746 pariamus,
1308 3675 1370 3738 quae

155 3759 253 3822 veram
275 3763 437 3843 provehant
453 3764 573 3824 humani
588 3764 700 3842 generis
718 3763 895 3846 felicitatem⁸¹
938 3761 1068 3826 Sublime
1087 3761 1141 3822 hoc
1164 3780 1231 3822 sane
1257 3771 1296 3820 est
1313 3756 1369 3837 pla·

155 3859 245 3920 citum
263 3860 391 3922 Platonis
400 3907 408 3936 ,
429 3860 621 3942 significatum
636 3862 696 3940 jam
717 3861 748 3922 in
768 3859 897 3924 Phaedro
907 3908 916 3939 ,
937 3859 988 3926 sed
1004 3861 1038 3924 in
1056 3841 1160 3922 Politia
1183 3857 1222 3918 ad
1246 3858 1369 3940 optimam

157 3957 368 4022 institutionem
393 3959 548 4042 diligenter
576 3957 758 4021 adhibitum:
781 3960 865 4024 nobis
895 3982 963 4022 vero
989 3956 1150 4044 prudenter
1173 3970 1215 4016 est
1239 3955 1368 4036 accipien-

154 4054 246 4132 dum,
267 4079 303 4118 ne
322 4057 485 4140 importuna
505 4055 657 4138 diligentis
677 4057 815 4142 inanique
831 4059 1020 4142 inquisitione
1035 4055 1078 4118 de¹
1091 4077 1189 4119 seusus
1208 4054 1294 4134 hujus
1313 4046 1368 4110 sude

192 4283 217 4348 r)
237 4285 345 4355 resq,
365 4285 415 4336 vu.
435 4283 493 4336 ser.
513 4283 542 4334 u.
561 4281 618 4335 eea
639 4283 669 4334 o.

190 4371 216 4433 ar
237 4371 294 4422 vro.
319 4373 389 4438 uper.
409 4370 441 4422 rr
455 4368 521 4420 rtur.
541 4369 573 4422 re
589 4369 613 4420 s.
632 4368 660 4420 u.
680 4371 708 4420 v.
729 4388 753 4436 ,.
773 4370 815 4424 se.

192 4455 217 4518 3)
238 4455 277 4508 er.
296 4459 325 4508 e
338 4458 396 4526 sep.
417 4457 469 4508 vn.
489 4453 546 4506 ses.
565 4455 594 4506 u.
614 4454 670 4508 sm.
692 4455 720 4506 u.
