2838 5120
632 293 690 352 229

69 448 153 507 eadem
179 448 215 510 de
245 451 414 529 geometria,
444 465 520 512 certe
548 454 673 528 similia,
702 468 840 535 usurpant
859 455 1052 516 mathematici
1072 458 1177 514 nostri:
1200 457 1271 535 quid

67 569 124 606 vero
141 548 174 605 iis
193 547 273 606 Plato
294 548 434 622 voluerit,
455 545 512 628 qun
531 555 655 612 maxime
676 554 798 613 consilio
818 553 989 616 imbuendos
1008 554 1161 614 etfuturos
1173 557 1273 635 reipu-

65 645 146 704 blicae
164 645 365 724 gubernatores
386 649 613 726 existimaverit,
633 651 666 710 id
685 653 770 710 nobis
790 653 823 712 in
840 653 941 732 primis
956 651 1175 730 exquirendum.
1208 654 1272 712 Per·

63 763 148 822 gamus
167 744 253 823 igitur
268 743 307 802 ad
326 756 558 809 ertrmomr'nm:
580 771 647 808 nam
668 749 722 808 hac
739 748 902 826 judicanda
921 750 981 809 vim
1001 750 1086 810 simul
1104 751 1271 830 geometriae

63 841 93 902 ad
109 843 208 900 mentis
226 843 452 923 promovendam
469 844 679 927 philosophiam
697 846 858 908 declaravit
877 847 1008 908 mirilico.

95 949 141 1008 Est
159 948 211 1006 hac
230 948 315 1008 dere
338 950 416 1030 apud
435 951 582 1012 Platonem
593 950 754 1032 ,quamvis
772 946 843 1006 seria
863 959 891 1004 et
911 945 1046 1020 sublimi,
1068 945 1268 1010 festivissimus

62 1045 206 1104 Glauconis
222 1065 287 1105 cnm
305 1046 420 1107 &crate
440 1069 539 1109 sermo.
581 1051 627 1110 Sic
647 1051 698 1108 ille
718 1046 874 1106 continuo:
901 1044 1009 1102 «tertio
1026 1046 1086 1122 jam
1107 1043 1169 1102 loco
1186 1057 1275 1104 astro-

63 1144 174 1203 nomiam
196 1165 352 1224 ponamus;
384 1167 450 1206 nam
471 1149 611 1208 mensium
630 1163 658 1208 et
678 1163 820 1206 annorum
838 1133 1055 1202 vicissitudines
1075 1139 1186 1226 aputius
1203 1143 1271 1202 ani·

61 1241 252 1316 madvertisse,
283 1265 344 1302 non
368 1257 481 1305 tantum
503 1248 694 1326 agriculturae
713 1265 745 1302 ac
765 1239 944 1319 navigationi
965 1238 1112 1318 proderit,
1143 1238 1194 1298 sed
1214 1261 1272 1300 non

61 1324 202 1400 ninimuni
219 1342 305 1400 etiam
322 1341 364 1400 rei
386 1342 516 1403 militari.
558 1345 615 1404 ch
635 1343 784 1415 Socrates,
806 1337 916 1398 videris
935 1336 1027 1410 mihi,
1047 1338 1161 1416 inquit,
1180 1349 1198 1397 ὀ
1217 1337 1273 1398 bo·

60 1457 107 1511 ne,
136 1437 238 1518 vulgus
255 1440 459 1516 reformidare,
481 1463 519 1500 ne
538 1442 657 1502 inutiles
676 1455 704 1500 te
723 1436 894 1518 disciplinas
911 1433 1050 1493 inducere
1070 1434 1190 1494 dicant:
1213 1457 1272 1496 non

61 1535 128 1597 enim
144 1536 229 1596 aliam
247 1535 317 1596 inde
337 1558 507 1619 magnopere
522 1535 676 1602 utilitatem
685 1532 903 1618 percipiendam
913 1547 1026 1614 putant.
1039 1558 1053 1590 n
1079 1534 1168 1592 Orsus
1178 1547 1272 1595 autem

61 1631 156 1692 deinde
175 1632 212 1692 de
228 1638 419 1711 astronomia,
439 1639 572 1698 meminit
592 1639 688 1698 subito
707 1650 734 1694 et
753 1632 932 1694 Glauconem
951 1645 1046 1692 monet
1057 1677 1065 1706 ,
1087 1631 1279 1711 disciplinam·

61 1729 90 1788 ab
108 1731 174 1810 ipsis
193 1735 421 1812 praetermissam
439 1757 497 1794 esse
507 1781 515 1810 ,
537 1759 627 1816 quae,
649 1739 725 1795 inter
745 1732 925 1813 geometriam
945 1744 973 1790 et
991 1730 1190 1790 astronomiam
1212 1751 1272 1789 nte-

61 1825 119 1902 dia,
138 1829 173 1886 ab
194 1831 246 1888 illa
265 1831 303 1890 ad
321 1832 395 1892 hanc
416 1833 512 1896 ducat,
559 1855 573 1887 u
585 1836 649 1894 Post
668 1835 807 1914 planum,
828 1831 887 1902 ait,
918 1829 1012 1886 statim
1032 1828 1174 1906 solidum,
1195 1828 1290 1908 quod,
1342 1907 1347 1926 x

61 1926 268 2004 circumfertur,
284 1933 404 2009 aggressi
424 1953 538 2006 sumes,
559 1947 729 2010 anteaquam
741 1932 833 2010 ipsum
845 1948 935 2008 perse
946 1926 1250 2008 comprehenderemus
1261 1950 1269 2002 3

61 2021 130 2082 decet
148 2013 241 2086 antem
265 2026 367 2088 ordine
385 2044 449 2109 post
469 2031 623 2090 secundam
641 2031 802 2089 auctionem
823 2027 935 2085 tertiam
955 2025 1116 2105 suscipere:
1149 2026 1271 2084 refertur

62 2140 118 2180 vero
134 2123 211 2182 illud
228 2125 266 2184 ad
290 2125 428 2186 cuborum
447 2131 625 2204 auctionem,
656 2143 752 2205 estque
771 2121 980 2206 profunditatis
998 2124 1178 2204 particeps.»
1224 2123 1293 2196 St„
1342 2207 1346 2212 Ι

62 2219 209 2297 gnificatam
229 2222 275 2284 his
294 2225 395 2285 verbis
410 2248 425 2286 a
441 2227 612 2308 philosopho
629 2247 687 2286 esse
698 2229 950 2296 stereometriam,
971 2235 1048 2302 patet
1059 2222 1226 2298 manifesto5
1243 2217 1289 2318 l)¹

64 2317 101 2376 sed
118 2320 147 2378 in
161 2317 365 2400 'persequenda
378 2325 482 2384 artium
500 2326 765 2386 mathematicorum
784 2323 903 2380 historia
924 2320 1108 2379 memorabile
1127 2319 1210 2379 nobis
1230 2321 1271 2379 vi·

64 2413 151 2492 detur,
179 2418 254 2478 hanc
281 2418 442 2480 doctrinam
469 2424 597 2484 Platonis
625 2439 751 2503 tempore
778 2420 909 2480 nondum
936 2433 1077 2501 repertam
1093 2440 1169 2478 esse:
1192 2418 1269 2500 qnod

62 2512 156 2576 Glauco
180 2515 260 2598 apud
288 2539 352 2576 enm
372 2520 486 2582 disertis
505 2523 602 2582 verbis
622 2524 746 2584 fatetur:
775 2514 849 2580 etat
868 2513 964 2580 ταῦτά
983 2542 1029 2600 γε,
1051 2509 1245 2600 ὦΣώκρατες
1258 2565 1268 2594 ,

63 2611 130 2673 tout
146 2610 227 2676 οὔπω
247 2610 403 2698 εὑρῆσθαι.
447 2621 534 2682 Unde
550 2622 694 2702 profecto,
716 2637 858 2700 qnatenus
878 2624 929 2681 hac
948 2635 1038 2681 aetate
1059 2622 1197 2702 progressi
1211 2623 1270 2679 sint

65 2714 147 2776 Graeci
167 2721 200 2778 in
218 2720 427 2780 mathematicis
444 2735 472 2780 et
491 2722 682 2794 astronomia,
708 2720 779 2799 quid
800 2721 836 2780 de
854 2720 1002 2793 Platonis,
1024 2741 1096 2800 quae
1117 2721 1270 2792 feruntur,

10 2873 11 2878 ἵ
68 2811 95 2870 in
108 2818 286 2876 stereometria
305 2819 433 2878 inventis
453 2816 678 2880 existimandum
698 2820 752 2893 sit,
774 2833 835 2878 tum
855 2819 939 2878 etiam
950 2863 958 2892 ,
980 2839 1051 2898 quae
1069 2820 1185 2900 propria
1205 2819 1272 2876 fue-

67 2910 99 2968 rit
112 2913 367 2977 llexandrinorum
387 2918 650 2976 mathematicorum
670 2915 749 2990 lans,
771 2918 964 2994 conjecturam
979 2916 1062 2975 nobis
1082 2915 1270 2998 licetcapere.
1322 2949 1324 2956 ι

66 3006 154 3070 Verum
172 3011 250 3072 nihil
270 3014 323 3072 hoe
343 3013 380 3074 ad
399 3017 601 3095 philosophiae
620 3013 748 3074 Platonis
767 3016 861 3074 initia.
903 3015 1109 3092 Persequamur
1128 3035 1193 3073 eum
1215 3014 1270 3072 So-

63 3121 126 3166 crate
142 3113 361 3188 astronomiam,
383 3112 535 3194 verlmque
552 3115 614 3190 ejus
633 3113 813 3172 attendamus
830 3134 896 3172 cum
915 3112 1113 3172 instituendae
1134 3126 1195 3170 tum
1215 3127 1270 3170 tra·

62 3207 166 3268 ctandae
192 3211 349 3286 rationem,
377 3226 408 3271 ut
436 3234 508 3292 quae
538 3213 570 3272 in
598 3224 692 3270 mente
714 3225 809 3270 nostra
828 3211 961 3272 deorsum
981 3224 1128 3292 spectant,
1159 3231 1270 3271 sursum

61 3304 221 3366 attollamus:
249 3309 327 3387 quod
346 3329 495 3370 commune
513 3325 555 3368 est
575 3309 653 3392 apud
671 3308 818 3370 Platonem
838 3303 940 3368 hardm
964 3309 1186 3390 disciplinarum
1205 3330 1269 3392 pro·
1351 3362 1354 3370 .

61 3403 177 3478 positam.
220 3404 255 3464 ld
274 3405 330 3466 sibi
349 3408 467 3470 videtur
486 3408 597 3467 Glauco
617 3409 653 3470 de
673 3409 845 3467 astronomia
865 3408 927 3489 ipse
943 3409 1103 3490 perspicere
1121 3409 1285 3468 continuo..
1302 3423 1308 3448 ¹
1337 3479 1343 3486 ,

64 3501 158 3561 «Hane
176 3502 315 3583 quidem,
346 3507 461 3585 inquit,
488 3520 612 3566 mentem
630 3527 747 3586 cogere,
769 3520 800 3564 ut
819 3527 929 3566 sursum
948 3520 1055 3588 spectet
1073 3520 1103 3573 et¹
1120 3507 1189 3564 hinc
1209 3527 1270 3568 eam

61 3595 120 3658 illue
139 3617 326 3678 convertere,
348 3604 483 3664 omnibus
501 3625 559 3664 esse
576 3605 761 3664 manifestum
782 3603 908 3666 videtur.
931 3606 985 3664 Cui
1004 3604 1151 3664 Socrates:
1173 3605 1269 3663 omni-

62 3692 104 3754 hus
121 3699 256 3774 fortasse,
276 3702 392 3781 inquit,
413 3716 610 3783 praeterquam
628 3703 718 3796 milri:
740 3703 812 3762 mihi
831 3704 908 3762 enim
928 3725 987 3766 non
998 3705 1065 3762 item
1082 3703 1207 3767 videtur.
1229 3704 1270 3765 Ut

63 3815 128 3854 nunc
145 3798 260 3877 quidem
278 3820 341 3862 ¹earn
358 3815 503 3876 tractant,
524 3802 575 3882 qui
591 3800 792 3882 philosophiae
812 3803 904 3882 ipsam
916 3803 1045 3882 jungunt
1055 3848 1063 3876 ,
1086 3815 1116 3860 ut
1136 3801 1268 3865 deorsum

62 3909 129 3954 mens
146 3911 268 3977 spectet,
289 3897 401 3958 efficere
422 3899 569 3958 videntur.
612 3902 658 3959 Tu
675 3898 793 3978 quidem
809 3899 928 3960 solerter
944 3899 1082 3961 informas
1100 3921 1168 3958 sane
1183 3898 1284 3960 disci?

64 3989 158 4066 plinam
177 4017 291 4072 eorum,
312 4018 384 4077 qnae
406 3997 541 4062 sublimia
562 4014 645 4058 sunt:
668 3999 777 4059 videris
794 3999 871 4056 enirn
882 4043 890 4071 ,
912 3999 935 4055 si
951 3999 1015 4076 quis
1025 3997 1169 4078 laquearia
1181 4000 1268 4058 variis

64 4088 190 4152 coloribus
206 4095 284 4175 picta
299 4096 477 4176 suspiciens,
507 4098 667 4178 perceperit
684 4096 860 4177 quidquam,
890 4095 1052 4156 eriistimare
1072 4117 1136 4155 eum
1155 4110 1267 4174 mente,

65 4191 214 4252 uenncnlis
232 4207 375 4274 spectare:
397 4215 429 4252 ac
450 4195 566 4257 fortasse
583 4209 658 4254 recte
677 4195 841 4268 existimas,
862 4213 912 4272 ego
931 4215 1000 4254 vero
1017 4195 1133 4275 inepte:
1156 4215 1266 4275 nequeo

66 4299 143 4346 autem
171 4290 242 4350 mihi
270 4291 459 4372 persuadere,
480 4292 562 4352 aliud
582 4288 705 4352 mentem
724 4313 835 4352 sursum
855 4291 976 4368 tollere,
998 4293 1055 4352 nisi
1075 4293 1155 4350 illam
1174 4292 1266 4352 disci-

67 4419 98 4429 -.

93 4494 111 4558 lt
128 4501 165 4550 Sic
183 4504 281 4568 accepit
300 4503 387 4555 'fhaon
408 4505 507 4569 seq-m.
528 4505 609 4554 ilra'tle.
630 4505 648 4554 l.
669 4502 709 4552 tr.
730 4521 753 4570 p.
775 4503 813 4554 ll.
