2872 5122
673 250 711 307 63

87 423 128 472 ιιι
155 414 305 472 munibus:
332 421 360 470 el
382 432 453 470 ‚vero
469 412 679 488 derelinquere
698 419 730 468 in
746 411 885 486 periculo
904 418 1071 490 arnostum,
1095 413 1139 466 uel
1159 410 1308 466 laboranti

87 535 136 572 ooo
160 531 355 598 euremaro,
368 530 449 591 prae
465 511 516 568 hoo
535 518 612 568 mori
631 529 839 586 saepenumero
854 510 974 568 molit.»

119 611 223 669 Diserte
246 609 317 667 haec
336 607 482 668 Phaedrus
496 620 524 664 et
540 629 641 686 magno
661 609 769 688 impetu
788 621 873 684 atque
887 606 1003 679 ardore,
1028 618 1059 662 ut
1070 605 1208 681 juvenem
1223 626 1308 686 agno·

85 729 204 781 scamus,
223 727 307 785 qoem
336 706 522 784 cognovimus
544 704 643 788 ppullo
663 719 730 764 ante
750 704 788 764 ad
806 704 938 764 Ilissum:
966 719 993 763 et
1013 702 1174 782 intelligere
1194 725 1229 761 ex
1249 705 1309 781 ejus

86 806 202 865 oratione
231 805 317 876 licet,
348 803 485 862 virtutem
509 803 631 886 spectari
657 823 751 862 amore
780 803 943 876 Platonico,
974 816 1119 879 totumque
1147 802 1245 860 referri
1271 800 1308 860 ad

87 903 170 983 pulcri
190 903 360 980 honestique
379 901 516 960 studium.
536 901 721 960 Praeiverant
738 901 852 960 Platoni
872 900 1060 981 philosophi,
1085 899 1136 978 qui
1156 919 1221 956 etun
1240 897 1308 977 phi-

87 1000 380 1080 losophiajnngebant
399 1000 518 1078 poesin,
550 997 652 1058 utillo
678 999 714 1057 de
733 1020 817 1058 scena
837 998 1026 1079 philosophus
1046 998 1077 1056 in
1088 996 1181 1056 nobili
1199 996 1308 1076 hymno

85 1099 153 1179 opud
175 1099 369 1158 Athenaeum:
394 1094 422 1176 l)

390 1209 541 1290 παίδευμα
561 1207 589 1271 δ’
603 1206 702 1292 Ἔρως,
721 1210 841 1292 σοφίας,
852 1206 971 1292 -ιίριτῆς

390 1317 522 1376 πλεῖστον
543 1308 683 1396 ὑπάρχει,
705 1314 754 1400 nui
775 1317 961 1394 προσομιλεῖν

440 1425 442 1428 ’
533 1407 617 1490 odem
639 1411 657 1476 o‘
679 1415 795 1496 δαίμων

390 1512 508 1579 πάντων
529 1513 650 1599 ἥδιστος
672 1515 730 1600 ἔφυ
752 1523 888 1598 θνητοῖς·

87 1621 153 1700 qood
171 1623 208 1680 sic
231 1621 372 1680 vertendo
392 1623 531 1702 expressit
551 1621 686 1682 Grotius:
709 1619 757 1701 2)·

306 1711 310 1717 ”
391 1719 431 1778 od
451 1701 597 1778 virtutem
617 1741 720 1798 sopore
740 1729 881 1801 egrogios

390 1820 444 1876 dot
465 1820 566 1876 doctor
594 1840 697 1876 amor:
716 1827 824 1898 generi*
843 1819 971 1876 huorono

541 1918 580 1974 od
606 1925 774 1974 conuictum

391 2035 448 2072 non
468 2025 513 2072 eet
532 2013 648 2072 Diodnr
668 2023 792 2073 suavior
811 2015 898 2072 ultor.

85 2109 136 2168 Sed
156 2131 211 2168 rem
236 2110 320 2168 nohis
345 2111 482 2171 subtilius
511 2114 596 2172 etiam
621 2114 775 2172 Pausanias
804 2111 982 2193 explicabit,
1003 2111 1052 2188 qui
1080 2110 1241 2172 Phaedrum
1266 2112 1309 2172 di·

84 2208 168 2268 cende
188 2211 312 2289 excepit.

123 2307 208 2365 «Non
230 2307 362 2366 universe
372 2309 503 2387 ,inquit,
516 2308 680 2374 laudandos
698 2323 740 2368 est
759 2331 837 2368 amor
847 2307 948 2387 ‚quod
965 2307 1048 2367 modo
1063 2308 1311 2390 commisitPhae-

86 2402 174 2480 drus3
192 2405 242 2464 sed
261 2426 277 2462 a
296 2407 420 2486 uolgari
439 2407 661 2487 distinguendus
681 2423 722 2466 est
744 2407 897 2480 Uronius,
927 2407 1053 2466 Uraniae
1073 2407 1196 2466 Veneris
1219 2427 1310 2466 eomes

86 2515 109 2560 et
133 2501 253 2580 adjutor.
294 2504 366 2562 Nam
398 2523 514 2580 eorum,
538 2527 612 2585 ¹quae
636 2519 779 2585 aguntur,
801 2505 877 2564 nihil
902 2519 943 2564 est
966 2507 1059 2586 ipsum
1083 2505 1131 2564 vel
1159 2505 1310 2564 honestum

86 2601 127 2658 vel
144 2615 244 2682 turpe,
267 2600 358 2660 veluti
377 2623 449 2680 quae
466 2625 546 2662 nunc
566 2605 693 2684 agimus,
714 2604 829 2678 hibere,
852 2625 953 2663 canere
964 2649 972 2678 ‚
996 2603 1139 2682 colloqui3
1161 2603 1211 2662 sed
1234 2604 1309 2684 ipso,

86 2717 135 2775 quo
152 2721 183 2758 ea
202 2699 398 2774 instituimus,
420 2701 503 2760 modo
522 2702 571 2762 vel
590 2702 709 2762 honesta
730 2701 805 2760 fiunt
825 2702 872 2761 vel
892 2703 997 2782 turpia.
1039 2701 1086 2760 Sic
1107 2721 1231 2761 amorem
1247 2723 1309 2761 non

86 2815 187 2856 omnem
205 2811 316 2878 oportet
333 2797 496 2874 celebrare,
517 2801 567 2860 scd
586 2823 650 2858 eum
668 2801 773 2874 unice,
798 2801 848 2879 qui
866 2799 985 2859 honeste
1006 2821 1059 2859 nos
1078 2821 1172 2858 amare
1199 2800 1308 2877 jubeat.
1393 2854 1397 2862 Α

87 2893 130 2954 Est
147 2911 238 2955 autem
257 2895 422 2973 hujusmodi
442 2897 511 2972 itte,
533 2913 565 2957 ut
588 2921 647 2958 nnn
667 2913 783 2980 peragat
801 2899 960 2979 promiscue
989 2898 1182 2977 quodcunque
1209 2899 1309 2959 luhue·

89 2993 134 3051 rit:
154 3015 225 3072 quae
244 2995 372 3073 vulgaris
390 3011 432 3055 est
450 2999 554 3056 amoris
578 2999 660 3057 ratio.
702 2999 772 3056 Nam
802 2997 905 3076 volgus
923 2996 1065 3054 foeminas
1084 2997 1152 3055 item
1180 3012 1254 3054 amat
1282 3011 1310 3055 et
1334 2987 1338 3004 ’

86 3094 186 3166 queant
205 3093 430 3168 amantissimas,
450 3115 507 3174 quo
526 3096 642 3154 facilius
661 3095 801 3155 libidines
826 3095 949 3174 expleat.
992 3095 1078 3152 Amor
1096 3071 1164 3152 iero
1183 3095 1310 3153 Uinnius

88 3203 199 3248 nentem
218 3189 310 3250 multo
336 3192 443 3271 magis,
464 3214 550 3271 quam
576 3213 679 3275 corpus
704 3194 837 3273 respicit:
857 3193 965 3272 quique
995 3213 1027 3250 eo
1055 3191 1221 3267 ducuntur,
1243 3193 1308 3253 odo·

89 3284 214 3348 limentes
225 3302 325 3348 amant
334 3333 342 3362 ,
361 3273 421 3348 non
441 3291 598 3366 foeminas,
616 3293 723 3373 quippe
742 3293 792 3371 qui
807 3291 910 3351 naturh
925 3305 993 3350 sunt
1006 3290 1205 3371 philosophiae
1221 3293 1309 3373 optio-

85 3403 133 3442 res.
158 3385 298 3446 ‘Difficile
326 3401 368 3446 est
395 3388 427 3446 in
455 3388 524 3474 hac-
540 3405 635 3450 nostra
665 3391 782 3450 civitate
808 3392 862 3449 rite
884 3389 1027 3463 definire,
1050 3389 1122 3468 quid
1151 3388 1188 3448 de
1216 3411 1309 3448 amore

90 3494 202 3543 statuant
222 3484 307 3565 leges.
338 3487 409 3545 Nam
429 3487 543 3547 favetur
560 3489 742 3564 amantibus,
764 3490 821 3547 imo
843 3488 1013 3547 conceditur
1033 3487 1111 3561 illis,
1134 3503 1165 3547 ut
1184 3489 1310 3548 serviant

90 3578 160 3638 aliis:
181 3582 259 3661 quod
279 3584 310 3641 in
330 3585 448 3644 caeteiis
467 3585 552 3645 rebus
571 3581 711 3646 somnium
740 3601 783 3646 est
806 3586 948 3646 dedecus:
970 3599 1088 3658 contra,
1110 3585 1180 3644 filiis
1206 3584 1309 3665 paeda·

91 3693 162 3758 gogos
188 3679 330 3739 adhihent
355 3696 507 3765 *parentem
528 3686 578 3764 qui
606 3699 727 3744 caveant
754 3707 790 3743 ne
816 3706 880 3743 cum
907 3683 973 3742 aliis
999 3682 1210 3762 colloquantur.
1252 3683 1309 3743 Sed

92 3788 209 3860 quamvis
232 3787 393 3860 contraria,
415 3783 609 3872 conciliantur
635 3784 705 3842 haec
731 3783 892 3859 *facillime,
924 3783 947 3842 si
974 3781 1119 3840 Uinnium
1149 3803 1271 3842 amorum
1294 3803 1309 3840 o

93 3881 190 3962 vulgari
218 3885 448 3956 distinxerimus.
490 3886 575 3942 Hunc
605 3882 775 3962 fugiendum
803 3902 969 3954 censemus„
991 3892 1023 3940 ut
1044 3880 1150 3938 malum
1178 3882 1307 3960 gravissi·

95 3996 160 4040 mum
170 4029 177 4056 ,
197 3983 282 4041 illum
301 3983 548 4055 commendamus,
564 3995 596 4039 ut
611 3982 713 4040 virtuti
733 3995 965 4040 consentaneum.
994 3979 1104 4038 Amoris
1118 3980 1195 4038 enim
1209 3979 1310 4060 eadem

95 4128 334 4148 ’ἓξ-*μμ-

125 4220 147 4284 1)
163 4223 223 4276 Xlll.
240 4225 298 4277 561
316 4225 453 4294 Euripides
470 4226 606 4278 Plutarcho
620 4226 711 4276 dicitur
733 4210 872 4296 ἒριιιτικιῖς
888 4207 972 4295 o'rrjp.
991 4221 1089 4292 Propo.
1100 4225 1128 4273 tle
1140 4239 1229 4273 umore.
1242 4219 1307 4289 Opp

96 4303 158 4370 ttt,
169 4307 224 4361 854.
236 4311 314 4378 wne
334 4311 403 4363 Utin
418 4311 688 4382 tragicisEtnipides
701 4311 773 4361 itain
789 4310 894 4360 comicis
910 4307 1048 4359 Menander
1073 4289 1313 4378 φιλοσοφιότεοοι

97 4386 402 4450 donantnouant.
417 4399 470 4466 t...p
485 4397 543 4450 848.

124 4472 146 4538 2)
163 4479 274 4550 neapo
297 4483 392 4550 rino.
413 4501 436 4549 ρ.
455 4483 512 4534 ni.
534 4483 571 4534 er.
588 4483 675 4533 von.
693 4484 773 4533 osio.
793 4497 816 4547 ρ.
832 4479 890 4531 sio.
