2950 5134
742 211 796 292 w

143 417 228 464 neam
247 416 312 454 cum
332 393 519 476 Pythagorica
537 392 731 466 sublimitate,
752 399 916 474 poetarum
925 391 1102 471 elegantiam
1119 411 1185 450 cum
1200 389 1387 451 dialectieo—

144 523 207 560 tum
226 495 402 567 subtilitate,
423 492 499 552 hanc
519 504 613 549 autem
632 491 778 571 propriam
798 489 927 564 habens,
943 511 1010 550 non
1027 488 1142 565 dotem,
1163 489 1214 550 sed
1237 490 1387 551 virtutem
1467 573 1468 582 ἵ

144 599 315 669 maximam,
338 607 369 652 ut
387 589 425 650 ad
443 597 508 648 veri
525 587 653 648 studium
672 589 812 647 referatur
830 601 898 648 tota.
948 621 951 630 .

553 782 600 840 De
617 785 804 861 philosophia
824 784 975 844 Plutonia.

99 1039 103 1048 .
182 988 219 1046 Et
238 986 307 1044 haec
328 983 445 1062 quidem
464 981 602 1040 hacteuus
621 979 657 1038 de
674 978 873 1060 philosophiae
896 979 974 1060 apud
997 979 1144 1041 Platonem
1163 994 1286 1054 natura,
1306 1001 1387 1061 pro-

140 1065 255 1166 posito,
275 1083 404 1140 ubertate
414 1125 423 1154 ,
445 1078 564 1138 ambitu.
603 1079 683 1152 Quae
702 1081 850 1136 sane'non
869 1078 909 1136 ita
929 1077 1158 1158 disputavimus,
1178 1078 1258 1156 quasi
1278 1080 1386 1138 omnia

144 1183 328 1265 probaremus
345 1179 491 1251 Platonis,
512 1175 596 1236 nulla
622 1175 812 1234 recentiorum
835 1175 952 1255 placita.
994 1177 1166 1258 interpretes
1195 1195 1292 1234 sumus
1312 1176 1386 1257 phi·

143 1279 272 1362 losophi,
293 1299 354 1339 non
374 1274 551 1334 laudatores:
574 1286 602 1332 et
624 1272 769 1332 multaab
789 1273 915 1351 antiquis
935 1273 1069 1332 inchoata
1097 1273 1239 1332 recentior
1259 1272 1387 1332 demum

143 1378 264 1459 perfecit
281 1383 365 1434 aetas.
406 1371 488 1431 Illud
507 1371 591 1429 unice
611 1371 736 1450 egimus,
759 1384 790 1430 ut
808 1391 844 1428 ex
865 1371 968 1431 veteris
987 1371 1052 1432 aevi
1071 1372 1182 1430 ratione
1209 1371 1385 1432 Platonicae

143 1474 341 1557 philosophiae
359 1470 478 1532 veluti
471 1469 624 1548 imaginem
642 1468 896 1544 adumbraremus,
923 1490 1040 1549 eamque
1062 1470 1224 1530 universam
1243 1484 1386 1530 contem·

143 1572 235 1653 plati,
256 1571 423 1651 singulas
401 1589 461 1646 equs
475 1581 568 1648 partes
582 1566 750 1646 singulatim
760 1567 897 1648 deinceps
905 1567 1133 1648 exploraremus
1157 1567 1242 1642 Quod
1254 1581 1385 1628 utnunc

143 1671 226 1730 uobis
244 1667 455 1728 instituendum
474 1678 535 1740 est,
556 1665 596 1724 ita
605 1665 771 1742 quaerimus
786 1665 940 1739 continuo,
961 1664 1037 1723 uude
1053 1664 1225 1728 ordiendum
1239 1665 1385 1726 videatur

143 1770 176 1828 in
200 1768 254 1826 hac
278 1765 505 1846 disceptatione,
529 1762 601 1842 quid
625 1763 751 1843 primum
775 1762 829 1837 sit,
856 1761 927 1840 quid
945 1763 1094 1844 proxime,
1112 1762 1184 1840 quid
1204 1783 1289 1843 porro
1310 1784 1383 1844 per·

113 1863 333 1924 =lustrandum
375 1863 435 1921 Nec
453 1882 520 1920 sane
539 1859 572 1920 id
590 1861 686 1920 statim
703 1861 736 1928 in
755 1859 852 1920 oculos
870 1860 1003 1920 incurrit.
1046 1859 1117 1920 Nam
1133 1874 1226 1941 partes
1243 1882 1305 1920 non
1320 1883 1382 1944 'ap-

141 1977 242 2045 parent
262 1960 439 2040 singulares,
458 1958 509 2018 sed
523 1961 641 2036 junctae
655 1972 723 2018 sunt
741 1972 769 2019 et
786 1977 933 2018 connexae
948 1979 1043 2020 secum
1058 1959 1185 2020 invicem
1200 1959 1381 2035 arctissime,

141 2074 169 2120 et
185 2059 255 2118 huic
274 2059 441 2139 praesertim
454 2057 653 2134 conjunctioni
673 2058 734 2116 vim
753 2075 831 2120 suam
851 2069 878 2114 e't
899 2055 1053 2117 efficaciam
1073 2055 1190 2117 debent.
1220 2057 1257 2116 Et
1274 2071 1382 2117 tamen

140 2157 299 2238 prudenter
324 2156 407 2215 nobis
432 2150 469 2212 ab
492 2154 578 2212 initio
601 2154 670 2214 inde
690 2154 868 2214 instituenda
889 2168 930 2214 est
948 2154 1131 2233 disquisitio,
1152 2175 1188 2217 ne
1207 2175 1382 2236 perversam

141 2256 273 2313 ineuntes
302 2255 460 2326 rationem,
474 2251 645 2311 'oberremus
668 2253 808 2332 turpiter:
836 2273 922 2332 eoque
941 2254 1053 2312 cautius
1073 2252 1279 2332 inquirendum
1298 2254 1380 2328 erit,

141 2374 197 2431 quo
213 2351 328 2410 facilius
349 2372 400 2410 nos
420 2351 452 2409 iu
472 2370 594 2408 errorem
614 2348 734 2408 inducat
752 2351 938 2430 posteriorum
959 2351 1031 2410 ratio
1048 2350 1299 2432 philosophorum,
1321 2353 1380 2430 qui

140 2449 331 2508 discesserunt
351 2470 368 2507 a
387 2447 505 2507 Platone
524 2460 665 2506 ettamen
686 2446 742 2504 sibi
761 2448 884 2526 aliisque
902 2447 979 2520 idem
999 2449 1124 2508 tenuisse
1141 2448 1195 2508 iter
1214 2449 1270 2508 visi
1292 2463 1378 2509 sunt.

140 2550 198 2626 Age
208 2592 217 2622 ,
238 2547 314 2606 viam
333 2565 500 2624 quaeramus
510 2589 518 2618 ,
539 2566 595 2623 qua
614 2544 801 2625 procedamus
819 2545 957 2626 deinceps
975 2545 1094 2604 firmiter
1113 2559 1140 2604 et
1153 2545 1294 2624 jucunde.

179 2633 245 2706 Post
264 2645 411 2702 Platonem
429 2642 612 2724 philosophia
633 2642 666 2701 in
686 2642 780 2708 varias
804 2643 950 2703 doctrinas
974 2643 1111 2703 distribui
1138 2644 1250 2725 coepit,
1270 2647 1376 2725 prouti

140 2743 228 2802 verbo
242 2744 303 2820 jam
321 2742 503 2802 monuimus:
524 2739 602 2820 quod
620 2740 733 2799 institui
761 2741 847 2800 facile
870 2733 980 2823 potuit,
997 2741 1139 2819 'quoniam
1165 2742 1330 2818 senserat,
1359 2765 1376 2803 e

137 2861 194 2919 quo
218 2839 367 2900 doctrinae
396 2860 493 2900 omnes
514 2852 672 2898 manarent.
714 2837 872 2919 Separalim
897 2840 1004 2919 igitur,
1024 2838 1197 2918 procedente
1221 2841 1353 2920 tempore
1364 2888 1375 2916 ,

136 2951 272 3000 tractatae
289 2943 357 2996 su'ut
376 2936 514 3016 physica,
536 2936 705 3010 dialectica,
724 2937 837 3012 ethica,
857 2951 952 3019 postea
971 2939 1039 2997 item
1057 2935 1268 3016 metaphysica,
1284 2939 1375 2998 inau—
1414 2993 1416 3004 ,

136 3035 229 3094 ditum
248 3035 371 3094 Socratis
395 3048 485 3093 aetate
505 3056 628 3110 nomen,
649 3037 732 3113 cujus
760 3049 855 3114 partes
880 3036 1036 3095 recentiore
1056 3053 1127 3095 aevo
1154 3033 1269 3100 habitae
1299 3052 1375 3097 sunt

137 3132 299 3212 outologia,
319 3132 506 3211 cosmologia,
528 3132 729 3214 psychologia,
751 3132 903 3212 theologia.
945 3132 1045 3194 Rivuli
1070 3132 1100 3193 hi
1121 3132 1238 3191 fuerunt
1262 3154 1277 3190 e
1296 3135 1373 3214 phi-

136 3228 265 3310 losophia
289 3230 388 3305 ducti,
410 3230 478 3304 sed,
501 3245 534 3292 ut·
552 3230 602 3305 su,
626 3232 714 3290 fontis
743 3230 874 3288 destituti
901 3244 928 3296 et
957 3231 1083 3289 ubertate
1110 3244 1138 3289 et
1162 3229 1283 3312 limpida
1302 3253 1372 3314 per-

135 3328 297 3406 spicuitate.
340 3329 416 3402 Quos
444 3329 626 3408 explorantes
653 3327 837 3408 philosophi,
858 3329 889 3386 in
910 3329 999 3408 iisque
1020 3328 1087 3386 solis
1105 3327 1213 3403 defixi,
1234 3331 1372 3409 ignorare
1467 3347 1468 3388 ι

135 3425 260 3494 subinde
282 3425 336 3484 visi
357 3440 424 3484 sunt
434 3471 442 3500 ,
462 3449 534 3506 quae
554 3441 624 3486 esset
645 3426 761 3486 taudem
772 3471 780 3500 ,
802 3426 880 3485 unde
900 3441 981 3489 erant
1000 3426 1142 3500 derivati,
1164 3429 1370 3504 philosophia.

134 3524 197 3597 Quo
217 3523 304 3602 magis
323 3525 407 3583 nobis
434 3525 596 3585 cavendum
623 3539 681 3598 est,
713 3546 749 3582 ne
768 3524 881 3585 Platoni
912 3523 1208 3604 obtrudamus‚·quae
1237 3526 1274 3585 ab
1302 3530 1370 3605 ejus
1467 3591 1468 3600 ,

133 3635 223 3681 aetate
244 3634 271 3680 et
293 3623 409 3702 ingenio
434 3625 491 3682 sint
511 3623 615 3682 aliena.
658 3622 860 3684 confundatur
880 3622 919 3682 ita
938 3621 1125 3703 philosophus
1144 3645 1208 3683 cum
1226 3627 1365 3704 posterio-

134 3720 175 3777 ris
201 3720 264 3778 aevi
293 3718 494 3801 philosophis,
525 3721 582 3779 imo
610 3719 764 3778 adhaerere
798 3720 824 3778 ei
853 3718 1007 3779 videantur
1035 3721 1131 3780 sordes
1165 3720 1365 3784 scholasticae.

135 3816 307 3896 Exploravit
327 3817 378 3876 ille
397 3817 532 3896 quidem,
553 3839 624 3897 quae
644 3817 765 3898 singulis
785 3817 847 3876 istis
871 3815 1011 3880 doctrinis
1028 3819 1232 3893 continentur,
1252 3819 1364 3882 sedita

134 3914 294 3994 exploravit
314 3915 383 3974 haec
404 3917 519 3988 omnia,
541 3929 572 3974 ut
592 3937 642 3974 suo
660 3937 770 3996 semper
793 3916 855 3976 loco
865 3961 873 3990 ,
895 3915 928 3974 id
948 3930 1006 3990 est,
1028 3917 1062 3976 in
1081 3918 1140 3997 ipsa
1158 3917 1363 3998 philosophiae

134 4013 223 4070 veluti
242 4033 305 4070 arce
325 4026 461 4072 maumet.
499 4014 710 4074 Mentorenim
729 4036 839 4097 semper
858 4015 955 4075 divini
973 4016 1076 4076 moniti
1096 4013 1192 4093 γνῶθι
1221 4010 1364 4091 canoros,

133 4113 260 4168 animum
280 4110 424 4190 spectabat
443 4112 585 4184 maxime,
606 4112 638 4170 in
656 4133 744 4192 eoque
768 4127 798 4172 et
820 4114 999 4194 explorando
1026 4128 1055 4173 et
1071 4116 1110 4177 ad
1129 4119 1189 4178 veri
1216 4120 1364 4199 cognitio-

134 4227 199 4266 nem
219 4208 348 4269 acuendo
371 4209 534 4278 versabatur
555 4224 638 4270 totus.
665 4208 695 4290 1)

328 4347 395 4357 *ιφ-η

168 4414 191 4481 ι)
208 4417 315 4471 Plamdr.
329 4417 387 4470 229.
406 4418 436 4472 E.
454 4419 542 4489 ibique
558 4420 640 4492 lutpp.
658 4423 768 4478 Procius
791 4425 817 4479 ιἰι
833 4425 912 4480 Areu.
931 4445 956 4496 p.
976 4427 999 4481 5.
1017 4427 1041 4480 6.
