2898 5120
664 271 721 332 557

83 462 111 500 ea
130 437 224 514 bona,
244 459 317 518 quae
338 437 399 519 ipsa
420 440 452 496 in
472 459 501 497 se
521 437 632 515 justitia
662 437 813 512 continet,
833 457 850 495 a
868 434 927 496 diis
947 450 975 496 et
993 435 1162 496 hominihus
1181 434 1316 502 tribuun,

82 551 133 598 tur.
174 540 211 596 At
238 537 338 598 eadem
365 551 395 597 et
420 557 544 596 numero
574 549 602 594 et
632 533 836 614 magnitudine
857 531 934 598 nihil
952 547 1040 608 suut,
1061 535 1085 592 si
1102 553 1171 598 cum
1190 535 1226 594 iis
1242 553 1317 592 com·

81 648 232 715 parantur,
262 655 335 714 quae
365 649 519 713 utrumque
548 646 612 714 post
634 633 712 695 ritae
725 631 843 692 'exitum
860 646 990 692 manent.
1003 656 1017 689 α
1042 630 1072 712 l)
1113 633 1191 692 Haec
1213 631 1317 690 Socra-

83 745 135 809 tes3
153 755 218 794 mos
243 753 330 808 veru,
355 733 524 814 priusquam
547 729 618 794 haec
640 734 718 810 justo
735 729 898 790 tribuamus
915 730 948 788 in
967 730 1064 790 futura
1085 729 1139 790 illa
1159 729 1219 791 vita
1234 750 1315 808 νικη-

80 818 183 912 τήρια,
202 831 257 891 hoc
287 833 381 915 ipsum
404 831 617 892 nobilissimum
638 829 803 892 Platonicae
820 826 1025 908 philosophiae
1053 827 1215 909 placitum,
1236 831 1316 910 quod

80 930 113 990 de
137 932 299 992 animorum
326 943 368 989 est
395 927 626 1002 immortalitate,
665 947 732 988 cum
760 946 776 984 e
802 924 934 986 fontibus
962 925 1120 1002 ducamus,
1140 939 1203 988 tum
1221 929 1316 990 inter-

79 1029 178 1107 pretari
198 1043 275 1088 recte
296 1047 312 1086 e
332 1041 429 1088 mente
448 1040 476 1087 et
493 1025 637 1088 sententia
660 1022 826 1107 philosophi
848 1041 1000 1084 conemur.

350 1220 408 1281 Da
429 1227 741 1280 animorumim
757 1220 1038 1280 mortalitate.

262 1355 267 1366 ¹
306 1344 350 1376 1,..
422 1371 425 1374 .

113 1415 192 1478 Illud
210 1416 248 1476 de
267 1438 300 1478 eo
319 1417 446 1497 primum
469 1415 587 1478 videtur
608 1413 784 1480 tenendum.
829 1413 871 1473 Ut
891 1413 1052 1474 communis
1079 1413 1210 1474 omnium
1227 1413 1315 1475 hodie

78 1535 106 1574 ac
133 1516 263 1596 vulgaris
282 1528 334 1574 est
355 1513 396 1574 do
424 1515 484 1575 vita
510 1515 608 1574 sutum
633 1512 797 1588 sententia,
826 1512 935 1593 quippe
966 1496 1137 1572 confirmata
1164 1512 1316 1593 religionis

78 1627 183 1673 nostrae
204 1613 375 1672 auctoritate
386 1657 395 1688 ‚
416 1614 500 1690 cujus
526 1632 592 1693 pars
619 1611 756 1692 princeps
784 1623 844 1683 est,
866 1610 907 1670 ita
928 1609 1049 1689 antiquo
1068 1630 1139 1670 aevo
1158 1629 1315 1690 paucorum

77 1709 129 1768 luit
155 1709 395 1792 philosophorum
422 1709 548 1792 propria.
590 1709 735 1782 Miratur,
765 1721 797 1768 ut
826 1708 911 1769 modo
942 1708 1089 1783 vidimus,
1111 1708 1241 1784 Glauco,
1264 1709 1315 1772 ubi

76 1805 199 1868 Socrates
217 1811 281 1888 ejus
302 1809 479 1870 mentionem
508 1807 588 1888 iacit.
613 1804 706 1866 «Καὶ
727 1800 762 1880 ὃς
786 1799 942 1885 ἐμβλέψας
962 1828 1015 1883 μοι
1038 1804 1088 1866 καὶ
1105 1801 1317 1886 θαυμάσας·-

76 1905 112 1964 sic
131 1905 239 1967 Graece
255 1908 375 1968 selocus
394 1905 482 1966 habet
494 1937 526 1946 —
537 1898 616 1980 ains,
638 1903 699 1970 Mei
718 1901 770 1970 Δί’
788 1901 841 1968 oriar
866 1901 958 1988 ἔγωγε
975 1899 1142 1992 ᾔσθημαι,
1161 1899 1213 1991 tiu
1231 1899 1315 1969 risici-

75 2025 155 2078 νατος
175 1997 267 2086 ἡμῶν
295 1998 317 2086 ἦ
345 1998 437 2086 wrm*
462 2003 511 2066 uui
537 2000 683 2070 οὐδέποτε
711 2001 889 2070 ἀπόλλυται·
920 2001 958 2068 ori
981 2005 1018 2070 δὲ
1048 2003 1130 2070 ταῦτ’
1163 2003 1241 2090 ἔχεις
1265 2002 1315 2068 λέ-

77 2125 145 2182 γανς
174 2105 207 2187 2)
237 2108 302 2188 Ipse
324 2107 397 2166 adeo
416 2106 495 2188 apud
522 2107 748 2192 Xenophontem
775 2111 923 2187 Socrates,
946 2110 998 2170 uhi
1014 2098 1094 2172 ¹talis
1113 2111 1198 2171 nobis
1216 2131 1313 2170 occur·

76 2206 125 2281 rit,
144 2209 240 2288 qualis
267 2229 366 2290 reapse
386 2211 462 2287 suit,
483 2233 543 2272 non
570 2213 690 2292 quidem
708 2217 741 2274 in
760 2214 885 2274 dubium
905 2227 987 2274 vocat
1006 2213 1171 2274 animorum
1199 2213 1314 2272 immor·

76 2301 227 2383 talitatem,
249 2307 308 2367 imo
324 2305 469 2384 affirmat,
489 2309 541 2368 sed
564 2331 649 2387 raro,
670 2331 724 2372 nec
744 2314 801 2373 nisi
830 2311 944 2373 duobus
963 2312 1035 2372 locis
1056 2311 1093 2371 de
1115 2329 1147 2370 ea
1167 2311 1312 2390 loquitur:

75 2413 130 2460 tum
147 2423 216 2466 vero
236 2405 277 2464 sie
293 2405 439 2484 loquitur,
461 2408 519 2467 acsi
544 2429 606 2468 eam
634 2428 695 2471 non
721 2410 790 2471 tart
815 2409 901 2493 operi
927 2424 956 2470 et
976 2409 1118 2470 adductis
1137 2407 1316 2490 argumentis

77 2501 127 2564 sibi
153 2503 329 2584 persuadere
355 2518 476 2565 conatus
496 2507 593 2569 fuerit.
616 2507 648 2590 3)
688 2509 801 2568 Primus
818 2508 873 2570 hoc
891 2508 981 2589 egisse
1001 2508 1083 2568 Plato
1102 2507 1238 2582 videtur,
1260 2525 1313 2564 nec

75 2612 162 2662 umen
183 2602 248 2683 ipse
276 2620 328 2682 per
347 2620 376 2661 se
387 2647 395 2676 ,
417 2602 467 2662 sed
486 2623 643 2665 conversus
667 2605 740 2666 illuc
760 2606 968 2686 Pythagoricae
989 2604 1194 2686 philosophiae
1212 2617 1314 2663 aueto-

54 2697 160 2760 ·ritatc.
201 2700 277 2760 Nam
305 2698 513 2765 continebatur
539 2701 571 2760 in
600 2702 654 2762 illa
680 2703 882 2764 immortalitas
909 2703 1160 2762 animorum‘cum
1180 2699 1313 2760 doctrina

75 2793 107 2853 de
129 2796 387 2878 metempsychosi,
408 2809 470 2858 tum
496 2803 647 2879 poitarum
674 2821 706 2860 ac
733 2799 972 2882 philosophorum
997 2798 1098 2858 effatis.
1142 2797 1223 2858 Plato
1243 2817 1313 2860 varo

75 2889 181 2955 demum
209 2913 279 2956 cum
307 2894 373 2955 aliis
398 2895 619 2958 conscribendis
647 2897 790 2979 dialogis,
812 2911 875 2958 tum
895 2897 1020 2956 ma'xime
1039 2897 1217 2971 Phaedone,
1239 2887 1325 2955 inde'

75 3009 127 3051 rem
149 3007 303 3075 repetens,
335 2991 498 3052 doctrinam
528 2994 561 3053 in
590 2995 656 3056 luce
670 2996 847 3070 collocarit
886 2996 945 3054 Nec
965 3008 1063 3053 tamen
1082 3007 1150 3052 aute
1167 2993 1310 3073 Pythago·

75 3104 179 3150 ramat
206 3090 360 3150 Platonem
386 3089 503 3150 latuisse
529 3113 650 3173 prorsus
678 3095 814 3174 antiquos
842 3092 898 3152 hoc
918 3092 1059 3174 placitum
1081 3089 1208 3152 videtur.
1249 3089 1313 3149 ob-

75 3204 148 3247 scure
171 3187 313 3249 traditum
342 3188 374 3248 in
403 3189 549 3269 mysteriis
575 3192 687 3271 luerat,
708 3191 865 3272 inquibus
883 3179 979 3252 ad'rei
997 3183 1086 3251 ‘adiro
1100 3187 1150 3250 atui
1163 3181 1312 3248 tuentem

55 3289 262 3365 ¹referebatur,
296 3305 328 3350 ut
356 3311 371 3350 e
400 3291 550 3352 Ciceronis
580 3293 663 3370 loco,
695 3317 781 3377 supra
811 3317 826 3354 a
856 3293 942 3357 nobis
968 3290 1078 3367 allato,
1100 3287 1243 3370 credibile
1254 3289 1311 3366 lit,
1353 3371 1361 3381 .

75 3383 120 3446 uhi
137 3390 233 3450 httico
251 3388 298 3448 his
317 3390 432 3450 initiato
451 3389 542 3450 dicit:
564 3399 704 3451 initio
722 3404 758 3452 ut
777 3393 977 3472 appellentur
987 3399 1056 3466 ,rita
1074 3411 1109 3448 re
1130 3409 1202 3448 vera
1216 3396 1312 3468 prin·

74 3490 148 3560 cipio
173 3495 254 3546 vitoe
280 3495 490 3568 cognovimus:
521 3509 614 3566 nequa
641 3492 737 3550 solum
762 3505 831 3548 oum
861 3491 984 3550 laetitia
1015 3489 1135 3547 vivendi
1161 3495 1312 3546 rationem

75 3591 256 3661 accepimus,
288 3585 339 3642 aad
366 3593 460 3644 ctiam
488 3607 557 3644 cum
584 3608 634 3664 ape
662 3589 785 3646 meliore
815 3588 973 3654 vtreors'eradi.
996 3584 1028 3665 4)
1069 3587 1170 3664 Itaque
1192 3605 1236 3644 'cx
1255 3583 1310 3642 h'oc

75 3677 137 3740 item
148 3683 233 3744 'fonte
253 3684 336 3743 Plato
355 3684 387 3742 in
402 3681 563 3742 Phaedone
581 3684 699 3760 hausit,
720 3685 890 3764 saepiusque
910 3684 981 3743 fecit
1008 3683 1212 3762 mysteriorum
1230 3693 1310 3740 meh·

73 3776 194 3857 tionem,
223 3783 256 3842 in
284 3781 331 3842 his
362 3804 389 3843 v.
420 3803 446 3843 c.
476 3778 524 3844 καὶ
549 3775 749 3844 κινδυνεύουσι
775 3780 825 3843 καὶ
849 3778 879 3842 αἱ
901 3775 956 3854 ταῖς
984 3773 1101 3854 relarair
1129 3772 1203 3860 ἡμῖν
1229 3766 1312 3839 οὗτοι

74 3877 318 3966 καταστήσαντες,
343 3874 382 3946 oo’
402 3882 513 3968 φαῦλοί
528 3901 607 3959 *τινες
624 3877 711 3961 εἶναι,
739 3875 815 3947 ἄλλα
846 3884 891 3970 τῷ
914 3873 1090 3945 emradius
1110 3878 1311 3954 αἰνίττεσθαι,

107 4193 130 4258 1)
148 4198 185 4250 De
205 4201 266 4270 Pap.
286 4201 317 4252 X.
336 4199 397 4253 612.
416 4199 445 4252 B.
464 4229 498 4239 -
516 4201 574 4254 611.
595 4202 626 4254 Α.
697 4231 700 4238 ,

106 4275 130 4340 2)
148 4282 223 4336 loitr'o
241 4283 344 4359 r·.⁵3⁵·
364 4283 405 4338 (ll.
425 4285 493 4352 105,
514 4285 579 4351 tat,
598 4284 658 4339 209.

106 4360 132 4426 ³>
150 4367 205 4420 vid.
224 4371 301 4438 Wytt.
321 4371 346 4422 in
365 4373 434 4450 els'rp.¹
445 4373 476 4423 de
493 4373 570 4424 mira.
588 4373 692 4424 Μαι.
713 4401 741 4412 -
759 4368 898 4439 Opere-ll,
918 4367 978 4422 563.

106 4445 130 4510 l)
149 4449 203 4506 cie.
221 4457 250 4506 de
264 4455 336 4524 lagg.
354 4456 385 4510 ll.
403 4455 444 4509 11.
464 4456 512 4510 cr.
531 4457 609 4512 initia
626 4474 652 4526 p.
671 4455 723 4521 ³5,
744 4455 801 4509 too.
