2950 5134
94 437 269 500 loeoundabat
287 434 562 514 commendahatqne
581 433 739 513 judicandi
762 432 942 508 subtilitate,
961 414 1123 494 disserendi
1140 433 1312 516 diligentia,

94 553 225 614 scribendi
242 552 348 616 ordine
367 565 395 612 et
413 550 564 631 elegantia.
587 551 722 612 Criticam
745 563 840 610 autem
857 550 898 610 sic
918 551 1065 625 instituit,
1086 561 1117 610 ut
1135 549 1208 628 quid
1224 553 1311 632 magis

92 669 250 728 admiremur
268 667 434 732 dubitemus
453 665 530 738 fere,
551 666 717 726 interiorem
736 665 860 726 Graecae
885 654 1059 744 Latinaeque
1080 665 1197 746 linguae
1213 669 1311 734 soien-

93 783 167 855 tiam,
186 803 222 840 an
243 804 341 844 rerum
365 781 498 862 peritiam
520 795 549 842 et
571 765 783 856 eruditionem,
804 802 842 840 an
863 801 936 850 vero
952 780 1169 857 judiciumvel
1195 805 1309 844 sensum

94 897 176 976 potius
193 896 253 956 ueri
272 897 452 961 acerrimum.
483 897 556 957 Nam
569 909 671 976 sponte
689 895 817 975 proferre
833 909 863 952 et
882 895 963 972 quasi
978 915 1078 975 parere
1093 895 1202 956 solebat
1216 920 1311 963 emen-

92 997 221 1086 dationes,¹
238 1031 292 1070 nec
312 1010 477 1090 probabiles
495 1009 615 1092 putabat
625 1055 634 1086 ,
652 1031 726 1088 quae
745 1008 845 1068 multis
864 1022 957 1070 essent
970 1009 1131 1070 rationibus
1144 1012 1311 1093 probandm

93 1138 115 1182 et
131 1124 380 1188 commendandae:
408 1125 578 1206 Symbolum
597 1124 773 1205 usurpabat,
794 1137 826 1184 ut
842 1123 951 1185 fecerat
969 1123 1038 1184 item
1056 1125 1268 1195 Ruhnkenius:

329 1302 336 1320 ⁸
363 1233 473 1314 ἄπλους
494 1235 551 1322 peip
572 1238 677 1318 μῦθος
697 1237 754 1320 τῆς
775 1232 919 1320 ὢηθείας
941 1231 1016 1326 ἔφυ·

92 1381 135 1420 nec
152 1379 249 1422 rerum
271 1359 476 1436 existimabat,
496 1361 554 1422 nisi
580 1359 658 1439 quod
685 1359 808 1440 simplex
833 1373 905 1418 esset
929 1371 957 1418 et
982 1358 1072 1438 ipsius
1096 1357 1157 1418 veri
1182 1379 1211 1418 sc
1231 1380 1311 1420 com-

91 1460 223 1538 madiret
238 1475 360 1535 lumine.
382 1473 449 1536 sed
466 1495 539 1554 quae
560 1475 616 1536 riri
641 1475 754 1551 fuerint
773 1475 805 1534 in
824 1472 1011 1536 Plutarchum
1029 1485 1057 1534 et
1075 1485 1162 1534 totam
1177 1475 1311 1555 antiqui·
1361 1504 1371 1512 -

90 1604 163 1650 tatem
179 1590 300 1671 mprita,
318 1611 371 1650 nec
391 1603 418 1650 te
431 1590 528 1677 latet,
544 1592 700 1665 Crantore,
716 1609 769 1652 nec
787 1588 875 1667 hujus
892 1603 933 1650 est
951 1589 1008 1649 loci
1027 1587 1197 1668 diligentius
1212 1589 1311 1672 expli·
1349 1651 1351 1656 ,

90 1725 151 1762 care.
178 1705 266 1782 Quod
286 1726 354 1765 vero
375 1704 412 1762 ab
419 1704 516 1767 'initio
534 1706 616 1779 dixi,
637 1706 756 1786 ingenio
770 1704 856 1764 illum
864 1693 1055 1784 doctrinaque
1063 1705 1214 1784 audquum
1223 1705 1311 1786 plane

91 1819 205 1880 retulisse
235 1840 357 1894 aeuum,
386 1820 521 1902 pluribus
547 1822 632 1880 etiam
650 1791 786 1902 persequi
808 1823 902 1898 ¹juvat.
948 1820 1020 1880 Nam
1047 1841 1098 1900 per
1124 1841 1209 1882 ¹otnuie
1237 1835 1311 1880 tem-

91 1955 151 2014 pus,
168 1957 223 2014 quo
244 1957 302 1998 una
322 1936 430 1994 luimus
455 1949 482 1994 et
506 1937 601 1996 virum
626 1957 677 2016 ego
694 1955 863 2026 cognoscere
881 1935 1003 1994 interius
1021 1933 1138 2008 studui,
1158 1933 1239 1996 haud
1256 1936 1311 1996 de-

91 2049 269 2128 prehendisse
284 2071 328 2110 me
345 2050 484 2123 memini,
505 2049 583 2129 quod
601 2049 758 2112 admirarer
774 2035 871 2130 magis.
1366 2031 1368 2037 Ι

123 2165 315 2244 Reperiuntur
343 2163 606 2240 multiliterarum
632 2179 778 2240 amantes,
808 2167 859 2245 qui
879 2187 931 2247 per
957 2178 1045 2245 tptam
1069 2165 1157 2226 vitam
1173 2169 1310 2246 antiquos

96 2291 239 2355 tractarunt
259 2295 405 2354 auctores,
427 2294 455 2340 et
476 2300 544 2342 tero
565 2303 655 2340 unum
674 2303 771 2340 eorum
790 2281 967 2360 alterumque
988 2279 1161 2354 ediderunt,
1183 2301 1235 2340 nec
1264 2296 1309 2342 ta-

29 2333 35 2436 l
94 2413 143 2454 nen
163 2396 269 2459 imbuti
292 2395 502 2474 quodammodo
527 2397 666 2457 videntur
681 2398 861 2477 antiquitatis
879 2396 991 2472 colore,
1019 2395 1091 2474 q‘nin
1110 2395 1151 2453 sic
1169 2395 1205 2455 de
1223 2398 1308 2458 rebus

93 2513 194 2572 vetustis
218 2525 248 2571 et
276 2511 505 2573 sermocinantur
525 2525 563 2593 et
577 2513 709 2574 scribunt
731 2513 835 2588 etiam,
857 2525 889 2574 ut
903 2509 999 2570 solent
1016 2509 1074 2570 fere
1090 2507 1126 2567 de
1146 2510 1231 2570 rebus
1247 2515 1308 2572 suis

90 2637 115 2681 et
131 2625 314 2706 vulgaribus3
336 2625 465 2686 homines
489 2625 569 2687 haud
593 2627 712 2720 inutiles
732 2627 852 2706 quidem
875 2625 922 2686 his
940 2625 1051 2698 literis,
1072 2623 1123 2683 sed
1142 2625 1231 2686 iidem
1252 2649 1306 2688 nec

93 2737 176 2800 idonei
205 2741 357 2802 uetustatis
388 2741 558 2821 interpretes
581 2763 633 2802 nec
657 2743 751 2802 critici
775 2739 913 2802 dicendi:
943 2737 1086 2818 siquidem
1108 2738 1161 2800 hoc
1191 2743 1307 2804 nomine

93 2869 129 2909 eos
144 2854 349 2935 intelligimus,
370 2856 421 2936 qui
445 2869 506 2914 tum
530 2855 646 2916 demum
669 2855 705 2915 de
730 2855 815 2917 rebus
836 2825 972 2933 ¹indiciam
996 2867 1024 2912 et
1047 2849 1137 2934 spicer
1166 2871 1307 2936 utuntur,

92 2987 165 3042 quum
191 2990 238 3028 eas
255 2971 372 3052 penitas
390 2983 418 3029 et
436 2984 644 3051 perspexerunt
662 2983 690 3029 et
707 2982 927 3050 persenserunt..
941 2970 1004 3030 Non
1023 2973 1101 3032 enim
1119 2969 1226 3032 sufficit
1236 3018 1245 3046 ,
1267 2972 1307 3030 le-

84 3083 190 3146 ctitasse
206 3086 277 3145 haec
297 3087 393 3148 omnia
418 3101 446 3146 et
460 3100 607 3147 tractasse:
630 3087 747 3146 accedat
764 3098 893 3166 oportet,
915 3084 992 3163 quod
1009 3085 1088 3146 haud
1109 3089 1167 3148 scio
1187 3111 1224 3148 an
1243 3109 1306 3150 om-

94 3198 210 3260 niumsit
228 3197 457 3275 difficillimum,
484 3200 613 3262 studium
626 3191 811 3288 'antiquitatis
827 3200 971 3287 interius,
990 3215 1021 3260 ut
1039 3202 1168 3263 insinues
1186 3217 1213 3263 te
1227 3225 1304 3286 pror

29 3329 30 3344 ¹
94 3331 131 3370 sus
145 3315 175 3374 in
198 3316 290 3396 ipsam
315 3316 427 3394 antiqui
451 3316 515 3376 aevi
542 3309 688 3396 cogitandi
699 3363 708 3391 ,
730 3314 895 3389 sentiendi,
921 3315 1059 3392 dicendi,
1080 3308 1305 3405 philosophandi

94 3427 233 3496 rationem:
255 3429 334 3508 quod
353 3431 403 3509 qui
423 3451 482 3492 non
501 3431 623 3504 lecerit,
642 3430 801 3512 explicabit
820 3429 973 3492 verborum
987 3432 1205 3512 dictionuunque
1224 3455 1305 3494 nsum

47 3612 51 3622 ὓ
93 3553 116 3597 et
131 3543 378 3622 significationem,
399 3545 489 3626 ipsam
516 3547 638 3606 auctoris
663 3545 833 3606 sententiam
857 3559 884 3604 et
907 3561 1030 3607 mentem
1051 3570 1110 3608 non
1137 3549 1306 3630 explicabit.

95 3652 321 3734 wyttenbachius
338 3661 377 3718 ita
396 3680 425 3718 se
444 3639 561 3739 penitus
580 3661 742 3722 insinuavit
760 3660 794 3720 in
811 3661 1031 3738 antiquitatem,
1054 3675 1085 3720 ut
1103 3663 1201 3722 uivere
1220 3662 1305 3742 vide·

95 3783 160 3829 retur
176 3773 262 3854 plane
279 3774 312 3836 in
334 3775 437 3838 mediis
460 3775 522 3836 illis
542 3774 658 3834 Graecis
672 3787 700 3832 et
718 3775 864 3835 Romanis.
903 3773 1077 3837 Adolescens
1091 3779 1165 3854 jam,
1183 3775 1306 3856 legendo

96 3881 286 3961 Demosthene,
309 3888 340 3947 in
365 3889 452 3967 buius
476 3865 508 3950 et=
529 3888 657 3970 Philippi
678 3901 804 3968 tempora
824 3910 852 3948 se
872 3904 963 3949 totum
986 3892 1179 3952 transtulerat.
1220 3892 1305 3966 Qurod

97 3996 145 4074 ipse
161 4001 308 4084 descripsit
325 4005 357 4062 i'n
374 4004 552 4084 praefatione
578 4003 780 4078 Selectorum,
811 4005 867 4064 imo
892 4026 951 4063 rem
973 4009 1121 4088 proposuit
1140 4007 1231 4068 oculis
1250 4030 1305 4066 no-

98 4113 158 4172 stris.
177 4116 284 4191 Video,
305 4120 401 4198 inquit
410 4165 419 4194 ,
440 4119 587 4180 Oratorem
606 4117 725 4192 ardere,
746 4117 861 4194 dolere,
883 4119 991 4200 impetu
1011 4124 1099 4182 ferri:
1120 4122 1263 4184 incendor
1277 4137 1305 4180 et

98 4224 162 4303 ipse,
181 4231 332 4312 eodemque
359 4246 438 4293 motu
466 4233 598 4292 auferor:
629 4231 714 4294 altior
742 4232 798 4306 lio,
819 4254 872 4292 nec
893 4255 955 4292 sum
975 4236 1024 4314 qni
1046 4237 1171 4297 fueram:
1202 4205 1304 4297 videor

98 4341 158 4400 mibi
174 4346 372 4409 Demosthenes
400 4348 460 4429 ipse
487 4368 563 4423 esse,
585 4361 663 4408 stans
689 4348 721 4406 in
747 4347 887 4410 tribunali
904 4349 980 4410 hanc
998 4352 1155 4439 orationem
1180 4349 1304 4414 habere,

102 4455 302 4522 Atheniensium
320 4463 486 4524 concionem
505 4462 543 4522 ad
561 4464 697 4539 majorum
719 4463 854 4536 uirtutem
872 4479 900 4524 et
919 4464 1037 4544 gloriam
1056 4466 1174 4526 hortari.
1195 4499 1230 4510 -
1247 4463 1303 4526 Sed

997 4579 1014 4634 2
