2872 5122
524 1339 627 1460 ¹DE
671 1393 979 1473 rnrrrUS,

483 1636 557 1696 QUAE
586 1635 626 1681 ΔΙ)
654 1635 757 1682 rorent
769 1667 772 1674 .
784 1634 892 1681 DUCUN'P
908 1635 1053 1698 mom,

543 1827 581 1872 rr
611 1827 748 1873 PRIMIS
777 1827 823 1873 Dr
852 1825 991 1872 nostor.

686 2137 847 2165 -0-

193 2414 287 2474 Multa
316 2410 385 2472 tulit
404 2423 432 2468 et
451 2429 526 2468 nova
543 2422 571 2467 et
591 2407 736 2489 praeclara
755 2407 899 2468 saeculum
918 2405 1096 2488 praecedens.
1122 2411 1155 2470 ln
1175 2410 1283 2490 quibus
1301 2406 1370 2470 haud

154 2513 286 2573 infimum
304 2523 383 2570 tenet
402 2507 498 2567 locum
517 2508 622 2566 artium
641 2506 864 2588 elegantiorum,
885 2506 962 2586 quod
981 2507 1115 2586 effloruit,
1130 2509 1274 2570 studium.
1308 2509 1370 2568 Nam

154 2633 220 2670 cum
237 2609 409 2669 adhaesisset
427 2620 509 2666 antea
530 2605 670 2665 doctrinis
689 2607 762 2666 ratio
782 2604 921 2684 quaedam
945 2605 1127 2683 scholastica,
1147 2630 1219 2687 quae
1249 2623 1277 2668 et
1306 2609 1372 2688 ipsas

153 2709 317 2769 obscuraret
335 2721 363 2766 et
383 2706 475 2766 literis
493 2704 601 2764 obesset
619 2725 651 2762 ac
669 2703 887 2785 philosophiae,
906 2725 956 2780 pu
968 2706 1003 2762 le
1014 2727 1098 2765 rum
1127 2693 1241 2786 exquiri
1271 2723 1372 2766 summo

154 2808 250 2867 studio
273 2806 375 2887 coepit.
416 2804 480 2878 Quo
498 2801 605 2861 accidit
615 2847 623 2876 ,
645 2815 694 2876 ut,
715 2800 861 2881 quidquid
878 2803 1059 2880 antiquarum
1074 2819 1145 2865 esset
1159 2807 1266 2865 artium
1283 2823 1371 2884 super·

154 2921 228 2981 stes,
249 2904 428 2985 sculpturae,
450 2900 618 2974 statuariae,
639 2899 863 2980 architecturae,
885 2900 1040 2977 similium,
1058 2902 1132 2963 illud
1160 2919 1188 2963 et
1215 2905 1374 2985 explorare-

154 3019 201 3064 tur
221 3002 390 3083 diligentius
419 3014 447 3059 et
472 3019 538 3059 cum
564 2997 659 3079 pulcri
688 2999 859 3077 venustique
883 3019 968 3057 sensu
990 2999 1184 3078 judicantur:
1215 3017 1277 3062 tum
1291 2997 1375 3061 ‘etiam

155 3102 270 3162 nullum
295 3122 354 3160 non
378 3097 600 3178 disciplinarum
619 3117 708 3176 genus
732 3097 890 3156 venustatis
911 3097 1054 3175 quendam
1074 3102 1225 3181 susciperet
1243 3101 1374 3160 colorem:

155 3202 228 3280 quin
253 3220 329 3258 nova
356 3198 503 3256 exsisteret
536 3193 689 3269 doctrina,
719 3195 959 3253 oesthetiea
989 3196 1077 3277 vulgo
1101 3198 1188 3259 dicta.
1240 3199 1377 3274 Quocirca

155 3319 240 3357 nemo
258 3295 345 3357 facile
370 3293 512 3372 hodieque
540 3293 573 3351 in
597 3291 809 3372 philosophiam
838 3293 986 3352 incumbat
1014 3295 1157 3371 Platonis,
1185 3297 1258 3376 quin
1287 3296 1377 3355 locum

156 3397 236 3455 huno
253 3407 396 3466 tractans,
416 3392 466 3471 qui
485 3404 526 3449 est
542 3390 579 3450 de
597 3389 698 3470 pulcro
716 3403 744 3448 et
763 3411 856 3449 amore
866 3436 874 3467 ,
895 3390 1058 3451 Platonicae
1081 3395 1249 3475 investiget,
1269 3395 1294 3452 si
1312 3411 1378 3472 quae

156 3495 194 3553 sit
205 3539 213 3568 ,
234 3491 400 3551 aestheticae
419 3490 574 3571 principia.
615 3488 652 3547 Et
679 3488 825 3568 profecto,
844 3509 909 3547 cum
932 3490 1032 3549 merito
1046 3490 1116 3550 haeo
1133 3491 1265 3551 doctrina
1289 3491 1379 3572 gravis

156 3591 297 3651 habeatur
315 3586 514 3670 philosophiae
527 3607 611 3668 pars,
632 3607 664 3646 eo
683 3586 784 3666 magis,
804 3585 926 3664 quidde
941 3587 1050 3647 artibus
1067 3590 1271 3650 existimaverit
1290 3589 1378 3659 Plato,

156 3686 367 3772 exquirendum
388 3684 513 3746 videtur.
1220 3684 1223 3691 ’

271 3883 350 3964 Quid
369 3884 449 3942 illud
467 3891 530 3956 eat,
549 3881 624 3959 quod
642 3888 675 3938 in
691 3887 808 3938 ortium
828 3883 925 3940 studio
944 3883 1136 3960 reprehendit
1152 3883 1266 3943 Plato?

199 4082 257 4143 Sed
278 4078 507 4161 ingredientibus
527 4077 582 4136 hoc
600 4092 814 4157 argumentum,
836 4076 867 4136 id
891 4077 975 4137 nobis
1003 4079 1141 4139 continuo
1165 4081 1269 4138 mirum
1288 4077 1378 4140 videa·

157 4196 225 4256 tur,
246 4179 323 4260 quod
342 4190 470 4251 constat,
491 4175 570 4234 haud
589 4174 733 4255 praeclare
753 4177 924 4234 existimasse
943 4175 1091 4235 Platonem
1111 4176 1147 4236 de
1166 4179 1275 4257 poitis,
1295 4191 1379 4236 orato·

86 4303 88 4310 ’
158 4281 258 4354 ribus,
279 4276 439 4350 statuariis,
469 4273 646 4356 pictorihuS,
672 4272 709 4332 de
738 4275 773 4332 iis
800 4275 936 4350 omnino,
957 4275 1007 4353 qui
1030 4288 1104 4333 artes
1130 4273 1296 4334 coluerunt:
1328 4277 1380 4333 imo

158 4400 225 4440 vero
236 4424 244 4453 ,
267 4397 323 4434 una
341 4394 406 4433 cum
422 4373 500 4432 hisce
511 4417 521 4445 ,
541 4385 614 4430 artes
634 4371 718 4430 etiam
738 4393 835 4431 eorum
855 4385 966 4432 tantum
993 4393 1053 4432 non
1073 4375 1261 4433 contemsisse.
1300 4369 1379 4447 Quod

158 4499 190 4536 eo
206 4477 302 4536 minus
317 4471 449 4534 videatur
466 4469 606 4551 explicari
625 4489 723 4549 posse,
738 4490 794 4548 quo
812 4472 901 4551 magis
918 4469 1050 4529 abhorret
1068 4470 1104 4528 ab
1124 4471 1222 4530 indole
1241 4486 1268 4530 et
1282 4469 1380 4529 studiis
