2898 5120
664 269 725 329 tul

78 442 176 513 gentes
204 429 378 505 orientales,
408 429 474 500 cum
502 435 647 506 narratio,
678 455 766 514 quam
797 455 950 509 vocamus,
979 437 1179 514 per-seclieris
1196 440 1318 503 notione

76 531 262 607 cunjunctam
288 529 395 604 luisse,
426 544 458 590 ut
486 525 597 603 dirutae
624 531 770 592 diceretur
801 534 846 592 vir
868 533 982 608 bonus,
1004 535 1139 594 omnibus
1161 536 1321 596 virtutibus

77 629 113 688 ad
141 628 217 687 bene
245 626 405 688 vivendum
433 630 611 692 instructus:
642 629 770 710 qualit,
793 644 825 688 ut
845 631 1034 714 perfectionis
1054 632 1206 708 cuiusdam
1225 635 1320 714 signi-

76 726 175 799 ficatio,
205 727 237 784 in
267 738 326 786 tota
356 725 410 786 bac
435 728 567 790 Platonis
594 729 792 809 disputatione
819 727 995 788 dominetur.
1054 731 1158 790 Dicere
1187 745 1320 812 poterat,

69 831 191 900 jartam
217 841 276 882 esse
305 825 463 904 perlectam
492 827 573 886 illam
604 826 832 906 rempublicam,
848 826 922 904 ,quia
943 847 993 885 suo
1012 829 1209 907 unusquisque
1230 830 1262 888 in
1285 851 1316 888 ea

38 939 42 950 ’
76 919 238 1004 peragendo
258 919 356 981 officio
374 906 457 983 suum
476 927 580 1004 cuique
601 925 761 997 tribueret,
783 926 887 982 bonam
907 944 976 982 vero
995 925 1229 1004 perfectamque,
1249 927 1318 1006 quia

74 1041 155 1080 suum
181 1020 303 1098 quisque
330 1036 487 1102 perageret.
530 1022 587 1083 Sed
613 1021 670 1082 hoc
690 1022 761 1100 justi
788 1020 916 1100 bonique
936 1019 1093 1082 discrimen
1113 1024 1163 1083 bic
1185 1046 1245 1084 non
1269 1045 1319 1085 cx,-

75 1117 185 1198 pressit.
238 1119 388 1178 Caeterum
417 1121 632 1202 interpretandi
664 1142 716 1179 nos
745 1119 891 1189 Platonis,
924 1141 984 1192 nun
1016 1119 1159 1182 laudaudi
1190 1137 1239 1182 aut
1269 1121 1317 1182 de-

75 1214 218 1276 fendendi
245 1229 340 1295 partes
358 1220 536 1299 suscepimus
547 1243 555 1294 ;
578 1233 770 1280 veruntamen
790 1215 1023 1277 animadvertere
1044 1217 1130 1278 nobis
1150 1218 1237 1293 licet,
1258 1242 1317 1280 nou

74 1314 111 1374 ita
140 1313 228 1394 longe
256 1314 406 1374 Platonem
433 1338 449 1374 a
480 1330 576 1377 nostra
606 1316 753 1397 cogitandi
784 1314 981 1394 loquendique
1012 1316 1123 1374 ratione
1142 1315 1317 1378 discessisse.

74 1411 191 1470 Etenim
212 1411 260 1472 lex
279 1411 350 1487 illa,
370 1434 457 1492 quam
474 1414 512 1474 ab
532 1415 620 1475 initio
641 1417 673 1474 in
693 1411 847 1474 condenda
875 1413 994 1472 civitate
1014 1412 1158 1486 sancivit,
1182 1427 1214 1472 ut
1233 1437 1316 1476 suum

75 1509 272 1597 unusquisque
298 1511 331 1569 in
360 1523 537 1574 caeterorum
567 1513 696 1574 omnium
727 1533 807 1570 usum
836 1524 1002 1592 perageret,
1024 1510 1085 1590 ipsa
1112 1523 1156 1570 est
1171 1512 1316 1593 jurispru-

74 1607 190 1666 dentiae
222 1620 337 1667 nostrac
367 1607 418 1668 len
448 1630 576 1684 summa,
607 1633 623 1670 a
648 1609 856 1689 jureconsultis
893 1609 1031 1668 Romanis
1062 1606 1195 1688 prodita,
1226 1630 1316 1687 quum

73 1703 234 1764 delinirent
255 1705 418 1782 justitiam,
445 1719 631 1768 constantem
667 1708 750 1768 illam
786 1727 846 1766 esse
882 1716 911 1764 et
935 1716 1115 1783 perpetuum
1137 1712 1197 1781 jue
1225 1730 1314 1768 seura

73 1811 181 1880 cuique
209 1805 366 1862 imbuende·
387 1807 582 1878 voluntatens.
625 1805 663 1865 ld
688 1807 767 1864 enim
796 1804 859 1863 fieri
891 1803 974 1864 uullo
1002 1803 1088 1862 modo
1114 1816 1227 1884 potest,
1258 1807 1314 1866 nisi

75 1901 200 1979 primum
227 1901 294 1980 quis
319 1923 402 1962 suum
431 1905 493 1984 ipse
522 1903 650 1964 officium
670 1917 756 1964 recte
775 1903 927 1983 peregerit.
970 1901 1028 1960 Hic
1047 1917 1142 1962 autem
1163 1924 1215 1966 nos
1237 1903 1314 1963 locus

71 1997 227 2073 admonet,
249 2011 281 2058 ut
307 1999 344 2060 de
369 2002 488 2080 politica
520 2016 667 2078 veterum,
697 2015 759 2060 tum
788 1998 930 2062 etiamdc
951 1999 1080 2080 politicis
1099 2000 1228 2061 Platonis
1246 2001 1313 2061 dia-

9 2163 10 2166 *
73 2095 140 2176 logis
159 2096 301 2158 nonnibil
322 2119 519 2160 memoremus.

431 2293 489 2366 De
515 2297 711 2373 politica
742 2304 943 2353 rotarum.
1230 2355 1249 2394 g

106 2487 212 2548 Exstat
241 2487 321 2570 apud
349 2489 498 2550 Platonem
526 2491 699 2572 pulcerrima
718 2491 755 2550 de
774 2489 943 2552 Prometheo
961 2502 989 2549 et
1006 2489 1178 2570 Epimetheo
1196 2490 1311 2564 fabula,

69 2607 138 2664 quae
167 2587 294 2647 maxime
330 2609 382 2647 nos
417 2586 522 2664 docet,
555 2610 641 2668 quam
682 2603 793 2651 veteres
822 2589 882 2646 fere
919 2586 1122 2646 intellexerint
1151 2587 1311 2667 politicam.¹

71 2684 138 2742 Nam
159 2697 193 2744 ut
211 2683 342 2744 homiues
364 2706 417 2766 per
436 2671 636 2746 Prometheum
655 2687 696 2772 τῇ
716 2680 844 2769 ἐντέχνῳ
871 2681 965 2767 σοφίᾳ
992 2682 1030 2743 ad
1051 2697 1125 2742 artes
1144 2684 1310 2744 tractandas

71 2781 203 2841 instructi
234 2784 368 2858 fueraut,
398 2777 532 2864 πολιτική
561 2785 656 2847 adhuc
677 2789 787 2849 dicitur
817 2807 876 2845 non
905 2775 1056 2844 adfuisse?
1102 2781 1225 2845 Exstitit
1252 2783 1306 2842 illa

70 2877 203 2955 demum,
232 2902 249 2939 a
272 2903 330 2960 quo
357 2881 484 2966 tempore
505 2887 647 2967 Jupiter,
674 2887 761 2946 misso
786 2883 825 2944 ad
847 2883 998 2943 bominum
1026 2900 1117 2959 genus
1144 2881 1308 2956 Mercurio,

69 2975 144 3038 oldai
172 2976 223 3039 acri
240 2977 339 3062 ’δίκην
367 3003 466 3044 eorum
498 2985 603 3044 animis
633 2985 755 3045 indidit.
817 2980 877 3042 Sed
904 3001 964 3040 rem
994 2977 1080 3037 nobis
1107 2978 1168 3058 ipse
1193 2991 1308 3037 enarret

7 3113 9 3120 ·
70 3080 241 3161 Protagoras.
286 3081 380 3142 «sold
406 3082 478 3158 int,
507 3084 567 3156 ait,
597 3083 667 3142 artis
695 3082 835 3142 facultate
862 3078 998 3159 instructi
1029 3077 1161 3136 homines
1187 3076 1307 3155 sparsim

70 3177 258 3240 habitabant:
286 3201 352 3239 nam
385 3179 471 3240 urbes
491 3179 629 3240 nondum
657 3193 750 3240 crant.
792 3176 1037 3238 Dilaoerabantur
1061 3174 1150 3253 igitur
1174 3195 1191 3231 a
1219 3173 1307 3248 feris,
1353 3183 1357 3191 '

69 3277 301 3357 quandoquidem
328 3278 376 3337 bis
405 3279 525 3338 omnino
552 3292 635 3337 erant
665 3276 881 3337 imbecilliores.
925 3265 1087 3353 Uoleronis
1101 3273 1180 3332 euim
1199 3265 1308 3353 τέχνην

70 3374 197 3434 nondum
224 3375 383 3451 tenebant,
413 3377 496 3454 cujus
523 3396 590 3456 pars
620 3389 662 3434 est
690 3378 735 3434 ars
762 3374 908 3460 militaris.
958 3373 1090 3436 Urbibus
1118 3373 1206 3452 igitur
1222 3395 1307 3435 eou-

68 3470 172 3533 dendis
200 3475 368 3554 congregari
396 3474 562 3552 servarique
581 3471 758 3548 studebant;
782 3493 900 3547 verum,
921 3494 988 3532 cum
1007 3486 1101 3532 essent
1121 3473 1305 3551 congregati,

69 3569 188 3647 iujurias
215 3570 271 3630 sibi
298 3572 426 3633 invicem
449 3570 616 3630 inferebant
656 3571 764 3651 quippe
790 3563 846 3651 τήν
868 3564 1019 3652 πολιτικήν
1046 3564 1157 3650 τέχνην
1179 3587 1238 3624 non
1259 3583 1304 3627 te-
1341 3573 1344 3580 '

69 3681 183 3729 nentes:
215 3669 351 3747 quocirca
380 3667 503 3750 dispersi
533 3668 631 3728 denuo
660 3670 831 3732 interibant.
872 3672 989 3752 Jupiter
1016 3671 1105 3750 igitur
1133 3669 1170 3729 de
1201 3689 1305 3749 genere

69 3779 163 3824 nostro
183 3766 304 3841 umens,
326 3788 363 3826 ne
390 3779 482 3826 totum
510 3782 711 3842 evanesceret,
732 3769 911 3828 Mercurium
930 3769 968 3829 ad
988 3769 1118 3828 homines
1138 3768 1233 3842 misit,
1254 3767 1306 3845 qui

67 3863 177 3925 afferret
203 3865 239 3924 iis
266 3863 346 3926 oldai
369 3887 401 3926 re
426 3861 475 3926 uni
500 3861 598 3946 δίκην,
620 3868 766 3942 pudorem
791 3889 826 3926 oe
846 3874 1029 3945 justitium,
1050 3886 1124 3945 quae
1142 3879 1308 3928 essentur-

68 3958 147 4020 bium
172 3980 343 4026 ornamenta
368 3988 401 4027 ac
429 3981 545 4028 mutuae
563 3957 707 4026 amicitiae
728 3967 858 4026 vincula.
900 3964 1099 4044 Interrogabat
1118 3977 1213 4022 autem
1230 3959 1305 4022 Mer·

67 4061 164 4120 curius
190 4063 307 4140 Jovem,
347 4064 591 4144 quemadmodum
606 4063 788 4136 ¹bominibus
816 4064 955 4145 pudorem
984 4084 1016 4122 ac
1042 4062 1186 4141 justitiam
1212 4059 1306 4121 daret.

68 4157 161 4235 Num,
182 4161 297 4241 inquit,
318 4177 349 4222 ut
374 4177 448 4223 artes
475 4161 651 4224 distributae
677 4174 765 4234 sunt,
787 4163 828 4222 sic
848 4175 877 4222 et
900 4161 969 4220 baec
994 4160 1191 4222 distribuam?
1233 4159 1306 4218 lllae

68 4257 178 4318 scilieet
206 4260 247 4318 ita
275 4260 449 4321 distributae
477 4274 563 4336 sunt,
592 4273 624 4320 ut
654 4281 729 4320 unus
754 4261 825 4320 artis
853 4259 981 4320 medicae
1009 4261 1120 4341 peritus
1139 4257 1225 4331 aliis,
1253 4257 1307 4335 qui

69 4353 128 4429 ejus
146 4372 278 4437 expertes
296 4373 382 4434 sunt,
404 4357 550 4434 sufficiat,
570 4360 732 4438 caeterique
760 4342 885 4419 artifices
916 4357 1060 4418 similiter.
1098 4353 1251 4435 Numquid
1269 4355 1309 4413 ita

69 4451 204 4530 pudorem
230 4477 263 4516 ac
285 4458 429 4536 justitiam
456 4457 625 4518 bominibus
653 4456 753 4520 dabo?
784 4480 835 4547 au¹
853 4457 989 4518 omnibus
1018 4457 1163 4518 inserant
1203 4453 1303 4514 Omni·
