2872 5122
650 261 707 320 103

70 417 190 478 declarat
208 419 350 492 Diotime‚
371 419 422 480 sed
441 419 569 480 declarat
585 435 689 483 tamen.
716 423 847 504 «Pauper
865 437 924 499 est,
945 426 1056 503 inquit,
1072 445 1164 500 amor,
1179 428 1288 508 quippe

70 530 180 575 matrem
194 517 304 578 liabens
325 513 447 592 Πενίονς
468 521 518 580 scd
545 517 711 600 πορίζεται,
731 524 902 598 suppeditat
920 526 978 580 οἱον·
991 524 1100 598 omnia,
1115 527 1221 606 quippe
1235 547 1288 606 pa-

69 629 135 672 trem
153 617 238 676 etiam
257 621 384 682 referens
404 612 521 701 Πάρον.
532 647 546 678 o
563 625 591 702 l)
613 624 687 680 Tum
706 641 773 680 vero
789 619 955 678 daemonem
975 621 1059 699 lingit
1071 625 1217 696 Amorem,
1237 623 1286 700 qui

68 713 213 774 hominum
225 737 324 796 preces
337 721 376 780 ad
390 723 477 796 Deos,
493 723 616 780 Deorum
627 719 769 780 beneficia
779 717 817 776 ad
827 718 956 777 homines
966 721 1130 780 transferat:
1142 719 1288 797 inquibus

68 812 167 888 pariter
186 828 214 872 ct
232 815 394 896 indigentia
415 820 544 878 cernitur
561 819 687 878 humana
707 831 735 875 et
757 816 879 874 facultas
899 817 1003 888 simul,
1024 838 1095 896 quae
1119 817 1189 876 hinc
1210 818 1287 876 exsi-

67 910 118 968 stit.
143 912 218 969 «Per
237 913 315 974 hunc
325 961 334 990 ,
355 919 408 992 ait,
429 919 521 976 omnis
540 916 671 997 procedit
690 914 849 974 divinandi
868 936 912 972 ars
918 961 926 988 ‚
947 915 1039 973 omnis
1058 913 1233 974 sacerdotum
1252 915 1294 974 in*

66 1008 227 1086 nuntietis,
240 1005 480 1088 initiationibus,
501 1013 747 1074 incantationibus
766 1013 878 1070 solertia
899 1025 926 1070 et
946 1012 1109 1092 diligentia.
1131 1013 1207 1070 Deus
1222 1033 1286 1070 cum

66 1103 176 1166 homine
197 1131 257 1168 non
275 1113 427 1187 miscetur,
447 1113 503 1172 sed¹
516 1133 567 1192 per
586 1113 665 1170 hunc
687 1111 852 1170 daemonem
876 1112 1076 1168 commercium
1093 1130 1178 1168 omne
1202 1123 1285 1189 atque

65 1204 236 1284 colloquium
255 1209 332 1268 inter
350 1212 423 1270 Deos
442 1211 627 1288 hominesque
644 1208 775 1289 procedit
794 1219 821 1266 et
841 1206 1031 1287 vigilantibus
1050 1207 1134 1268 nobis
1161 1222 1194 1266 et.
1215 1207 1285 1268 dor-

65 1304 249 1366 mientlltUS.»
273 1304 323 1387 2)'
448 1309 452 1314 ’

101 1403 144 1460 Ex
164 1403 212 1462 his
230 1405 364 1464 omnibus
384 1405 457 1484 quid
478 1405 546 1464 duci
565 1404 653 1486 possit
673 1404 711 1462 ad
729 1425 773 1462 res
791 1404 908 1471 divinas
929 1417 956 1462 et
975 1403 1113 1464 humanas
1132 1402 1284 1482 explican-

66 1499 130 1574 das,
149 1502 333 1583 philosophis
352 1503 559 1584 explicandum
588 1503 788 1580 relinquimus.
830 1503 887 1560 Nos
915 1523 981 1560 vero
1007 1501 1281 1574 animadvertamus,

7 1657 9 1674 ἓ
64 1619 96 1654 cx
112 1599 216 1658 iisdem
234 1600 297 1659 illis
314 1602 467 1682 principiis
487 1616 515 1662 et
543 1601 600 1660 alia
624 1601 715 1658 multa
734 1600 894 1674 illustrari,
914 1621 985 1678 quae
1015 1621 1078 1688 per·
1094 1613 1181 1656 totam
1209 1599 1306 1681 hanc

64 1695 291 1775 disquisitionem
315 1720 351 1758 cx
366 1700 488 1759 Platone
514 1699 680 1772 attulimus,
704 1713 764 1756 tum
794 1696 904 1757 dictum
929 1697 1086 1776 Agathonis
1106 1697 1285 1776 elegantissi-

65 1817 135 1854 mum
163 1795 201 1856 de
229 1799 334 1856 amium
363 1797 476 1857 studiis.
527 1800 629 1867 Poeta,
651 1795 746 1870 dixit,
778 1818 855 1856 amor
879 1811 936 1856 est:
967 1796 1024 1852 imo
1052 1816 1119 1854 vero
1139 1795 1213 1854 ‹talis
1243 1810 1283 1854 est

65 1900 159 1973 poeta,
181 1897 232 1974 qui
248 1897 334 1954 etiam
351 1896 441 1954 alium
460 1895 575 1955 efficiat.
599 1892 668 1966 Πᾶς
688 1895 759 1976 γοῦν
779 1889 903 1976 ποιητής
923 1891 1045 1974 γίγνεται
1051 1940 1060 1966 ,
1082 1887 1135 1976 κᾷν
1156 1887 1285 1971 ἄμουσος

7 2045 8 2050 ,
64 1985 84 2076 ᾖ
105 1987 141 2053 tri
167 1991 251 2075 πρὶν,
279 1983 317 2053 οὗ
341 1987 376 2054 ἂν
395 1987 489 2076 Ἕριος
516 1987 642 2078 ἅψηται·
669 2011 700 2055 ut
725 2012 765 2056 cst
791 1999 822 2057 in
846 1994 1011 2076 Euripidcis

620 2091 744 2178 notqcrfr
766 2091 793 2155 δ’
814 2089 873 2177 ἄρα

298 2192 393 2282 Ἔρως
414 2193 557 2274 διδάσκει,
579 2195 783 2286 κᾷννᾶμοοσος
803 2192 828 2284 ᾗ
847 2193 884 2260 τό
906 2195 982 2281 πρίν.
1006 2200 1037 2280 3)

66 2303 130 2374 Quis
148 2304 261 2378 nescit,
279 2302 417 2362 disertum
436 2303 556 2362 evadere
574 2317 602 2362 et
621 2283 730 2362 clarum
740 2349 748 2376 ,
778 2303 829 2381 qui
854 2321 975 2360 amorem
993 2300 1097 2360 habeat
1114 2317 1281 2382 praecepto-

66 2419 134 2474 rem,
158 2402 209 2480 qui
230 2421 297 2462 vero
316 2401 377 2478 ejus
394 2399 474 2459 haud
492 2401 635 2482 particeps
653 2401 707 2474 sit,
730 2401 762 2458 in
780 2399 900 2458 obscuro
918 2399 1030 2458 latere?
1061 2401 1122 2459 Hoc
1140 2401 1214 2460 duce
1233 2401 1281 2458 Dii

7 2525 8 2528 ¹
66 2498 237 2559 invenerunt
264 2512 355 2572 artes,
384 2500 521 2557 musicam
540 2500 644 2580 Apollo
663 2513 690 2558 et
709 2499 826 2572 Musae,
847 2499 984 2556 aerariam
1004 2497 1170 2572 Vulcanus,
1191 2512 1281 2556 teuto·¹

7 2669 9 2676 γ
67 2595 129 2653 riam
147 2597 293 2659 Minerva.
335 2597 446 2655 Poetice
463 2597 679 2677 liaeo.Agatho;
702 2596 753 2656 sed
776 2596 862 2654 dictis
888 2595 1020 2670 addidit,
1052 2595 1208 2675 cupiditate
1227 2595 1280 2654 hoc

7 2677 9 2730 Ῑ
68 2691 166 2750 lactum
193 2715 252 2754 esse
280 2708 308 2752 et
335 2715 429 2752 amore
454 2695 566 2775 pulcri,
593 2691 755 2773 ἐπιθυμίας
775 2692 823 2754 noa*
845 2687 954 2775 ἔρωτος
974 2687 1218 2773 ἡγεμονεύσαντος
1240 2723 1278 2740 -e

7 2825 9 2848 ι
68 2783 173 2868 ἔρωτος
196 2785 388 2872 ἐγγενομένου
408 2785 540 2866 κάλλους.
563 2795 594 2876 lt)
621 2798 691 2855 Nam
711 2797 780 2855 hacc
800 2811 841 2854 est
860 2798 893 2854 in
910 2795 1027 2854 homine
1046 2797 1089 2856 vis
1108 2797 1228 2870 amoris,
1249 2811 1280 2855 ut

7 2881 13 2968 Γ
68 2913 130 2968 quae
149 2895 254 2953 insitae
274 2907 341 2952 sunt
361 2894 387 2952 ei
407 2893 574 2968 facultates,
595 2895 757 2953 excitentur
777 2915 874 2954 omnes
893 2908 921 2952 et
941 2894 1141 2974 explicentur,
1157 2897 1280 2974 proferat

8 2991 9 3040 ἶ
69 2990 120 3068 ipse
136 3006 163 3050 et
181 2993 262 3071 quasi
284 2993 394 3073 pariat,
416 3013 601 3072 quaecunque
620 3015 636 3050 a
655 2993 761 3052 teneris
786 2993 902 3072 ingenio
926 2993 1076 3071 animoque
1098 2993 1279 3072 conceperit,

7 3071 9 3122 i
69 3087 180 3168 edatque
200 3092 240 3148 ita
260 3091 291 3149 in
313 3090 405 3148 lucem
423 3091 543 3151 inventa
558 3091 798 3172 praeclarissima,
814 3105 841 3149 et
858 3092 914 3170 ipsi
933 3089 1091 3149 honorifica
1109 3105 1136 3148 et
1155 3089 1280 3149 humano

69 3189 157 3262 generi
173 3187 369 3247 saluberrima.
419 3187 481 3248 Sed
495 3189 655 3268 explicabit
670 3191 724 3249 hoc
744 3189 828 3249 nobis
845 3189 981 3259 disertius
999 3190 1059 3269 ipsa
1078 3189 1211 3248 Diotime.

159 3431 163 3436 .
223 3382 378 3462 Quaenam
389 3392 581 3462 potissimum
600 3387 657 3442 itta
679 3397 764 3462 aunt,
785 3407 860 3463 quoa
877 3381 992 3462 appetit
1009 3385 1116 3452 antor?

108 3580 197 3638 «Haec
218 3577 323 3660 igitur,
342 3581 456 3661 inquit,
477 3582 579 3640 amoris
598 3595 639 3640 est
657 3595 768 3640 natura.
810 3581 868 3640 Nec
897 3579 999 3660 pulcer
1025 3594 1065 3638 est
1085 3601 1137 3636 nec
1163 3580 1256 3639 honus
1267 3625 1275 3652 ,

73 3689 99 3734 ut
114 3685 208 3758 poetae
227 3693 353 3753 canunt,
375 3680 425 3739 sed
442 3679 551 3760 appetit
571 3693 721 3757 utrumque
739 3693 766 3737 ct
785 3673 960 3756 assequitdr:
982 3679 1091 3757 appetit
1111 3677 1195 3734 simul
1214 3677 1276 3734 feli·

74 3775 191 3853 citatetu,
212 3798 284 3856 quae
304 3777 349 3836 his
368 3793 562 3857 comparatur:
586 3779 643 3836 imo
665 3778 734 3836 haec
763 3777 819 3836 sibi
839 3775 934 3834 studet
958 3777 989 3834 in
1009 3790 1176 3856 perpetuum
1202 3797 1273 3835 com·

75 3891 170 3949 parare.
209 3875 267 3934 Sed
285 3875 354 3934 haec
374 3878 506 3935 universe
525 3876 561 3935 de
580 3897 672 3936 amore
691 3875 767 3935 dicta
787 3889 879 3934 sunto.
921 3875 1067 3948 Quaenam
1090 3896 1157 3934 vero
1180 3895 1275 3934 eorum

75 3973 269 4046 reconditio,
287 3973 358 4052 quid
376 3987 480 4052 agunt,
500 3995 556 4052 quo
576 3973 773 4048 contendunt,
797 3973 846 4051 qui
870 3972 983 4051 proprie
1003 3970 1141 4032 dicuntur
1160 3975 1275 4032 amare?

79 4123 119 4132 κ

105 4211 127 4274 1l
143 4217 220 4284 Sytnp.
238 4215 296 4265 203.
315 4216 344 4266 tt.

105 4295 325 4360 emme

106 4379 128 4444 ³)
144 4384 196 4436 vn.
214 4387 303 4438 rator.
323 4387 402 4438 orm.
423 4404 446 4452 ρ.
464 4384 520 4434 aar.

108 4465 129 4530 ⁴)
145 4472 219 4540 emp.
238 4469 296 4522 ιον.
315 4471 345 4522 r.
