2898 5120
636 263 639 272 ’
673 250 730 310 517

86 409 291 489 quaestionem
321 409 493 491 dc'justitia
517 435 549 473 ac
569 415 706 476 felicitate
723 415 925 498 explicandam
945 437 1003 476 esse
1019 417 1230 480 arbitrabatur.¹
1262 423 1314 481 ht-

88 507 278 568 tendendum
306 524 399 571 autem
428 512 511 572 nobis
539 513 568 571 in
598 515 699 594 primis
723 527 782 589 cst,
812 516 969 598 respexisse
994 516 1025 574 in
1049 516 1096 576 his
1114 517 1315 598 philosophum

89 607 275 688 potissimum
302 611 357 669 tria
384 609 456 686 illa,
482 631 554 689 quae
583 612 615 670 in
644 613 740 672 animo
760 613 885 674 huminis
903 627 1062 694 repererat,
1084 610 1135 676 τόν
1153 609 1259 696 λόγον,
1281 607 1316 676 ari

89 707 259 790 θυμοειδὲς
286 728 313 774 et
337 716 453 776 tertium
480 704 518 776 τό
540 702 763 798 ἕπιθνμητοιὸν.
804 718 840 778 lu
869 717 976 798 optimo
1004 716 1120 777 homine
1148 719 1188 778 sie
1208 738 1239 776 ea
1258 739 1316 778 esse

89 828 253 895 temperata
272 812 533 892 demonstraverat,
555 831 587 877 ut
613 839 695 878 suum
720 818 832 900 singula
859 828 1042 899 peragerent:
1064 813 1234 895 gubernaret
1250 816 1317 874 ani·
1371 817 1375 826 ’

90 933 176 972 mum
200 913 288 988 ratio,
318 913 473 974 submissae
500 915 605 974 rationi
632 930 726 978 essent
754 914 952 997 cupiditates,·
974 907 1077 992 θνμδς
1103 933 1170 975 vero
1200 916 1261 977 sive
1280 908 1315 974 ari

93 1005 276 1089 θυμοειδὲς,
305 1031 361 1091 quo
387 1013 496 1072 rectius
517 1025 545 1072 et
571 1028 816 1095 compescerentur
838 1025 866 1072 et
890 1014 995 1074 rationi
1014 1016 1155 1076 servirent
1174 1014 1314 1095 cupidita·

91 1127 159 1187 tes,
190 1113 328 1171 rationem
354 1109 515 1190 adjuvaret.
545 1109 614 1170 -Sic
642 1109 757 1170 demum
785 1111 932 1172 hominem
962 1109 1076 1173 dixerat
1103 1133 1197 1174 secum
1224 1114 1317 1192 ipsum

89 1229 303 1276 consensurum
330 1229 388 1269 esse
417 1229 449 1268 ac
469 1208 578 1270 bonum
595 1212 760 1290 justumque
780 1211 919 1270 futurum.
960 1210 996 1271 lu
1015 1210 1061 1270 his
1080 1225 1173 1270 autem
1193 1232 1244 1270 uos
1262 1211 1316 1272 do-

92 1322 163 1385 cet,
184 1305 440 1387 quemadmodum,
458 1306 556 1367 demto
584 1307 638 1368 hoc
666 1309 755 1368 trium
784 1307 903 1369 illorum
931 1329 1071 1368 consensu
1100 1320 1128 1367 et
1146 1308 1227 1369 velut
1245 1331 1316 1370 eon-

91 1420 204 1482 ceutu,
234 1403 272 1466 ad
299 1408 423 1487 pejorem
453 1404 612 1467 identidem
632 1405 827 1468 conditionem
849 1405 1000 1466 delabatur
1016 1406 1108 1468 homo.
1149 1404 1228 1465 Idem
1249 1429 1316 1468 vero

91 1504 186 1585 magis
214 1505 298 1563 etiam
320 1502 430 1584 patebit
453 1503 554 1579 uobis,
584 1504 635 1564 uhi
662 1505 700 1564 ad
720 1504 886 1586 philosophi
913 1503 950 1563 de
976 1504 1149 1586 oligarchico
1167 1506 1230 1564 viro
1253 1503 1315 1565 dis·

91 1603 280 1683 quisitionem
294 1603 518 1683 pervenerimus.
557 1602 616 1664 Sed
635 1604 759 1685 primum
778 1602 990 1684 de'oligarchia
1009 1601 1159 1683 agendum.

289 1796 347 1858 Da
376 1801 625 1896 aliggarclra'a
654 1810 692 1860 ct
722 1809 813 1859 ciro
845 1797 1122 1881 aligarohr'cc.

134 1993 304 2076 Appellavit
322 1995 397 2055 hane
415 1995 496 2056 Plato
516 1996 682 2072 civitatem,
703 1996 736 2055 in
754 2016 809 2075 qua
827 1996 912 2076 pauci
929 1995 1048 2074 quidam
1064 2015 1200 2054 summam
1218 2013 1312 2052 rerum

95 2106 250 2168 tenerent,
271 2095 320 2173 qui
340 2093 444 2174 opibus
470 2094 678 2175 praecellerent
701 2095 837 2168 caeteris,
854 2079 953 2152 ¹talem
973 2095 1109 2169 omuino,
1130 2092 1243 2171 qualem
1262 2112 1314 2150 nos

92 2189 184 2270 vulgo
213 2211 314 2251 vocare
341 2191 545 2252 aristocratiam
574 2191 706 2253 solemus.
736 2189 765 2272 1)
805 2191 905 2250 Paucis
933 2179 997 2252 earn¹
1017 2192 1057 2252 sic
1084 2190 1240 2251 describit:
1260 2182 1315 2269 mir

91 2281 157 2349 dud
183 2280 359 2370 ’τιμημάτων
386 2285 549 2366 πολιτείαν,
576 2277 651 2376 ἕνῇ
689 2285 798 2369 οἱμὲν
823 2282 956 2351 πλούσιοι
979 2282 1121 2370 ἄρχουσι,
1149 2283 1252 2371 πένησι
1280 2286 1321 2352 dd'

91 2385 131 2452 mi
157 2386 291 2470 μέτεστιν
321 2375 428 2472 ἀρχῆς.
458 2389 490 2474 2)
550 2393 741 2470 Quaerentem
767 2405 862 2451 autem
891 2392 1029 2453 continuo
1056 2390 1200 2451 Socratem
1228 2393 1314 2470 lacit,

93 2491 335 2572 quemadmodum
352 2492 421 2552 ha'cc
439 2512 453 2550 e
469 2491 628 2550 timocratia
648 2492 765 2550 oriatur.
811 2511 825 2544 a
835 2490 886 2550 Est
903 2490 980 2550 illud
999 2477 1111 2564 autem,
1132 2491 1228 2569 inquit
1238 2493 1315 2566 ,-vel

91 2611 179 2652 coeco
204 2592 396 2651 manifestum.
438 2589 555 2650 Scilicet'
580 2581 617 2648 ad
637 2591 768 2666 ταμιεῖον
787 2581 876 2649 ἐκεῖνο
899 2580 1010 2673 ἑκάστῳ
1031 2585 1160 2670 χρυσίου
1181 2583 1314 2668 πληρού-

91 2711 181 2770 μενον
207 2681 349 2750 ἀπόλλυσι
379 2681 434 2770 τήν
462 2681 599 2768 τοιαύτην
618 2682 778 2751 πολιτείαν·
800 2700 958 2752 emortum
978 2690 1058 2748 illud
1074 2697 1219 2768 cujusque
1238 2710 1313 2750 auro

89 2796 235 2872 plenum,
260 2793 364 2871 perdit
393 2791 483 2849 talem
509 2792 733 2866 rempublicam.
773 2791 844 2849 Nam
870 2788 994 2870 primum
1019 2808 1109 2848 novos
1134 2801 1242 2846 sumtus
1265 2809 1313 2846 re-

16 2935 37 2970 „
91 2890 211 2974 periunt
235 2887 418 2970 atquc'illuc
447 2899 639 2967 contorquent
666 2887 758 2969 leges:
780 2903 839 2949 tum
867 2885 904 2946 de
923 2883 1063 2964 augendis
1081 2882 1195 2945 divitiis
1213 2905 1313 2944 aemu-

93 2989 194 3050 lantur
213 2989 308 3048 sec'um
332 2987 459 3046 invicem
478 2998 506 3044 ct
525 3000 701 3047 concertant.
723 2989 787 3063 Quo
807 3005 875 3048 vero
895 2985 1000 3072 majore
1019 2982 1051 3041 in
1071 2983 1188 3042 civitate
1205 2982 1313 3051 honore

92 3086 217 3149 divitiae
245 3107 277 3145 ac
306 3083 413 3144 divites
440 3081 603 3159 habentur,
624 3105 657 3145 ec
683 3086 794 3145 minore
821 3081 966 3141 habentur
985 3081 1078 3141 virtus
1092 3094 1119 3139 et
1136 3078 1206 3138 boni
1224 3081 1311 3142 cives.
1328 3073 1333 3082 '

92 3179 243 3246 Ἀσκιῖτοιι
271 3185 381 3246 seilic’et
413 3175 450 3242 ari
483 3175 528 3242 u'al
566 3176 750 3261 τιμώμενον,
780 3175 927 3261 ἀμελεῖται
966 3174 1001 3239 δὲ
1029 3171 1064 3239 ari
1091 3171 1314 3257 οἷτιμοζόμινον.
1331 3197 1350 3262 ᾗ

93 3289 195 3366 ltaque
220 3284 326 3346 divites
344 3281 381 3341 ad
404 3284 584 3363 magistratus
601 3285 783 3358 evehuntur,
804 3301 943 3362 pauperes
962 3291 1194 3341 contemnuntur.
1234 3280 1313 3346 Hinc

93 3387 201 3447 damna
219 3384 353 3444 oriuntur
370 3383 546 3461 gravissima.
587 3382 652 3441 Nou
670 3383 747 3442 enim
776 3400 871 3440 rerum
892 3378 997 3460 periti,
1018 3375 1069 3438 sed
1088 3377 1201 3438 divitiis
1219 3378 1312 3437 encel-

92 3485 188 3545 lentes
205 3481 352 3542 civitatem
371 3478 549 3560 gubernant:
580 3500 640 3539 non
656 3499 713 3537 una
733 3490 829 3536 manet
846 3477 949 3537 civitas
959 3519 968 3549 ,
993 3473 1045 3534 sed
1062 3476 1203 3536 exsistunt
1218 3473 1313 3547 duaet

92 3582 185 3643 altera
211 3579 354 3653 divitum,
383 3597 540 3657 pauperum
565 3574 674 3651 altera,
705 3575 761 3634 sibi
788 3563 916 3634 invicem
942 3573 1075 3631 inimicae
1085 3577 1097 3628 ι’
1124 3573 1174 3631 vix
1202 3570 1313 3631 bellum

93 3671 238 3762 suscipere
265 3677 411 3759 principes
438 3673 564 3749 audent,
592 3673 707 3754 plebem
733 3684 877 3746 armatam
897 3671 1004 3750 magis,
1029 3690 1113 3748 quam
1139 3667 1251 3744 hostes,
1272 3689 1315 3728 rc·

93 3763 300 3841 formidantes:
321 3788 383 3834 tum
410 3795 497 3850 vero,
518 3771 595 3852 quod
621 3772 817 3853 gravissimum
845 3768 951 3828 malum
978 3779 1037 3841 est,
1069 3780 1100 3826 ut
1119 3767 1223 3846 cuique
1247 3767 1316 3827 licet

94 3899 145 3937 sua
176 3875 271 3936 omnia
296 3873 437 3947 alienare,
465 3872 505 3930 ita
535 3884 602 3930 sunt
626 3871 677 3948 qui
705 3868 777 3927 haec
799 3868 966 3947 acquiraut3
997 3862 1074 3924 unde
1096 3864 1182 3923 turba
1205 3866 1316 3924 exsistit

93 3997 161 4036 curn
185 3971 401 4047 mendicorum,
428 3984 489 4030 tum
512 3967 714 4028 maleficorum.
766 3966 846 4025 Talis
867 3966 954 4046 igitur
974 3963 1075 4024 civitas
1100 3977 1141 4022 est
1159 3971 1314 4043 paucorum

95 4073 218 4156 imperio
234 4070 361 4149 subjecta
379 4082 407 4127 et
426 4081 468 4128 tot
485 4065 589 4142 habet,
611 4066 728 4125 fortasse
747 4065 804 4124 alia
821 4065 889 4122 item
899 4109 909 4146 2
928 4061 1013 4124 mala.
1025 4087 1040 4119 ιι
1062 4061 1094 4141 3)

132 4263 157 4330 ιι
176 4265 233 4316 vu.
251 4262 575 4348 resecaremus.
593 4261 653 4312 aaa.
671 4258 730 4311 uu.
743 4255 809 4308 troo
826 4231 967 4310 sarusar.

131 4347 159 4415 at
178 4351 215 4402 m
231 4351 291 4418 οφ.
308 4347 370 4400 vm.
388 4347 446 4400 550.
466 4344 496 4400 c.
603 4345 614 4370 ν

129 4434 160 4501 at
177 4437 238 4488 aaa.
258 4434 315 4487 ssa.
333 4435 363 4486 ο.
431 4432 490 4484 ssa.
509 4431 537 4484 s.
