2886 5118
691 261 749 320 ets

84 445 163 504 ferro
196 432 395 514 aggrediatur:
427 430 500 490 teies
526 429 602 508 finge
631 440 733 487 nautas
755 427 793 487 ad
815 425 1036 508 gubernatorem
1055 419 1141 482 illum
1160 419 1325 500 confluere,

84 536 234 595 obsecrare
262 530 428 609 obnixeque
456 527 650 602 contendere,
682 539 715 584 ut
744 526 815 607 ipsis
843 522 1039 605 gubernacula
1066 516 1178 580 trudat:
1200 522 1325 584 subinde

85 631 157 692 adeo
168 677 176 706 ,
208 630 258 689 ubi
280 649 339 688 non
360 628 555 709 persuaserint
575 626 650 706 ipsi,
671 624 723 684 sed
741 623 813 698 alii,
834 623 887 682 hos
905 621 972 680 illos
993 619 1041 680 vel
1059 620 1221 700 perimere,
1241 623 1327 682 vele

85 731 157 790 uari
182 730 304 806 ejicere,
332 749 364 784 ac
392 741 584 805 postremum,
606 724 683 783 bono
704 722 756 781 iilo
779 721 862 781 navis
882 720 1017 800 principe
1036 739 1089 799 per
1108 717 1326 800 mandragoram

85 828 133 890 rel
161 827 264 887 vinum
294 838 433 904 occupato
459 823 633 902 vinctoque,
654 819 891 902 gubernationem
918 817 1003 878 navis
1021 817 1167 896 arripere,
1189 837 1327 904 praeseu-

85 925 169 986 tibus
194 923 281 982 rebus
311 922 373 996 uti,
406 925 475 982 vino
503 934 531 979 et
556 919 651 1000 epulis
679 917 832 998 indulgere
859 931 945 995 atque
963 915 1004 975 ita
1021 914 1201 994 gubernare,
1223 931 1255 976 ut
1274 917 1330 975 bu:

82 1021 212 1102 jusmodi
247 1020 379 1079 homines
413 1018 623 1098 gubernaturos
661 1016 825 1076 verosimile
861 1027 922 1073 est:
963 1033 1062 1072 omues
1090 1028 1236 1094 praeterea
1257 1021 1327 1074 ‘eum

87 1120 227 1192 laudare,
257 1137 322 1176 eum
350 1131 467 1176 nautam
495 1129 527 1175 et
553 1115 774 1196 gubernatorem
804 1133 925 1186 vocare,
955 1131 1040 1185 eum,
1060 1132 1134 1190 quae
1161 1111 1199 1170 ad
1226 1133 1328 1172 navem

87 1231 239 1301 spectant,
270 1214 394 1289 callere,
426 1215 593 1292 quicunque
621 1213 659 1273 ad
687 1213 771 1273 navis
801 1207 1001 1292 usurpandum
1030 1209 1249 1297 principatum,
1280 1211 1328 1272 vel

87 1316 274 1398 persuasione
304 1313 352 1376 vel
381 1313 411 1372 vi
440 1310 578 1392 opitulari
603 1311 674 1392 ipsis
702 1311 810 1392 possit,
831 1310 882 1389 qui
903 1329 972 1368 vero
995 1306 1027 1366 id
1050 1329 1111 1366 non
1131 1310 1239 1387 possit,
1262 1323 1329 1369 tau-

83 1435 175 1495 quam
194 1411 330 1470 inutilem
351 1410 536 1490 vituperare3
559 1410 621 1470 veri
643 1422 738 1468 autem
756 1407 955 1490 gubernatoris
974 1403 1102 1465 officium
1123 1427 1161 1465 ne
1180 1410 1329 1489 suspican-

87 1527 137 1571 tes·
160 1509 297 1589 quidem,
329 1528 443 1568 neccsse
472 1506 519 1565 illi
550 1527 627 1582 esse,
650 1521 682 1566 ut
709 1509 850 1567 rationem
871 1505 977 1564 habeat
990 1505 1088 1596 anni,
1108 1518 1329 1586 tempestatum,
1392 1567 1398 1574 ,

87 1609 182 1684 coeli,
212 1621 371 1680 astrorum,
403 1605 800 1684 ventorum,'omniumque,
833 1625 904 1684 quac
931 1601 969 1662 ad
995 1615 1086 1661 artem
1113 1607 1284 1684 pertinent,
1305 1606 1329 1665 si

87 1707 266 1786 gubernator
292 1705 358 1783 quis
381 1703 466 1762 navis
494 1723 525 1761 re
554 1723 623 1763 vera
652 1704 768 1762 futurus
792 1717 849 1762 est:
871 1715 903 1760 ut
932 1721 1001 1761 vero
1020 1699 1179 1780 gubernet,
1200 1691 1263 1763 sivo
1281 1723 1330 1764 vo·

88 1805 221 1865 lentibus
243 1801 439 1882 quibusdam,
470 1801 532 1860 sive
559 1801 682 1877 invitis,
712 1800 837 1878 hujus'
829 1801 922 1882 ipsius
949 1813 1038 1857 artem
1062 1799 1175 1858 nullam
1197 1815 1359 1884 putantes

88 1903 186 1984 accipi
204 1921 286 1982 posse
303 1899 390 1959 simul
416 1912 445 1957 et
474 1897 707 1978 gubernatoriam
726 1898 904 1958 facultatem.
958 1889 1110 1957 Τοιούτων
1129 1893 1171 2021 δη
1192 1899 1260 2018 περὶ
1277 1893 1332 1975 τοὶς

88 2001 162 2074 ναῦς
192 1991 385 2080 γιγνομένων,
422 1990 472 2056 τᾶν
502 1984 547 2069 αἷς
573 1990 702 2077 άληθῶς
726 1991 935 2080 κυβερνητικον
963 1993 1022 2080 orig
1039 1994 1117 2081 η’γεῖ
1139 1995 1176 2061 ἂν
1202 2002 1248 2063 ani
1269 1997 1332 2064 ύντι

87 2093 338 2183 μετεωροσκόπον
359 2121 390 2160 τε
410 2120 460 2158 και
452 2092 648 2180 ἀδολέσχην
668 2097 718 2160 καὶ
734 2092 891 2181 αχρηστόν
913 2121 997 2182 σφισι
1017 2098 1213 2166 καλεῖσθαι
1193 2127 1251 2167 ono
1272 2106 1334 2170 mir

90 2204 122 2266 ἒν
155 2206 221 2277 ταῖς
252 2193 330 2263 οὕτω
358 2194 636 2278 κατεσκευασμέναις
668 2201 754 2264 ναυσὶ
783 2195 966 2284 αλωτήροννς
997 2209 1068 2265 boec
1095 2214 1123 2266 α’
1140 2203 1267 2268 ioanni
1285 2211 1343 2270 ito'

66 2330 156 2368 ¹aero
183 2307 332 2378 babeant,
362 2325 458 2362 aronae
487 2325 592 2361 verum
616 2306 969 2384 gubernatoremcemos
988 2309 1024 2365 ab
1044 2307 1128 2381 illia,
1148 2303 1334 2384 quitatibus

90 2407 250 2466 vehuntur
276 2405 424 2476 mutue,
452 2409 576 2460 inanem
605 2412 635 2460 et
663 2410 818 2463 curiosum
849 2425 955 2462 rerum
983 2406 1159 2464 sublimium
1185 2414 1334 2486 inspecto-

90 2527 174 2578 rem,
196 2509 325 2580 nonique
344 2502 489 2570 inutilem
509 2501 664 2560 vocitari?
684 2499 714 2582 1)
764 2501 845 2562 Talis
863 2501 952 2562 hodie
971 2501 1102 2562 conditio
1122 2517 1165 2589 est
1183 2505 1334 2566 civitatum

91 2616 285 2664 nostrarum.»

176 2795 283 2875 Quid
317 2816 494 2854 causaue
531 2817 619 2854 aare
649 2797 861 2870 dieamus,
885 2802 1261 2874 utpeaeimefera

472 2915 576 2972 regu
591 2904 695 2952 ntur
721 2895 961 2952 civitatee?

137 3090 250 3166 Quodsi
276 3110 429 3170 perversae
449 3088 536 3166 hujus
560 3089 735 3168 miseraeque
759 3089 937 3150 conditionis
955 3104 1067 3150 nostrae
1089 3112 1216 3150 caussam
1234 3093 1338 3172 exqui-

94 3192 209 3264 rimus,
240 3188 444 3269 exprimuntur
482 3185 580 3244 eidem
614 3185 702 3246 haece
731 3187 931 3266 gubernatoris
958 3202 986 3247 et
1019 3204 1173 3250 nautarum
1202 3190 1339 3272 imagine.

95 3288 286 3368 Spernuutur
305 3286 329 3344 si
348 3286 397 3364 qui
418 3285 525 3344 adsunt
544 3305 640 3342 rerum
657 3284 841 3364 politicarum
858 3285 965 3366 periti;
989 3288 1039 3366 qui
1059 3309 1127 3348 vero
1146 3309 1243 3348 earum
1259 3311 1340 3370 pror-

96 3407 149 3445 sus
165 3397 233 3443 sunt
252 3385 365 3464 ignari,
386 3381 570 3442 contendunt
594 3402 691 3440 seeum
718 3385 845 3444 invicem
866 3386 902 3446 de
921 3386 1062 3467 imperio,
1083 3408 1192 3467 proque
1210 3387 1319 3468 populo
1330 3433 1340 3463 ,

96 3483 153 3564 qui
183 3481 328 3562 legitimus
357 3481 480 3540 habetur
510 3480 643 3558 quamvis
662 3481 860 3563 ineptissimus
878 3483 1072 3563 gubernator,
1093 3505 1138 3543 res
1155 3475 1274 3544 student
1290 3485 1339 3546 ad·

96 3581 275 3640 ministrare.
318 3581 398 3654 Quae
425 3599 491 3638 cum
516 3577 555 3636 ita
584 3577 660 3652 sint,
689 3577 851 3640 detrectant
875 3582 1029 3662 imperium
1052 3581 1153 3662 optimi
1181 3581 1288 3660 quique
1312 3597 1341 3643 et

96 3678 308 3759 sapientissimi
330 3679 397 3738 viri.
442 3700 456 3732 u
467 3669 513 3737 Ού
531 3668 589 3757 γαρ
609 3667 672 3756 ἔχει
689 3670 798 3765 φύσιν,
812 3674 995 3761 κυβερνήτην
1011 3677 1126 3739 ναυτῶν
1142 3677 1264 3740 δεῖσθαι
1283 3673 1342 3762 ἅρ-

97 3779 217 3858 χεσθαι
240 3769 292 3854 ὑφ’
313 3769 407 3837 αύτοῦ
414 3823 424 3852 ,
444 3772 515 3838 ouidi
531 3771 600 3852 τούς
621 3770 734 3860 σοφούς
751 3777 800 3840 ἐπὶ
818 3775 871 3854 τας
892 3781 953 3844 τῶν
967 3777 1114 3840 πλουσίων
1135 3773 1237 3868 θύρας
1256 3777 1342 3844 ἰέναι·

98 3869 141 3942 τύ
164 3873 201 3937 δὲ
222 3871 338 3958 diaeta
360 3872 504 3958 πέφυκεν,
527 3873 580 3942 ἒύν
604 3903 635 3943 τε
659 3874 795 3956 πλούσιος
818 3876 870 3944 ἐάν
890 3906 921 3944 τε
945 3877 1034 3965 πένης
1051 3875 1163 3969 κάμνῃ,
1186 3876 1344 3965 &aperior

95 3973 174 4042 εἶναι
203 3976 251 4040 ott
277 3977 389 4059 ἰατρῶν
412 3973 513 4062 θύρας
538 3976 623 4057 ἰέναι,
652 3981 701 4044 καὶ
732 3977 829 4045 πάντα
854 4007 908 4046 τον
937 3978 1090 4065 ἔρχεσθαι
1124 3980 1265 4065 δεόμενον
1294 3986 1343 4048 ἐπὶ

95 4103 155 4155 τας
177 4081 231 4142 τού
258 4104 362 4202 αρχειν
384 4079 617 4162 δανααένοο·
580 4107 615 4146 ov
635 4108 693 4147 τον
713 4108 847 4167 αρχοντα
868 4087 990 4149 δεῖσθαι
1011 4086 1074 4148 τῶν
1093 4082 1308 4170 οἷρχομὲνανν’
1286 4113 1344 4172 αρ-

98 4187 230 4265 gaudae,
254 4174 289 4246 ού
307 4177 345 4245 oie
363 4207 403 4271 τη
389 4169 550 4271 α’ληθείρ
571 4209 599 4247 τι
620 4179 769 4268 ὄφελος
744 4207 777 4272 ῃ·
794 4211 854 4248 noo
875 4197 956 4248 enim
969 4202 1344 4252 nuturoeeonsentuneum

144 4449 592 4535 ummuffluu
