2886 5118
710 247 770 308 1132

123 416 225 473 simum
255 411 315 484 est,
345 409 390 468 his
419 409 477 469 dno
507 430 566 468 esse
585 423 731 488 quatuor,
761 423 870 490 partem
901 423 960 468 tuto
988 411 1128 468 minorem
1146 430 1221 482 esse,
1248 410 1349 468 similia

122 513 229 572 omnia.
273 508 346 567 Inde
376 509 482 567 veritas
507 511 537 565 in
570 507 655 566 rebus
684 508 872 566 arithmeticis
901 522 928 566 et
958 509 1154 588 geometricis,
1183 530 1252 586 quae
1280 509 1352 568 nulli

122 609 302 670 dubitationi
331 604 458 665 obnoxia
486 619 545 664 cst:
578 605 705 684 indeque
730 605 856 678 accidit,
880 620 929 680 ut,
950 627 1022 685 quac
1042 606 1204 666 mechanici
1223 621 1250 666 et
1267 621 1353 666 astro-

58 723 61 732 ’
124 710 202 767 nomi
222 708 362 784 antiquo,
384 706 415 762 in
434 705 537 785 primis
557 704 715 762 recentiore
735 723 806 762 aevo
825 718 1013 784 repererunt,
1043 700 1193 764 adeovsint
1212 727 1294 778 vera,
1325 719 1353 762 ut

122 828 158 865 ex
179 807 215 863 iis
235 803 323 862 hodie
340 823 436 860 rernm
457 801 624 860 coelestium
644 816 755 861 constet
773 803 863 877 ratio,
896 816 923 861 et
943 802 1114 885 praedicant
1140 816 1202 862 tuto
1229 818 1353 862 astrono-

121 906 181 977 mi,
204 923 277 981 quae
296 901 335 960 ad
354 900 484 959 delectus
505 900 573 958 solis
594 912 678 978 atque
698 899 786 959 lunae
805 916 833 961 et
852 915 1027 960 cometarum
1050 901 1175 961 reditum
1193 904 1353 982 pertinent,

121 1003 227 1062 omnia.
270 999 306 1058 ld
335 1000 424 1078 igitur
450 1000 556 1057 veritas
574 996 661 1079 apud
688 998 836 1059 Platonem
861 1013 913 1059 est.
960 1000 1018 1058 Nec
1036 1000 1160 1059 refertur
1178 999 1248 1059 haec
1266 1000 1352 1060 solum

124 1102 161 1160 ad
183 1102 234 1160 has
254 1096 444 1177 quantitatis,
465 1096 614 1174 qualitatis
633 1097 796 1175 similesque
816 1099 967 1157 notiones:
990 1098 1026 1157 de
1047 1097 1134 1156 rebus
1152 1096 1237 1180 honis
1255 1113 1282 1157 et
1291 1120 1352 1158 ma.

123 1199 179 1273 lis,
202 1197 239 1256 de
256 1195 367 1277 pulcris
388 1206 416 1251 et
436 1193 590 1274 turpibus,
611 1194 648 1253 dc
664 1195 752 1272 justis
772 1210 800 1255 et
818 1196 937 1273 injustis
964 1196 1100 1256 similiter
1121 1218 1174 1255 nos
1201 1217 1267 1256 rere
1292 1219 1351 1278 pro·

123 1295 264 1356 nunciare
283 1294 400 1351 statuit:
422 1291 506 1352 modo
526 1293 620 1372 ipsum
639 1293 768 1369 bonum,
800 1294 894 1374 ipsum
909 1297 1022 1372 justum
1038 1295 1250 1375 pulcrumque,
1279 1295 1351 1374 quod

122 1396 173 1456 uni
195 1392 285 1450 menti
305 1404 403 1472 patet,
425 1391 533 1448 intueri
555 1404 639 1470 atque
661 1392 698 1451 ad
719 1392 799 1451 illud
819 1393 932 1472 exigere
961 1413 1006 1452 res
1025 1394 1109 1454 hasce
1126 1416 1225 1455 omnes
1244 1393 1353 1454 didice-

120 1496 218 1553 rimus.

160 1591 218 1650 Sed
237 1588 320 1651 aliud
340 1602 382 1647 est
403 1607 469 1647 vere
487 1587 523 1646 de
543 1587 629 1647 rebus
646 1590 782 1666 judicare
802 1611 833 1648 ac
857 1592 1072 1672 pronunciare,
1093 1593 1176 1652 aliud
1186 1639 1195 1666 ,
1218 1600 1351 1650 veritatis

118 1702 305 1749 consecutum
333 1693 494 1744 scientiam
521 1706 589 1746 esse.
633 1689 837 1748 Confudcrunt
865 1689 935 1748 haec
956 1690 1015 1747 lere
1036 1689 1222 1771 philosophi:
1244 1703 1272 1748 et
1285 1689 1350 1748 inde

118 1802 200 1848 tanta
220 1786 274 1846 illa
292 1784 489 1863 quaestionis,
517 1787 591 1862 quid
610 1797 656 1845 est
676 1786 816 1845 ventus?
838 1785 1006 1847 difficultas.
1049 1785 1094 1845 Ad
1116 1795 1272 1846 seientiam
1292 1789 1348 1846 sive

118 1887 181 1946 veri
200 1887 261 1946 sive
279 1881 336 1944 soii
359 1876 444 1956 ὄντος
473 1896 542 1960 quot
572 1897 600 1942 et
627 1898 736 1962 quanta
757 1885 962 1962 requirantur,
994 1887 1157 1945 enumerari
1177 1887 1229 1948 vix
1247 1886 1345 1966 possita

117 1985 230 2047 homini
251 1999 327 2044 certe
347 1984 385 2045 ad
404 2004 464 2043 eam
484 1981 572 2062 plene
591 1982 824 2061 consequendam
844 1982 966 2042 facultas
984 1982 1072 2042 deest.
1115 1983 1282 2062 Requiritnr
1299 2002 1345 2051 eo,

118 2097 149 2144 ut
178 2083 229 2144 has
260 2084 393 2143 notiones
421 2101 538 2155 omnes,
570 2101 640 2158 quas
668 2078 820 2154 diximus,
850 2095 910 2140 tam
935 2102 1022 2162 puras
1042 2082 1239 2162 perfectasque
1259 2080 1345 2138 animo

119 2195 214 2242 nostro
230 2194 495 2262 repraesentemus,
518 2192 549 2236 ut
570 2180 602 2236 in
621 2178 706 2237 rebus
722 2177 894 2256 judicandis
914 2177 980 2238 falli
1009 2202 1070 2239 non
1097 2180 1248 2260 possimus.
1284 2178 1341 2236 Huc

119 2279 203 2338 multi
222 2278 438 2338 contenderunt
458 2277 537 2336 omni
557 2291 666 2336 aetate:
688 2275 767 2354 qnod
786 2296 821 2333 cx
851 2275 995 2336 industria
1026 2277 1238 2355 diligentiaque
1256 2288 1343 2356 patet,

115 2399 173 2457 qua
191 2384 354 2435 criterium
375 2384 440 2433 cari
450 2421 458 2450 ,
479 2375 604 2454 itemque
624 2375 720 2454 pulcri
746 2387 775 2434 et
795 2375 882 2448 honi,
915 2372 965 2434 sed
985 2377 1139 2455 pramipue
1159 2383 1224 2432 veri
1242 2372 1342 2450 assequi

116 2489 185 2534 sunt
203 2475 300 2533 conati
323 2471 368 2552 l),
390 2485 522 2552 reeteque
542 2486 737 2546 monuerunt,
768 2473 793 2531 si
812 2470 866 2530 hoc
895 2473 1021 2553 reperire
1048 2469 1218 2530 mortalibus
1235 2471 1343 2542 liceret,

117 2572 198 2632 hand
216 2571 302 2631 facile
321 2572 358 2630 iis
379 2569 527 2650 obtingere
546 2572 708 2651 exoptatius
727 2570 885 2650 utiliusque
905 2571 1052 2650 negotium
1070 2590 1173 2651 posse:
1195 2567 1344 2628 recteadeo

117 2672 249 2731 fecerunt
280 2668 389 2743 iidem,
419 2669 470 2747 qui
499 2669 686 2747 exquirerent
705 2667 784 2727 illud
803 2668 949 2728 indefesso
970 2667 1083 2727 studio:
1105 2665 1191 2725 modo
1211 2666 1263 2724 hoc
1282 2667 1344 2723 ani·

117 2767 358 2842 madvertissent,
380 2766 613 2847 appropinquare
639 2765 712 2825 illuc
731 2765 843 2824 homini
864 2764 970 2838 licere,
1000 2765 1154 2846 pervenire
1176 2785 1234 2822 non
1253 2762 1343 2821 licere.

116 2867 207 2941 Nam,
227 2864 306 2945 quod
323 2864 470 2938 diximus,
491 2877 550 2923 tam
568 2863 711 2944 perfectae
732 2884 764 2922 co
784 2863 973 2941 requiruntur
993 2862 1074 2936 veri,
1089 2862 1181 2942 ipsius
1199 2859 1253 2922 τοῦ
1265 2852 1345 2932 ὄντος

117 2964 267 3036 notiones,
290 2975 321 3020 ut
341 2961 406 3021 salli
425 2982 485 3020 non
505 2961 665 3041 possimus:
686 2960 721 3019 id
741 2973 836 3019 autem
856 2959 908 3018 uni
934 2960 994 3018 Deo
1022 2974 1064 3023 est
1092 2963 1250 3042 proprium.
1289 2960 1344 3020 Sed

109 3061 154 3121 ‘ad
173 3060 323 3120 seientiam
344 3060 425 3134 veri,
444 3072 476 3117 ut
493 3072 604 3117 caetera
624 3058 755 3133 mittam,
776 3077 939 3116 caussarum
958 3059 1124 3136 praesertim
1143 3059 1264 3117 scientia
1279 3079 1344 3140 pos-
1441 3087 1442 3102 ÷

117 3159 236 3218 tulatur.
278 3157 355 3218 Leve
372 3154 405 3214 id
423 3155 570 3234 negotium
585 3168 627 3215 est
646 3156 679 3213 in
703 3155 789 3213 rebus
809 3153 938 3234 physicis
958 3166 986 3211 et
1004 3153 1191 3216 mechanicis.
1232 3155 1344 3216 Mechi-

116 3257 200 3314 nicus
221 3252 371 3312 machinae
401 3250 486 3310 nobis
516 3253 714 3331 cujuscunque
749 3252 890 3310 rationem
917 3251 1056 3330 exponit,
1084 3253 1192 3312 caussis
1219 3267 1343 3313 motuum

115 3350 303 3411 ostendendis
323 3362 388 3429 apte
409 3347 456 3428 2),
479 3347 616 3430 physicus
638 3349 772 3408 similiter
789 3347 923 3407 fulminis
940 3360 968 3405 et
988 3349 1099 3406 tonitru
1115 3351 1253 3430 expositis
1263 3372 1345 3410 caus

115 3450 172 3524 sis,
189 3469 233 3507 res
251 3447 303 3506 has
329 3446 493 3522 terribiles,
522 3444 628 3524 quihus
658 3445 869 3526 obstupuerunt
889 3465 1000 3524 semper
1030 3447 1181 3522 mortales,
1203 3448 1342 3530 explicat3

115 3561 143 3606 at
160 3543 369 3628 philosophus,
390 3545 437 3602 cui
458 3565 502 3603 res
519 3545 588 3602 item
607 3543 727 3602 morales
746 3564 778 3602 ac
798 3542 918 3604 divinae
932 3540 1128 3622 explorandae
1149 3559 1217 3604 sunt
1226 3590 1235 3618 ,
1252 3547 1274 3604 si
1292 3545 1345 3604 ha-

116 3665 179 3704 rum
200 3646 269 3702 item
289 3642 420 3700 omnium
440 3662 552 3701 caussas
573 3662 605 3700 ac
627 3641 828 3701 remotissimas
848 3640 920 3700 adeo
931 3683 940 3714 ,
961 3640 1111 3717 exquirere
1130 3641 1271 3720 nobisque
1283 3656 1344 3702 tra-

116 3742 184 3801 dere
205 3740 297 3815 velit,
317 3741 395 3799 Deus
416 3738 471 3813 sit,
493 3740 553 3797 lere
574 3738 721 3813 dixerim,
742 3757 857 3797 necesse
877 3750 935 3811 est,
956 3734 989 3795 id
1007 3750 1039 3795 ut
1058 3738 1199 3817 perficiat.

156 3836 237 3896 Talis
256 3837 345 3924 igitur
375 3857 441 3894 cnm
472 3836 510 3895 sit
539 3841 699 3910 cavalcatis,
734 3855 791 3913 qna
821 3835 879 3893 late
900 3847 996 3914 patet,
1024 3842 1172 3910 scientia,
1193 3836 1345 3896 Platonos

117 3953 179 3992 eam
200 3933 350 4012 explorare
371 3947 400 3992 et
420 3934 553 4015 persequi
570 3933 675 4012 jussit,
696 3933 757 4013 ipse
776 3931 901 3991 delinire
920 3932 1061 4011 nobisque
1080 3933 1213 4008 tradere,
1234 3949 1344 3994 utnon

116 4031 228 4111 potuit,
248 4031 290 4088 ita
310 4030 415 4090 noluit.
457 4030 606 4113 Sapientia
627 4030 739 4090 scilicet
769 4031 831 4109 ipsa
851 4042 911 4104 est,
942 4049 1013 4108 qnae
1037 4031 1117 4089 Deo:
1139 4052 1200 4090 non
1220 4031 1345 4091 studium
1440 4099 1441 4106 ἵ

116 4127 290 4209 sapientiae,
313 4146 373 4186 non
393 4126 596 4209 philosophia,
624 4146 696 4205 qnae
726 4126 840 4185 homini
870 4128 1018 4190 convenit.
1061 4126 1119 4186 Hic
1137 4143 1232 4188 autem
1250 4141 1346 4188 atten-

114 4263 370 4276 ....-.-------

53 4405 55 4410 Ι
112 4337 253 4471 1¹ltql'id.
271 4334 349 4402 Diog.
370 4334 455 4386 baert
473 4335 526 4388 vlt.
544 4335 586 4389 ld.
605 4337 677 4390 Sext.
695 4337 770 4403 Emp.
789 4339 844 4390 cde.
863 4335 998 4404 bcqicosl.
1016 4333 1082 4400 152,
1108 4335 1167 4389 att,
1188 4337 1241 4390 cic.
1260 4335 1346 4390 Aeae-
