2872 5122
324 1272 793 1349 PHILOSOPHIA
846 1273 1003 1349 VERI

619 1510 704 1559 SIVE

452 1707 512 1767 DE
546 1707 718 1769 MUNDO
748 1703 869 1790 νοητῷ.

518 1979 606 2045 Ἀλλά
634 1985 692 2059 δεῖ,
720 1978 747 2045 ul
771 1979 925 2059 Γλαύκων,
949 1983 1037 2066 ἐκεῖσε
1057 1982 1179 2066 βλέπειν.
1195 2028 1233 2035 -
1272 2013 1275 2022 ¹

560 2089 640 2164 Ποῖ,·
672 2081 694 2170 ἧ
720 2081 748 2148 0⁰
774 2081 815 2162 ὅς.
839 2126 877 2132 -
908 2086 961 2161 Εἰς
985 2083 1039 2171 τήν
1060 2088 1235 2174 φιλοσοφίαν
1293 2073 1297 2082 ¹

558 2190 613 2272 τῆς
634 2189 738 2272 ψυχῆς
750 2238 760 2264 ,
781 2187 829 2250 καὶ
851 2187 957 2251 ἐννοεῖν
979 2181 1021 2253 ὦν
1045 2185 1165 2254 ἅπτεται
1187 2193 1235 2254 καὶ

559 2289 632 2356 οἵων
654 2291 766 2374 ἐφίεται
789 2285 920 2371 ὁμιλιῶν.
937 2323 989 2340 -—*

1206 2407 1237 2414 ..-

92 2681 154 2740 Fuit
173 2699 244 2739 sane
263 2695 365 2756 magna
390 2690 418 2735 et
436 2676 608 2756 optimarum
631 2677 734 2736 artium
749 2675 863 2768 studiis
892 2675 1043 2755 salutaris,
1069 2701 1141 2757 quae
1159 2693 1273 2760 patrum

60 2779 181 2839 memorii
202 2776 329 2849 exstitit,
350 2773 549 2855 philosophiae
569 2776 760 2834 commutatio.
802 2777 875 2833 Nam
893 2777 1024 2854 quamvis
1041 2773 1111 2835 haec
1132 2791 1215 2838 antea
1226 2826 1234 2852 ,
1256 2800 1272 2836 a

61 2879 154 2936 renatis
173 2874 245 2935 inde
265 2873 374 2946 literis,
396 2894 410 2931 e
429 2871 597 2932 scholastica
617 2873 750 2932 barbarie
769 2887 855 2954 caput
875 2874 1036 2949 extulerat,
1058 2875 1273 2956 repudiatisque

12 2987 14 2996 '
62 2973 267 3034 dialecticorum
291 2971 373 3033 vanis
397 2985 425 3030 et
449 2970 582 3029 absurdis
605 2970 860 3045 contentionibus,
888 2993 986 3032 verum
1014 2975 1163 3052 exquirere
1191 2975 1301 3036 nulli.

62 3092 109 3131 uon
126 3073 173 3134 vit
194 3085 221 3130 et
241 3070 350 3128 ratione
370 3083 513 3149 coeperat,
534 3083 643 3144 tamen,
663 3090 736 3149 quae
754 3082 912 3149 temporum
937 3068 1055 3129 illorum
1071 3071 1165 3130 luerat
1188 3073 1261 3131 ratio

62 3168 140 3228 ductis
164 3170 250 3227 unice
274 3168 464 3246 acutiorisque
487 3169 598 3247 ingenii
622 3168 692 3229 viris
721 3167 924 3242 consuluerat,
945 3169 1064 3227 caeteris
1083 3183 1195 3228 tantum
1213 3193 1273 3229 non

64 3266 143 3344 ignota
162 3280 315 3326 manserat.
357 3267 381 3324 Α
405 3265 500 3325 medio
526 3287 594 3326 vero
619 3265 688 3324 inde
712 3267 856 3346 superiore
883 3267 996 3326 saeculo
1021 3269 1178 3327 communis
1202 3257 1271 3327 hacc

63 3363 175 3426 invaluit
194 3387 247 3447 per
269 3365 431 3424 universam
458 3365 517 3422 fere
532 3365 675 3444 Europam
694 3362 930 3444 philosophorum
949 3367 1110 3440 sententia,
1132 3369 1193 3426 istis
1214 3391 1273 3428 non

64 3459 157 3522 finibus
179 3463 373 3523 cohibendam
397 3483 455 3521 esse
481 3460 711 3545 philosophiam,
740 3460 790 3521 sed
806 3462 959 3544 procedere
984 3484 1046 3523 eam
1065 3462 1167 3540 latius',
1189 3482 1216 3525 et
1231 3452 1273 3525 'ad

64 3563 142 3621 omnis
160 3561 272 3644 generis
296 3561 528 3639 conditionisque
546 3560 677 3619 homines
695 3560 848 3641 pervenire
868 3575 1016 3640 oportere,
1039 3549 1215 3624 ut'universi
1237 3587 1272 3622 ex

65 3659 114 3734 ejus
139 3661 235 3720 studio
264 3661 375 3719 fructus
401 3671 535 3740 caperent
560 3658 728 3718 uberrimos.
771 3659 932 3734 Quocirca,
954 3662 1068 3719 remotis
1085 3662 1272 3742 impedimen·

66 3755 110 3831 tis,
128 3759 231 3839 quibus
249 3761 311 3836 ejus
329 3757 425 3818 aditus
441 3757 535 3816 adhuc
555 3758 649 3817 fuerat
671 3755 816 3838 plerisque
842 3756 1032 3832 interclusus,
1053 3759 1220 3842 philosophi
1245 3777 1272 3822 et

67 3855 224 3937 uniquique
243 3856 343 3937 linguh
362 3855 485 3915 scribere
495 3902 504 3931 ,
522 3870 550 3915 et
564 3856 680 3915 suavius
700 3854 937 3936 elegantiusque,
954 3877 1039 3933 quam
1060 3855 1121 3916 lieri
1151 3881 1273 3919 consue-

69 3969 134 4014 uerat
141 3958 190 4032 ,in
198 3955 300 4038 primis
310 3954 488 4036 populariter
498 3953 696 4036 philosophari
716 3953 922 4012 instituerunt:
944 3969 1141 4034 argumentum
1160 3975 1269 4038 autem,

69 4052 132 4127 quod
153 4053 384 4136 philosophando
411 4052 613 4133 explorarent,
635 4051 712 4110 illud
739 4052 794 4110 sibi
823 4067 1033 4132 proposuerunt
1052 4057 1194 4134 maxime,
1215 4083 1271 4138 quo

72 4149 166 4210 nullum
191 4167 289 4212 tenere
312 4153 401 4232 magis
424 4151 540 4232 quosvis
566 4150 696 4208 homines
724 4147 858 4224 deberet,
880 4151 974 4231 ipsum
994 4152 1149 4215 haaninem.
1171 4147 1174 4152 ¹
1193 4159 1270 4220 llino

73 4242 266 4327 disquisitiones
289 4249 395 4308 multae
414 4250 567 4329 variaeque
584 4248 621 4307 de
641 4248 759 4307 historia
778 4247 982 4323 humanitatis,
1003 4251 1108 4329 quibus
1129 4269 1156 4313 et
1175 4257 1270 4317 homi-

74 4343 110 4400 nis
126 4360 149 4405 et
166 4349 276 4428 generis
293 4347 412 4407 humani
431 4362 533 4407 natura
553 4368 585 4406 ac
605 4347 685 4410 uaria
705 4345 792 4429 uariis
807 4345 877 4405 locis
892 4348 1122 4429 temporibusque
1141 4353 1269 4416 conditio

75 4447 257 4522 exponebatur.
308 4447 385 4506 Hinc
408 4447 586 4507 eruditorum
612 4445 807 4519 consuetudo,
829 4459 879 4520 ut,
900 4445 1091 4526 quodcunque
1118 4463 1272 4514 tractarent

77 4535 201 4608 doctrinae
219 4567 322 4629 genus,
343 4545 487 4629 principia
506 4547 568 4623 ejus
588 4543 726 4604 ducerent
750 4565 785 4602 ex
810 4543 934 4602 bominis
958 4559 1068 4605 natura.
1110 4547 1187 4608 Hinc
1207 4567 1269 4610 stu-

517 4649 522 4662 .
1097 4647 1133 4706 3,

356 4777 367 4804 Ι
