2908 5114
729 293 790 357 370

138 456 220 516 illico
238 460 495 534 quaesiuitabiis,
512 477 661 537 quosnam
681 468 821 542 uirgines
831 443 987 537 foroeoeas
1006 466 1161 524 leobercnt.
1206 460 1263 519 Illi
1279 470 1371 517 aulem

139 562 245 614 statim
259 557 406 615 bominem
416 557 609 616 deduxerunt
630 565 664 616 in
670 561 865 636 palaestram
875 605 884 636 ,
902 571 993 640 atque
1011 571 1040 620 ei
1054 584 1166 641 pueros
1184 561 1372 619 ostenderunt

140 655 267 728 multos,
278 657 552 734 magnoprasditos
570 658 731 737 dignitato.
755 658 879 716 Etenim
890 662 1015 738 quodam
1035 671 1166 738 tempore
1187 659 1372 719 Crotoniatae

140 752 270 810 multum
286 755 423 812 'oranibus
439 775 597 833 corporum
616 760 734 816 viribus
752 768 782 815 et
799 760 1003 838 dignitatibus
1022 768 1267 832 antisteterunt,
1294 766 1372 836 atque

138 851 409 910 honestissimam
426 861 567 933 gymnico
585 863 753 914 certamine
769 863 914 916 victorias
926 857 1125 916 domumcum
1134 867 1272 918 marimo
1294 857 1372 914 laude

140 949 326 1008 retulerunt.
360 947 459 1026 Quum
474 972 644 1029 puerorum
663 961 765 1034 igitur
774 959 902 1030 formas
921 966 1085 1036 etcorpora
1101 978 1210 1038 magno
1229 958 1279 1016 bic
1299 976 1373 1033 opere

146 1053 337 1103 miraretur:
357 1045 484 1122 Horum,
495 1057 643 1128 inquiunt
655 1053 715 1127 illi,
727 1074 841 1112 sorores
851 1065 924 1114 sunt
934 1059 1017 1132 opud
1033 1078 1085 1114 nos
1096 1064 1243 1137 virgines.
1269 1055 1369 1136 Quare,

139 1165 200 1220 qua
220 1151 285 1201 sint
303 1146 377 1202 illas
396 1147 548 1226 dignitato
558 1193 566 1222 ,
581 1159 713 1226 potesse
733 1153 781 1210 bis
802 1159 965 1229 suspicari.
1011 1153 1154 1213 Praebete
1175 1163 1280 1237 igitur
1288 1159 1368 1228 mibi,

140 1261 263 1318 quaeso,
276 1249 403 1320 inquit,
422 1266 457 1302 ea·
477 1253 548 1304 istis
568 1251 990 1327 uirginibussormosissimas
1001 1298 1009 1327 ,
1029 1254 1100 1310 dum
1118 1262 1212 1336 pingo
1232 1257 1285 1329 id,
1304 1255 1370 1332 quod

138 1341 295 1416 pollicitus
324 1361 391 1400 sum
420 1345 514 1418 cobis,
544 1354 580 1401 ut
599 1356 719 1405 mutum
738 1356 771 1405 in
799 1351 1002 1408 simulacrum
1031 1373 1067 1408 aa·
1095 1354 1229 1412 animali
1249 1356 1369 1431 exemplo

141 1440 258 1496 ueritas
275 1443 501 1514 transferatur.
550 1443 577 1500 Τ
575 1465 626 1502 um
659 1445 871 1522 Crotoniatae,
886 1450 1005 1524 publico
1026 1451 1060 1506 de
1081 1453 1225 1526 consilio,
1245 1461 1369 1534 uirgines

140 1557 236 1593 unum
254 1542 288 1592 in
308 1538 404 1594 locum
424 1541 650 1616 conducerunt,
676 1553 705 1600 et
720 1553 851 1621 pictori,
879 1567 955 1623 quas
971 1548 1079 1622 vellet,
1101 1551 1235 1629 eligendi
1252 1561 1369 1626 potesta·

141 1645 201 1693 tem
221 1635 378 1694 dederunt.
411 1630 482 1696 'Itte
501 1651 603 1698 autem
624 1651 760 1720 quinquo
772 1646 904 1725 delegit:
925 1667 1057 1722 quarum
1074 1657 1199 1705 nomina
1215 1651 1305 1706 multi
1311 1660 1368 1727 poi·

142 1742 192 1788 tae
210 1741 371 1790 neemom'oo
392 1737 708 1816 tradiderunt,·quod
726 1748 794 1818 ejus
819 1736 918 1801 asserit
936 1745 1059 1818 judicio
1085 1748 1244 1822 probatae,
1261 1756 1312 1825 qui
1329 1772 1369 1806 oe-

142 1836 300 1886 rissimum
315 1832 544 1907 pulcritudinis
564 1837 671 1896 babere
683 1842 842 1915 judicium
870 1843 1025 1901 debuisset.
1067 1840 1171 1920 Neque
1190 1853 1268 1904 enim
1282 1859 1369 1924 puta-

142 1933 206 1999 uit,
227 1933 345 2000 omnia,
366 1949 441 2004 quas
462 1947 623 2010 quaereret
644 1939 683 1994 od
702 1949 910 2015 venustatam,
929 1963 988 1998 uno
1004 1947 1038 1997 iu
1057 1961 1179 2018 corpore
1197 1965 1227 2002 se
1244 1953 1368 2024 reperire

141 2042 243 2098 posse:
265 2025 329 2081 ideo
349 2028 426 2101 quod
448 2032 547 2105 nibil,
578 2036 711 2112 simplici
729 2042 763 2092 in
792 2058 922 2117 genere,
949 2040 1084 2098 onenibus
1102 2063 1139 2097 ec
1153 2045 1295 2117 partibus
1305 2067 1368 2122 per·

134 2115 258 2194 sectum
278 2131 396 2179 natura
417 2130 569 2203 capolieit.
612 2131 724 2209 Itaque
753 2136 899 2212 tanquam
927 2144 1057 2195 caeteris
1083 2157 1142 2196 non
1172 2147 1215 2197 sit
1234 2141 1367 2201 babitare

48 2205 49 2210 ¹
143 2219 219 2296 quod
237 2219 416 2299 largiatur,
439 2232 466 2281 si
485 2235 541 2284 uni
560 2240 670 2287 cuncto
689 2241 887 2308 concesserit,
908 2235 996 2293 aliud
1015 2237 1074 2292 alii
1092 2240 1252 2314 comniodi,
1278 2241 1368 2320 aliquo

145 2317 291 2391 adjuncto
310 2323 490 2380 incommodo
500 2368 509 2396 ,
529 2337 724 2388 muneratur.
749 2327 777 2407 l)

183 2412 330 2472 Praeclare
348 2414 400 2475 ille
419 2430 447 2474 et
466 2417 695 2498 elegantissime:
722 2447 894 2506 quamquam
923 2423 1112 2510 παράδειγμα
1135 2433 1282 2511 Platonis,
1301 2437 1368 2517 quod

143 2508 199 2587 ipsi
220 2509 410 2572 tribuendum
429 2515 549 2593 ingenio
569 2519 689 2578 artificis
708 2536 749 2580 est
759 2569 767 2597 ,
787 2525 820 2582 in
832 2532 1033 2590 venustissima
1054 2532 1248 2613 descriptione
1264 2535 1365 2594 deside·

143 2623 247 2664 remus.
291 2609 366 2668 Tum
383 2608 500 2670 demum
521 2614 598 2675 idem
610 2616 709 2675 Cicero
729 2619 908 2682 Platonicam
928 2628 1156 2706 sublimitatem,
1179 2647 1210 2693 ut
1231 2656 1313 2717 supra
1331 2635 1366 2692 vi·

142 2698 256 2775 dimus,
273 2709 415 2783 expressit
433 2709 538 2788 plene,
568 2733 658 2790 quum
687 2716 749 2794 ipse
762 2707 870 2798 ¹postea
898 2727 1054 2803 perfectam
1079 2732 1208 2792 Oratoris
1237 2736 1365 2815 speciem,

143 2801 245 2873 qualis
260 2823 418 2879 nunquam
430 2809 568 2884 fuisset,
588 2811 707 2890 pictoris
723 2811 774 2872 'aut
802 2821 932 2879 statuarii
959 2823 1049 2886 instar
1069 2829 1271 2894 informabat..
1304 2835 1366 2894 'rum

145 2891 185 2958 de
202 2895 307 2957 Phidia
327 2905 479 2982 usurpavit
508 2905 601 2967 illud:
623 2906 684 2966 Nec
706 2932 774 2970 oero
800 2916 854 2974 ille
872 2924 1011 2997 artifex,
1040 2948 1132 3003 quum
1152 2933 1368 3004 faceretdoois

136 2993 276 3065 formam
286 3008 343 3056 out
360 2999 530 3078 Mineruae,
542 3008 802 3082 contemplabatur
811 3014 987 3092 aliquem‚e
1005 3045 1061 3098 quo
1071 3028 1303 3089 similitudinem
1321 3033 1365 3088 da·

145 3102 243 3166 cerat,
262 3097 313 3153 sed
328 3105 426 3173 ipsius
443 3107 477 3158 in
495 3113 593 3168 mente
611 3105 761 3164 insidebat
789 3121 900 3186 species
917 3119 1143 3191 pulcritudinis
1162 3135 1273 3187 cointio
1289 3151 1366 3209 quos·

134 3190 231 3263 dom,
252 3213 342 3268 quom
362 3203 503 3274 intuens,
531 3208 565 3258 in
586 3223 679 3279 saque
698 3205 832 3281 delicus,
861 3212 902 3269 ad
921 3215 1009 3274 illius
1029 3223 1263 3286 similitudinem
1280 3239 1365 3286 ortem

143 3295 173 3340 et
191 3306 317 3346 monum
335 3292 496 3372 dirigebat.
519 3295 551 3378 2)
594 3299 715 3379 Ingenio
734 3302 822 3382 plane
842 3329 913 3388 opus
935 3328 1014 3388 erat,
1032 3318 1116 3394 quale
1138 3323 1284 3384 Ciceronis
1301 3327 1366 3400 fuit,

143 3381 181 3440 ad
198 3397 275 3442 recte
293 3389 512 3467 percipiendam
540 3395 669 3455 Platonis
693 3399 730 3460 de
748 3401 823 3464 ideis
851 3412 1043 3471 sententiamt
1073 3417 1152 3494 quod
1173 3439 1206 3478 eo
1227 3423 1281 3482 tuit
1296 3425 1365 3482 omni

144 3492 272 3561 tempore
293 3481 465 3562 difficilius,
486 3511 543 3568 quo
562 3493 714 3557 sublimior
730 3499 801 3558 haec
821 3517 881 3578 est,
902 3527 1014 3587 quoque
1029 3513 1211 3593 frequentius
1226 3520 1302 3580 Plato
1313 3524 1365 3602 ipsc

143 3575 247 3638 iisdem
267 3579 389 3640 vocibus
407 3583 626 3669 alialongeque
648 3592 764 3656 diversa
784 3599 980 3678 significavit:
1012 3609 1108 3688 itaque
1128 3635 1182 3675 nec
1201 3633 1274 3676 recte
1289 3620 1365 3678 intel·

141 3675 217 3736 lecta
236 3679 272 3737 ab
292 3681 428 3741 omnibus
448 3686 510 3762 ejus
526 3693 670 3750 sententia
691 3706 733 3752 est
750 3709 778 3754 et
798 3699 897 3760 multis
919 3702 1081 3784 displicuit.

182 3773 241 3835 Sed
259 3795 404 3858 praeterea
429 3782 462 3840 in
483 3783 554 3864 ipsis
573 3785 698 3849 subinde
716 3792 884 3877 philosophi
908 3803 1023 3884 scriptis
1042 3805 1105 3866 loca
1123 3809 1159 3870 de
1179 3811 1252 3872 ideis
1272 3835 1365 3874 occur-

142 3884 231 3946 runt,
250 3895 340 3951 quae,
362 3880 419 3940 nisi
438 3900 476 3942 ex
496 3881 559 3963 ipsa
586 3889 710 3948 auctoris
729 3907 825 3953 mente
853 3899 1056 3980 explicentur,
1086 3907 1203 3990 inepta,
1224 3933 1258 3970 ne
1277 3911 1364 3972 dcam

142 3965 268 4028 absurda
297 3975 447 4036 continere
477 3979 645 4042 videantur.
688 3987 728 4046 In
743 3991 850 4070 quibus
868 3995 920 4053 ille
939 4005 1107 4079 praesertim
1126 4006 1365 4070 locuscensendus

143 4077 200 4140 est,
229 4088 313 4144 quem
339 4091 423 4151 supra
453 4081 690 4160 memoravimus,
723 4088 774 4147 ubi
806 4090 898 4153 lectus
929 4109 956 4155 et
977 4118 1074 4161 mensu
1104 4107 1189 4166 ideae
1218 4107 1363 4186 dicuntur,

144 4221 396 4238 —ffl———q

151 4285 156 4310 ³
174 4290 204 4354 1)
225 4291 278 4344 Cic.
298 4295 328 4345 de
343 4297 439 4350 luocut.
459 4301 490 4353 ll.
511 4303 534 4353 l.

177 4375 440 4438 unomen
