2886 5118
657 243 716 306 439

76 407 268 486 ωυὶειῑὶιηιιε
287 389 455 466 innumerus¹
475 409 753 486 atquegravissinras
768 409 951 487 objecerunt,
972 427 1044 488 qaas
1060 407 1294 492 superataqurll.

76 522 183 587 cunque
201 505 300 580 modu,
327 506 385 565 nisi
404 506 514 565 summa
531 505 623 566 animi
643 507 809 568 intensione
827 527 861 565 ac
880 505 1043 568 disserendi
1062 508 1225 569 subtilitate
1246 529 1306 570 nen

79 618 239 687 potuerunt.
281 605 353 664 hem
373 603 508 684 equidem
535 603 634 663 malim
664 605 787 666 aliunde
807 618 946 687 repetere.
987 605 1116 665 Primum
1135 609 1214 668 enim
1231 622 1307 668 reete

77 725 92 762 a
108 703 285 784 sapientibus
304 703 447 762 monitum
466 716 527 777 cst,
547 701 580 761 id
601 702 712 764 homini
732 706 793 764 fere
812 702 850 762 ad
871 701 1079 783 assequendum
1097 705 1311 766 difficillimam·

76 817 148 876 esse,
174 801 253 880 quod
279 815 324 861 est
354 800 618 882 simplicissimum:
647 801 777 880 deinde,
804 802 883 882 qnod
913 803 948 862 in
975 803 1052 864 vitae
1075 815 1128 862 usu
1149 803 1304 879 doeemur,

76 915 152 981 aegre
183 900 371 981 sibimetipsis
399 900 546 980 imputant
566 901 719 977 mortales,
749 901 830 981 qaod
849 902 883 960 in
905 901 992 960 rebus
1013 900 1198 978 inquirendis
1218 902 1311 984 perli-

76 998 238 1077 ciendisque
262 996 388 1057 arduum
415 999 592 1058 existimant.
633 999 804 1060 Maluerunt
831 999 922 1078 igitur
941 999 1111 1081 philosophi
1133 1001 1192 1087 lere
1213 1019 1309 1061 terum

77 1097 310 1178 explicandarum
340 1095 542 1156 difficultatem
574 1097 622 1157 vel
651 1098 722 1178 ipsis
742 1097 829 1156 mhus
847 1097 895 1182 rel
915 1111 1037 1157 naturae
1057 1096 1200 1158 humanae
1221 1099 1312 1158 imbe-

75 1195 205 1272 cillitati,
230 1209 318 1275 quam
338 1213 389 1252 suo
407 1194 465 1275 ipsi
486 1195 558 1255 ritio
573 1193 789 1275 quaerendique
809 1197 991 1276 perversitati
1016 1192 1190 1257 adscribere.
1223 1199 1312 1274 Cujus
1353 1231 1356 1242 ·
1426 1173 1431 1188 ⁸

79 1294 128 1373 ipsi
148 1294 269 1354 rationis
286 1306 419 1366 tenaces,
449 1293 503 1354 vix
520 1290 612 1368 illud,
639 1293 718 1373 quud
739 1305 767 1352 et
786 1309 938 1354 monuerat
956 1295 1038 1357 Plato
1060 1309 1088 1356 et
1108 1294 1311 1376 philosophiae

78 1391 321 1471 ipsesuaenonni
340 1404 369 1449 et
388 1390 491 1450 habita
512 1391 545 1450 in
561 1393 693 1452 omnium
715 1393 808 1455 veluti
828 1407 986 1474 conspectu
1006 1392 1314 1476 posue1·at,attcude-

78 1503 150 1550 runt.
191 1491 258 1565 Quo
285 1488 374 1568 magis
404 1489 500 1565 inid
526 1490 656 1570 profecto
688 1491 773 1550 nobis
790 1504 850 1551 toto
870 1505 985 1572 pectore
1001 1489 1231 1552 incumbendum
1253 1503 1314 1566 est,

78 1601 107 1648 ut
134 1586 266 1663 assidue,
297 1592 465 1662 nocturna,
487 1601 519 1646 ut
550 1587 602 1647 ille
627 1590 688 1662 ait,
717 1590 887 1664 aternoque
905 1612 999 1649 mauu
1022 1591 1181 1652 Socratica
1199 1597 1316 1668 scripta

20 1748 23 1754 ,
78 1687 246 1760 errantes,
275 1684 439 1744 imbuamur
466 1685 573 1744 sensim
599 1686 798 1766 paulatimque
818 1685 979 1748 Socraticae
1008 1689 1091 1749 illius
1118 1686 1315 1768 simplicitatis

78 1806 156 1846 sensu
167 1831 176 1860 ,
197 1798 282 1862 atque
303 1781 341 1841 ad
360 1781 448 1860 hujus
465 1782 606 1842 rationem
627 1783 764 1845 divinum
782 1797 987 1864 praeceptum,
1015 1809 1032 1846 a
1051 1786 1205 1848 Socraticis
1225 1786 1311 1844 unice

78 1884 269 1960 celebratum,
288 1879 387 1961 γνῶθι
408 1874 531 1940 σεαυτόν
539 1928 549 1958 ,
569 1884 602 1942 in
619 1881 716 1942 studia
736 1883 822 1941 etiam
840 1897 937 1942 nostra
954 1886 1209 1946 accommodemus.

114 1984 185 2059 Quis
204 1957 273 2042 fini}
290 1984 327 2042 sit
345 1982 546 2064 philosophiae
565 1981 747 2055 Platonicae,
766 2001 851 2060 quem
869 1981 903 2038 in
921 1981 967 2040 his
977 1981 1234 2063 disquisitionibus
1244 2001 1313 2062 per-

80 2096 160 2163 petuo
178 2081 383 2162 quaesivimus,
402 2080 535 2140 nondum
546 2075 759 2139 declaravimus
770 2079 848 2138 satis.
880 2079 937 2138 Nee
958 2093 1055 2140 tamen
1075 2083 1213 2160 exiguum
1233 2077 1311 2137 illud

78 2195 133 2256 est,
158 2178 239 2260 quod
267 2180 443 2260 reperimus,
473 2178 594 2238 tendere
622 2197 682 2236 eam
704 2177 736 2235 in
757 2177 837 2235 omni
858 2177 1067 2259 disceptatione
1088 2178 1126 2238 ad
1145 2177 1200 2240 τοῦ
1222 2169 1306 2247 ὄντος

79 2280 224 2338 scientiam
243 2279 440 2359 potissimum,
461 2292 547 2355 atque
568 2297 627 2335 esse
647 2295 744 2356 reapse
764 2275 891 2354 hominis
901 2321 909 2350 ,
931 2277 956 2335 si
975 2278 1107 2337 effectum
1126 2270 1286 2360 spectamus
1298 2315 1318 2352 ,-

79 2377 114 2436 ad
140 2378 291 2440 veritatem
310 2377 537 2436 conversionem.
579 2373 690 2450 Quodsi
707 2394 737 2432 se
755 2373 809 2434 hoc
828 2375 946 2434 nomine
966 2376 1051 2437 nobis
1071 2399 1129 2436 non
1152 2378 1310 2438 mediocri-

7 2517 9 2526 ι
81 2489 120 2535 ter
137 2475 401 2549 commendaverit,
432 2495 492 2533 non
513 2475 610 2532 minus
628 2493 696 2530 sane
716 2472 769 2530 illa
789 2460 982 2553 praestantiae
1001 2476 1192 2554 utilitatisque
1211 2476 1308 2550 hahet,

82 2575 128 2635 uhi
155 2576 197 2635 sic
229 2594 281 2633 nos
298 2587 407 2650 ¹tricante
435 2571 473 2631 ad
491 2570 634 2652 'pulcrum
664 2553 820 2648 vernumque
841 2591 993 2632 conversos
1014 2573 1046 2631 iu
1068 2574 1192 2633 mediam
1214 2574 1313 2633 educit

82 2674 226 2734 hominum
246 2672 409 2732 societatem
419 2716 428 2745 ,
449 2683 481 2728 ut
498 2671 645 2729 intuentes
665 2669 762 2727 animo
783 2668 929 2726 verissima
950 2669 1002 2729 illa
1023 2658 1085 2731 veri
1103 2672 1252 2752 exempla,
1273 2671 1311 2730 ad

82 2773 234 2852 perlectam
259 2791 357 2849 eorpm
376 2767 575 2828 conditionem
594 2788 639 2826 res
659 2780 768 2826 nostras
788 2785 885 2824 omnes
904 2767 1050 2846 vitamque
1072 2770 1222 2829 hominum
1244 2790 1313 2828 con·

83 2857 231 2930 formemus
250 2882 335 2929 reete.
357 2869 437 2946 Quae
454 2867 559 2926 iterum
574 2861 734 2946 progressio
753 2863 919 2924 Platonicae
932 2865 1133 2948 philosophiae
1153 2882 1204 2942 est,
1223 2888 1312 2947 quum

83 2990 99 3026 a
124 2969 225 3050 pulcro
252 2981 281 3026 et
311 2987 379 3028 vero
407 2965 445 3025 ad
469 2971 582 3038 justi
610 2961 843 3042 disquisitionem
870 2964 1064 3044 progreditur.
1106 2965 1312 3025 Accedendum

80 3069 135 3144 jam
153 3066 239 3127 nubis
264 3065 336 3126 illuc
358 3077 418 3139 est,
446 3064 556 3142 eritque
575 3070 640 3120 aito
661 3068 774 3138 optima
794 3060 856 3120 sive
875 3063 960 3120 bauto
981 3064 1081 3139 nohis,
1108 3066 1191 3142 eujus
1207 3085 1313 3144 saepe-

85 3187 200 3225 numero
221 3166 254 3224 in
273 3164 352 3223 hisce
372 3163 548 3221 mentionem
566 3160 735 3238 injecimus,
764 3159 900 3239 princeps
919 3162 1117 3241 proximarum
1136 3162 1314 3242 disquisitio·

86 3287 150 3324 num
164 3275 379 3344 argumentum.
420 3259 478 3319 Sed
507 3261 568 3318 vita
588 3256 660 3334 illa,
687 3258 782 3338 qualis
810 3257 866 3332 sit,
894 3279 930 3315 ex
959 3258 1048 3320 hacce
1064 3264 1145 3341 jam,
1173 3263 1205 3319 in
1225 3279 1311 3339 quam

85 3363 281 3436 escendimus,
308 3357 510 3441 philosophiae
528 3358 693 3417 Platonicae
714 3356 808 3418 veluti
828 3352 943 3440 uaoat'p,
976 3359 1109 3439 augurari
1131 3359 1215 3418 nohis
1235 3357 1313 3416 licet.

86 3463 170 3521 Purae
201 3461 445 3537 intaminataeque
475 3457 606 3518 veritatis
624 3454 880 3537 {contemplatione
909 3459 1095 3533 continetur,
1121 3478 1207 3536 quam
1227 3455 1313 3514 rebus

86 3559 294 3619 accommodare
313 3557 450 3616 humanis
470 3554 645 3616 studeamus.
666 3555 834 3615 Vaticinata
856 3556 888 3616 id
908 3556 993 3615 nohis
1013 3556 1138 3615 Diotime
1157 3567 1207 3626 est,
1226 3573 1316 3631 quum

87 3659 176 3738 pulcri
188 3656 401 3740 philosophiam
409 3655 624 3715 absolveramus
637 3651 676 3734 l);
688 3676 779 3729 nunc,
788 3668 937 3735 postquam
946 3653 1159 3734 philosophiam
1170 3651 1230 3710 veri
1242 3651 1311 3708 item

87 3755 122 3816 ad
139 3757 227 3816 finem
244 3755 443 3836 perduximus,
460 3753 578 3834 plenius
597 3753 684 3811 etiam
701 3753 832 3823 mulieris
847 3752 925 3812 dicta
944 3752 1145 3832 percipiemus.
1172 3743 1323 3814 «Ἑνταῦ-,

88 3857 132 3914 θα
150 3854 204 3915 τοῦ
223 3851 306 3934 βίον,
327 3854 386 3926 ait,
409 3843 435 3914 ul
446 3849 511 3931 φίλε
533 3843 703 3932 Σώκρατες,
726 3845 805 3934 εἴπερ
828 3874 884 3912 που
908 3842 1033 3923 ἄλλοθι,
1055 3839 1171 3929 literaria
1189 3843 1316 3932 ἀνθρώ-

90 3977 147 4039 πῳ,
173 3950 320 4041 θεωμένῳ
352 3947 495 4030 aestiuo*
515 3947 706 4028 καλόν·“1ιίι·,
737 3955 806 4028 laic,
826 3962 972 4030 inquam,
991 3959 1087 4009 amice
1107 3951 1267 4026 Socrates,
1290 3960 1317 4010 ai

92 4066 207 4135 uspiam
227 4060 303 4117 olidi
313 4104 322 4132 ,
344 4059 502 4116 vivendum
523 4057 639 4116 domini
654 4063 718 4128 cst,
746 4059 846 4129 aprum
868 4057 1017 4130 spactuarta'
1032 4052 1189 4127 pulcrum.
1234 4048 1317 4127 Quod

91 4159 233 4235 siquando
259 4164 466 4235 conspexeris,
495 4179 552 4214 arun
583 4156 623 4214 od
651 4159 725 4212 auri
744 4153 791 4210 eal
809 4158 1056 4210 vestimentorum
1077 4147 1124 4206 cal
1139 4151 1318 4227 pulcrorum

128 4435 151 4502 rt
170 4437 246 4489 nm
263 4454 288 4505 p.
309 4434 365 4487 rue.
