2886 5118
657 273 800 348 ‚iso

153 449 215 516 eet,
236 452 272 499 ut
297 441 485 523 guberuator
509 450 623 498 noctus
641 451 725 515 oret,
748 451 784 498 ut
802 461 874 499 suue
895 462 924 499 se
943 443 1158 522 gubernationi
1182 453 1372 520 committent,

151 543 197 598 oei
225 547 374 618 sopientes
399 541 439 598 ud
467 540 597 597 divitum
618 541 708 614 sores
737 540 891 598 accedant.
936 539 989 598 Sic
1010 561 1114 617 reapse
1133 548 1250 600 nutura
1264 523 1372 622 'coropa-

150 649 254 697 rutum
283 646 341 712 est,
372 645 426 711 ut,
458 647 519 696 eice
551 639 633 696 dioec
666 645 727 716 siue
743 658 874 716 -pauper
903 641 1031 697 aduersu
1059 640 1234 698 ualetudine
1260 651 1371 716 ututur,

149 741 366 795 necessariora
380 739 470 811 fiacr
495 736 677 793 rnedicorum
705 746 808 814 petat,
832 759 1005 815 octenosque,
1028 746 1082 817 qui
1098 743 1313 817 gubernatione
1335 748 1372 798 ιἰι·

142 835 273 916 degam,
311 835 407 893 domoc
437 835 549 891 adeant
576 835 730 891 hominum
758 837 951 915 gubernandi
977 846 1168 915 peritorum,
1198 861 1256 896 nou
1280 841 1372 918 guber·

150 943 286 1007 oratores,
308 933 455 1010 siquidem
481 934 617 1008 alicujus
644 939 708 991 siut
721 937 838 1007 pretii,
858 936 1024 1008 insederat
1041 946 1149 1017 rogent
1166 946 1202 994 ut
1216 939 1372 1016 guhmnore

149 1035 206 1091 siti
226 1025 332 1091 'licent
374 1030 453 1104 Quin
484 1030 507 1089 si
539 1051 600 1105 eos,
631 1031 681 1109 qui
710 1029 756 1088 his
775 1032 953 1111 temporibus
971 1033 1152 1114 respublicas
1168 1033 1372 1116 administrant,

148 1129 215 1190 curis
243 1130 280 1188 iis
307 1127 517 1208 comparaveris
545 1129 659 1202 nautis,
682 1147 753 1206 quos
772 1128 858 1192 modo
876 1131 1185 1206 commemorabamus,
1206 1146 1268 1190 tum
1287 1131 1371 1204 etiam,

148 1230 172 1288 si
193 1228 280 1302 illos,
302 1227 352 1306 qui
373 1226 409 1284 ah
427 1225 473 1286 his
492 1226 680 1307 appellantur
700 1223 820 1284 inutiles
846 1247 879 1284 ac
901 1249 997 1287 rerum
1019 1251 1160 1290 vanarum
1181 1230 1372 1311 speculatores,

148 1327 223 1388 veris
251 1322 492 1407 gubernatoribus
517 1325 696 1398 contuleris,
727 1344 788 1383 non
810 1325 966 1386 aberrabis.
1002 1325 1031 1408 l)
1072 1328 1120 1387 Fit
1146 1342 1241 1386 autem
1268 1328 1322 1401 ita,
1348 1339 1372 1384 ut

148 1446 236 1501 vera,
266 1443 396 1504 quaeque
423 1421 469 1482 his
490 1422 576 1481 unice
594 1422 678 1482 malis
700 1421 811 1481 mederi
838 1423 946 1502 possit,
976 1424 1162 1506 philosophia
1184 1427 1261 1484 male
1280 1424 1370 1484 audiat.

146 1525 218 1584 Nam
248 1523 393 1604 primum,
423 1521 553 1600 germani
581 1518 748 1601 philosophi
778 1533 917 1599 tanquam
953 1522 1073 1582 inutiles
1111 1524 1303 1601 rejiciuntur,
1322 1535 1370 1580 tum

139 1623 236 1697 uero,
257 1622 282 1680 si
309 1641 365 1699 qua
395 1618 540 1698 praeclara
570 1617 712 1676 exstiterit
731 1617 764 1675 in
777 1617 939 1696 juvenibus
960 1619 997 1678 ad
1018 1620 1236 1701 philosophiam
1256 1621 1370 1693 indoles,

149 1718 345 1799 corrumpitur
374 1715 446 1790 illa,
476 1728 647 1794 anteaquam
675 1713 712 1774 ad
730 1717 925 1775 maturitatem
945 1719 1120 1797 pervenerit.
1162 1718 1211 1778 Sic
1232 1720 1307 1779 enim
1324 1739 1369 1778 sese

145 1840 189 1878 res
207 1817 304 1876 habet.
357 1807 478 1887 Παντός
497 1807 666 1896 σπέρματος
680 1806 747 1894 πέρι
759 1807 781 1893 ἢ
798 1811 911 1893 φυτοῦ,
926 1810 982 1876 εἴτε
993 1813 1126 1896 ἐγγείων,
1142 1811 1198 1877 εἴτε
1212 1810 1370 1891 τῶνζῶαν,

106 1901 109 1908 ’
144 1911 231 1994 ἴσμεν
243 1907 289 1977 ὅτι
305 1909 343 1975 cd
359 1908 405 1997 μή
420 1906 515 1995 cuprio
532 1913 666 1997 τροφῆς,
685 1905 721 1996 ἧς
733 1909 874 1996 προσήκει
892 1909 1020 2003 ἑκάστῳ,
1036 1913 1110 1999 μηδ’
1130 1910 1212 1998 ὥροις
1221 1966 1231 1993 ,
1246 1916 1322 2001 μηδὲ
1332 1911 1370 1978 τό·

146 2041 219 2093 πον,
240 2010 304 2103 ὅσῳ
323 2010 359 2076 ἂν
377 2011 628 2102 ε’ῥροιμινέστιρον
656 2009 694 2104 ᾗ,
716 2011 849 2104 τοσούτῳ
871 2013 1016 2082 πλειόνων
1038 2019 1119 2082 ἐνδεῖ
1136 2015 1370 2102 aucupandum

143 2115 260 2206 ἀγαθῷ
275 2114 332 2202 γὰρ
355 2115 445 2181 raudo
457 2114 697 2201 ἐναντιώτερονῆ
711 2114 810 2208 τῷμή
823 2115 943 2207 ἀγαθῷ·
960 2136 1072 2184 ecimus
1089 2131 1169 2182 enim
1190 2146 1273 2182 omne
1291 2143 1369 2182 semen

128 2238 178 2282 'oc
193 2246 318 2305 germen
339 2231 400 2282 eice
413 2226 595 2300 plantarum
613 2231 674 2282 eice
693 2225 894 2298 octonalium,
905 2225 981 2301 quod
999 2245 1058 2282 nou
1067 2225 1177 2298 fuerit
1195 2244 1263 2281 eum
1281 2228 1369 2280 nutri-

130 2331 278 2397 tionem,
309 2323 374 2380 eurio
403 2331 627 2398 tempestatem,
649 2343 714 2380 eom
734 2312 885 2401 regione-m
912 2325 1072 2400 adeptum,
1095 2341 1170 2399 quoe
1190 2328 1252 2398 ipsi
1270 2323 1368 2377 καιναὶ

146 2427 322 2494 conveniet,
343 2442 399 2497 quo
420 2420 553 2477 validius
574 2427 634 2494 sit,
655 2442 686 2478 eo
701 2421 846 2497 pluribus
863 2423 1000 2500 indigere
1018 2419 1194 2478 eonomode's:
1216 2421 1284 2476 bono
1301 2439 1367 2476 nom·

144 2542 200 2599 que
230 2520 345 2578 mulum
375 2524 565 2576 eontrarium
594 2525 693 2598 neugio
703 2562 712 2592 ,
742 2533 833 2597 quum
862 2542 919 2578 nou
949 2522 1027 2579 bono.
1057 2549 1093 2558 -
1121 2517 1260 2592 Quidni?
1281 2515 1368 2575 -Fst

145 2597 250 2698 igitur,
283 2629 315 2674 ut
343 2615 484 2690 arbitror,
515 2615 622 2674 rationi
650 2630 894 2691 consentaneum,
916 2620 1055 2698 optimam
1073 2629 1225 2690 naturam,
1248 2616 1271 2674 si
1290 2615 1368 2673 alieno

147 2716 293 2774 nutriatur
313 2714 477 2789 alimento,
491 2713 663 2772 deteriorem
682 2713 824 2788 evadere,
845 2736 931 2793 quam
948 2735 1078 2796 pravam.
1101 2745 1133 2756 -
1154 2713 1206 2772 Est
1226 2715 1327 2792 utique.
1343 2742 1369 2753 -

144 2815 206 2871 Hae
236 2813 325 2892 igitur
351 2813 463 2871 ratione
493 2810 634 2886 dicimus,
666 2811 840 2886 Adimante,
854 2843 856 2845 ·
870 2814 980 2872 animos
1008 2811 1253 2893 praestantissima
1281 2808 1366 2868 indole

144 2910 308 2992 praeditos,
340 2911 364 2970 si
389 2909 463 2968 male
491 2910 603 2969 fuerint
631 2909 771 2992 educati,¹
794 2911 931 2990 pessimos
957 2910 1030 2971 fieri.
1075 2902 1130 2969 Ἢ
1140 2904 1193 2968 οἴει
1209 2903 1248 2969 coi
1269 2900 1368 2988 μεγάλα

143 3001 314 3090 ἀδικήματα
338 3006 387 3069 καὶ
415 3001 471 3089 τήν
495 3000 623 3090 ἄκρατον
646 3004 790 3089 πονηρίαν
816 3006 849 3068 ἐκ
876 3003 1007 3090 φαύλης,
1039 3004 1104 3070 ἀλλ’
1129 3006 1188 3072 οὐκ
1203 3010 1236 3072 ἐκ
1256 3007 1370 3086 νεανικῆς

142 3100 263 3192 φύσεως
291 3108 396 3196 τροφῇ
410 3105 612 3192 ,διολλυμένης
641 3105 813 3190 γίγνεσθαι,
842 3103 961 3192 deterri
989 3108 1025 3172 db
1050 3105 1140 3192 φύσιν
1160 3108 1296 3194 μεγάλων
1314 3106 1374 3172 οὔτε

144 3205 275 3294 οἷγαθῶν
302 3205 369 3272 οὔτε
395 3212 494 3273 κακῶν
520 3207 616 3272 αἰτίαν
639 3207 712 3271 ποτὲ
731 3206 870 3286 incudm,-
893 3236 933 3270 an
952 3235 1020 3272 varo
1038 3225 1151 3292 putas,
1172 3225 1306 3276 marimo
1321 3235 1368 3272 see·

144 3318 210 3374 loru
238 3325 267 3372 et
295 3324 458 3372 extremam
478 3321 648 3392 nequitiam
668 3317 704 3372 ub
724 3322 837 3396 ignauo
852 3321 955 3392 potius
972 3315 1089 3388 indole,
1111 3336 1201 3392 quom
1220 3318 1368 3396 generoso,

140 3435 204 3492 per
230 3415 436 3472 educationem
466 3418 630 3492 eorruptd,
658 3412 843 3490 procedere?
874 3412 1049 3470 imbecillem
1074 3433 1141 3470 oero
1169 3424 1314 3472 naturum
1330 3418 1368 3466 ia·

143 3520 284 3594 gentium
311 3513 358 3568 cel
386 3512 527 3569 bonorum
545 3513 593 3569 νεῖ
610 3514 760 3570 mulorum
779 3511 954 3588 quandoque
974 3529 1113 3568 causeum
1126 3513 1226 3586 fore?
1246 3505 1369 3567 -Haud

144 3631 212 3671 sane
224 3657 233 3686 ,
263 3609 313 3670 sed
343 3629 459 3690 prorsus
488 3610 585 3690 prouti
615 3609 698 3670 dicis.
719 3607 944 3687 -Philosophi
973 3607 1080 3686 igitur,
1113 3629 1199 3687 quam
1228 3605 1367 3669 adumbra-

144 3711 258 3783 vimus,
288 3723 410 3782 natum,
441 3706 584 3787 siquidem
611 3707 797 3788 disciplinam
823 3707 879 3786 ipsi
908 3707 1132 3765 convenientem
1162 3720 1247 3770 nacta
1274 3703 1366 3782 tuerit,

145 3827 259 3866 necesse
288 3821 358 3881 est,
377 3806 520 3881 arbitror,
551 3793 625 3864 eam*
643 3796 754 3886 semp'er
781 3803 961 3888 proficiendo
989 3803 1027 3862 ad
1053 3825 1167 3863 omnem
1197 3825 1226 3864 se
1246 3805 1366 3864 virtutem

144 3903 312 3984 explicare3
334 3905 381 3964 sin
411 3925 480 3965 vero
508 3905 540 3963 in
567 3924 733 3985 perversam
758 3901 914 3976 inciderit,
935 3913 1073 3980 tauquam
1095 3903 1126 3960 in
1146 3902 1270 3961 alienam
1284 3897 1367 3977 regio-

144 4023 229 4077 nem,¹
265 4000 473 4082 disciplinam,
505 4001 543 4061 ad
576 4002 720 4061 contraria
747 4001 843 4060 omnia
872 3997 1035 4058 delabitur:
1068 4000 1126 4058 nisi
1154 4001 1228 4058 sorte
1257 4001 1366 4058 Deorum

144 4099 250 4179 aliquis
280 4119 341 4156 eam
368 4099 544 4178 adjuverit*
576 4099 770 4160 Existimasne
800 4112 895 4157 autem
923 4109 975 4170 tu,
1006 4096 1246 4176 quemadmodum
1274 4093 1366 4172 vulgus

145 4199 309 4272 hominum,
331 4218 432 4258 verum
460 4219 539 4274 esse,
561 4198 640 4276 quod
665 4197 787 4271 dicunt,
808 4175 1006 4256 adolescentes
1033 4181 1173 4274 quosdam
1202 4218 1218 4254 a
1245 4191 1366 4273 sophistis

148 4371 400 4382 ——....-.-

179 4439 577 4510 nmmmmuc
