2832 5120
713 232 769 294 198

127 399 279 478 exigantur
299 397 393 456 unice.
425 396 488 468 Non
508 392 658 453 audiretur
675 392 763 452 hodie
782 394 843 454 sive
861 391 1052 474 philosophus
1071 391 1132 452 sire
1153 405 1258 468 orator,
1276 395 1329 472 qui,

129 511 160 555 ut
178 497 282 556 Romae
303 491 481 568 Carneades,
502 491 538 551 de
554 491 668 571 justitia
687 490 848 573 disputaret
863 491 989 573 copiose,
1010 490 1061 550 sed
1080 488 1158 550 idem
1177 489 1329 572 disputatio-

128 615 193 654 nem
228 612 306 651 suam
335 591 472 672 postridie
501 589 645 649 contraria
675 588 872 670 disputatione
902 588 1099 664 subverteret,
1140 601 1168 648 et
1195 591 1330 668 justitiam,

128 713 212 771 quam
236 687 330 772 pridie
356 687 515 762 laudasset,
535 687 658 748 tolleret.
683 685 712 768 l)
752 688 852 747 Pueris
879 686 1105 768 relinquendum
1131 687 1186 748 hoc
1207 687 1331 747 ludicrum

128 791 273 870 negotium
292 800 442 867 putamus,
471 786 599 846 Platonis
618 807 685 846 vero
705 785 857 846 laudamus
875 785 1066 859 sententiam,
1087 785 1141 846 hoc
1163 806 1221 844 esse
1238 786 1268 844 in
1284 786 1332 844 elo-
1395 779 1396 784 ἵ

127 888 245 967 quentia
274 906 433 958 summum,
455 889 496 942 'ut
525 884 649 944 dicendo
675 884 806 944 homines
831 904 897 942 oum
922 882 960 942 ad
980 885 1129 943 veritatem
1156 883 1260 959 ducat,
1286 897 1332 942 tum

128 988 203 1068 ipsos
230 982 372 1043 emendet.
415 983 452 1042 Et
475 983 606 1061 quamvis
627 982 731 1063 vulgus
751 981 920 1055 indoctum,
949 995 981 1040 ut
995 981 1072 1040 -solet
1092 1001 1221 1062 semper,
1249 982 1334 1040 etiam·

128 1105 207 1144 nunc
236 1080 374 1142 inanibus
400 1081 561 1140 simulacris
586 1081 733 1162 capiatur:
763 1079 895 1159 quamvis
923 1079 982 1137 sint
1001 1079 1070 1137 item
1089 1077 1194 1154 hodie,
1222 1080 1288 1159 qui,
1311 1092 1334 1137 ut
1396 1141 1397 1158 2

129 1203 222 1242 errare
242 1180 400 1239 humanum
419 1194 479 1254 est,
500 1181 540 1239 ita
557 1199 748 1240 erroressuos
758 1222 767 1253 ,
788 1178 882 1258 specie
902 1177 958 1258 ipsi
978 1177 1108 1237 veritatis
1125 1177 1254 1260 decepti,
1273 1179 1335 1238 omni
1396 1249 1397 1252 Ἴ

130 1277 327 1340 commendare
347 1292 374 1336 et
394 1279 468 1338 tueri
489 1277 670 1357 eloquentiae
690 1291 750 1338 arte
770 1275 921 1340 studeant:
943 1275 1075 1355 quamvis
1094 1275 1174 1335 haud
1192 1276 1286 1337 desint
1301 1277 1336 1335 his
1397 1333 1398 1340 ,

130 1379 234 1437 nostris
259 1377 344 1436 etiam
368 1376 564 1456 temporibus,
595 1377 663 1455 qui,
695 1389 726 1434 ut
744 1374 864 1455 Gorgias
883 1373 952 1433 olim
971 1387 999 1432 et
1018 1373 1122 1449 Polus,
1153 1395 1251 1434 auram
1270 1375 1337 1454 vulgi

129 1474 254 1535 dicendo
275 1474 486 1553 scribendoque
505 1457 619 1554 captare
632 1471 759 1533 aveant:
781 1488 877 1533 tamen
897 1469 977 1531 haud
997 1472 1083 1531 facile
1102 1472 1253 1556 quisquam
1269 1493 1338 1554 repe-

129 1575 239 1647 riatur,
268 1573 318 1651 qui
345 1573 465 1653 publice
490 1571 612 1653 probare
632 1572 802 1653 sophisticas
822 1571 874 1632 has
891 1584 984 1646 artes,
1014 1591 1115 1650 easque
1136 1571 1301 1635 dialecticae
1317 1584 1339 1630 et
1398 1601 1399 1650 q

129 1671 309 1750 eloquentiae
337 1672 454 1730 nomine
481 1670 680 1730 commendare
706 1661 857 1731 sustineat.⁸
895 1667 952 1728 Sed
978 1691 1035 1749 quo
1053 1671 1174 1748 majores
1193 1671 1234 1729 ita
1253 1671 1339 1730 fecisse
1396 1713 1399 1754 t

130 1769 168 1829 ad
194 1770 385 1829 maturitatem
403 1789 483 1828 suam
500 1789 663 1850 progressus
680 1789 769 1848 genus
788 1767 947 1835 humanum
966 1767 1100 1850 videtur,
1122 1787 1154 1828 eo
1174 1788 1226 1827 nos
1242 1765 1340 1826 dialec-
1396 1769 1399 1866 q

129 1869 216 1928 ticam
244 1888 359 1943 veram,
389 1889 511 1948 quacum
539 1869 695 1946 conjuncta
720 1887 778 1926 esse
803 1887 871 1927 vera
895 1865 1059 1944 eloquentia
1080 1864 1185 1941 debet,
1216 1865 1341 1946 indagare
1399 1908 1400 1962 t

130 1979 241 2048 oportet
259 1964 447 2047 diligentius:
478 1987 540 2024 eam
560 1966 643 2041 dico,
675 1986 765 2046 quae,
788 1973 825 2024 'ut
842 1965 969 2048 primum
988 1964 1109 2024 inducta
1129 1986 1145 2024 a
1165 1965 1276 2024 Socrate
1291 1975 1341 2035 est,

130 2065 171 2123 ita
197 2060 234 2121 ad
262 2062 474 2144 praejudicatas
502 2061 690 2144 deponendas
715 2064 884 2144 opiniones,
915 2083 1072 2141 verumque
1098 2063 1131 2122 in
1155 2063 1235 2122 omni
1257 2081 1343 2121 caussa

130 2183 196 2222 cum
215 2160 428 2222 inveniendum
446 2162 583 2238 solerter,
609 2176 671 2221 tum
689 2162 802 2222 naviter
821 2158 1064 2244 propugnandum
1079 2161 1223 2242 pertinet,
1252 2160 1342 2219 unice-

130 2281 186 2341 que
209 2259 305 2320 valare
331 2258 368 2317 ad
392 2259 593 2341 philosophiae
617 2258 759 2318 tuendum
778 2257 884 2333 decus,
915 2272 977 2318 tum
998 2280 1065 2319 vero
1085 2258 1229 2319 etiamad
1247 2279 1343 2342 prove-

130 2357 257 2422 hendam
272 2379 324 2440 per
342 2357 555 2442 philosophiam
574 2358 695 2426 humaui
713 2343 827 2438 generis
846 2357 968 2424 salutem
986 2371 1015 2417 et
1031 2356 1200 2423 felicitatem
1220 2371 1248 2418 et
1263 2368 1344 2438 potest

132 2471 160 2518 et
184 2456 278 2520 debet.
321 2457 414 2532 Quam
438 2457 462 2521 si
486 2458 668 2538 quaerimus,
689 2455 770 2520 Plato
787 2456 891 2532 nobis,
911 2455 964 2518 hoc
983 2455 1052 2526 item
1069 2457 1234 2542 proposito,
1254 2456 1344 2538 legeu-

132 2555 186 2634 dus
212 2555 336 2618 maxime
359 2553 572 2636 diligenterque
593 2551 787 2640 explicandus
803 2553 931 2618 ridetur.
954 2619 956 2623 ,
973 2554 1001 2620 Is
1021 2554 1118 2628 enim,
1148 2567 1180 2618 ut
1198 2568 1285 2617 artem
1302 2555 1345 2616 iu-

132 2653 214 2722 veuit
237 2652 407 2736 scriptisque
431 2653 490 2714 suis
510 2653 688 2728 celebravit,
717 2637 809 2736 quae,
840 2665 872 2715 ut
891 2673 977 2735 supra
996 2673 1048 2714 nos
1070 2637 1216 2731 vidimus,
1236 2651 1267 2734 2)
1295 2672 1346 2714 una

131 2751 255 2817 maxime
280 2745 376 2834 pulcri
402 2771 526 2816 amorem
548 2753 581 2816 in
605 2753 758 2834 puerorum
779 2752 884 2826 apiuu's
902 2750 1069 2824 suscitaret,
1090 2752 1241 2814 coelestem
1259 2757 1347 2820 muti-

131 2870 215 2923 cam,
247 2849 351 2912 artium
377 2849 558 2932 principem,
589 2851 728 2934 cujusque
744 2851 813 2936 ‚ipse
837 2847 933 2915 studio
955 2848 1079 2926 ductus,
1111 2861 1143 2912 ut
1166 2849 1250 2915 nobis
1271 2846 1347 2916 modo

132 2947 244 3028 patuit,
266 2943 302 3026 ’3)
328 2967 436 3010 novum
460 2946 579 3010 dicendi
602 2931 807 3030 scribendique
833 2968 923 3028 genus
942 2946 1079 3013 induxit:
1107 2947 1148 3010 sic
1166 2949 1346 3018 dialecticum

132 3067 148 3104 a
171 3043 286 3106 Socrate
314 3059 459 3128 acceptam
484 3067 549 3110 euru
573 3047 605 3110 in
630 3046 748 3112 modurn
771 3068 836 3108 cum
860 3045 1049 3122 informavit,
1078 3058 1140 3108 turu
1166 3044 1204 3108 ad
1228 3045 1348 3113 veritaris

132 3163 254 3207 amorem
274 3144 306 3208 iu
325 3164 480 3240 puerorum
498 3144 603 3206 animis
619 3143 759 3212 alendum
777 3141 928 3220 adhibuit,
952 3157 983 3210 ut
1002 3164 1077 3207 nova
1086 3143 1240 3209 videretur
1253 3145 1346 3232 place,

132 3255 207 3300 certe
234 3239 272 3303 ad
298 3240 395 3305 nullas
422 3264 482 3306 nou
505 3241 706 3326 provehendas
732 3241 934 3317 doctrinas,
925 3263 1017 3328 ipsum
1040 3241 1247 3311 illustrandam
1269 3257 1347 3304 uren

132 3339 255 3418 dausque
272 3337 503 3422 philosophiam,
525 3362 581 3402 uua
602 3353 674 3403 esset
690 3341 820 3404 omnium
838 3338 1043 3406 efficacissima.
1070 3339 1107 3410 Et
1127 3361 1196 3406 vero
1210 3341 1264 3413 hac
1278 3340 1347 3402 iden

133 3437 310 3518 disciplina,
342 3451 373 3502 ut
401 3439 518 3502 caeteris
546 3440 615 3502 item
642 3439 844 3520 gravioribus,
874 3438 925 3504 scd
953 3437 1006 3502 hac
1036 3452 1131 3507 tamen
1159 3441 1348 3520 potissimum,

133 3534 211 3594 illud
230 3533 417 3599 efficiendum
436 3538 548 3602 censuit
567 3536 752 3617 ecquomodo
770 3534 933 3603 efficeretur
951 3536 1176 3612 demonstrarit,
1199 3553 1231 3602 ut
1245 3540 1348 3605 animus

132 3632 169 3692 ab
189 3633 235 3692 his
255 3632 364 3700 umbris
382 3634 520 3716 falsisque
540 3636 603 3696 veri
623 3635 787 3718 speciebus,
808 3634 914 3718 quibus
934 3634 1073 3702 delectari
1088 3635 1194 3720 vulgus
1209 3636 1347 3704 hominum

42 3765 50 3784 ι
133 3730 282 3809 videmus,
309 3746 503 3807 averteretur,
530 3745 662 3812 totusque
687 3733 841 3814 adipsum
866 3755 966 3798 verum
985 3733 1243 3818 contemplandum
1260 3735 1347 3801 tubus·

132 3848 187 3908 que
205 3827 354 3888 hominum
374 3829 575 3896 adhibendum
595 3844 827 3910 converteretur,
849 3833 1023 3914 omninoque
1041 3854 1058 3890 e
1075 3830 1185 3898 mundo
1201 3832 1256 3902 hnc
1273 3852 1348 3914 spec-

132 3926 217 3988 tabili
235 3928 267 3986 in
288 3949 353 3990 curn
363 3975 372 4004 ,
392 3930 442 4012 qui
462 3930 522 3992 sua
540 3943 636 3993 mente
653 3944 682 3992 et
699 3930 870 4012 cogitatione
890 3932 1051 4014 percipitur
1061 3975 1070 4005 ,
1090 3925 1198 4012 νοητόν
1217 3931 1347 4003 vocabat,

133 4025 311 4088 educeretur.
526 4025 538 4052 '

217 4253 330 4308 lactem
349 4254 379 4306 v,
398 4253 437 4306 tt.

167 4253 198 4317 ¹)

165 4340 257 4404 ²)

134 4425 196 4498 3)
