2838 5120
662 279 814 366 ¹aar

172 445 239 523 quis
265 459 294 505 et
321 443 450 523 accipere
477 444 566 522 possit
594 456 622 502 et
650 439 771 502 reddere
798 441 957 515 rationem,
980 461 1128 519 nunquam
1151 443 1220 502 sciet
1236 442 1368 522 quidquam

172 562 288 618 eorum,
318 562 390 621 quae
416 560 475 600 esse
502 541 625 601 dicimus
654 538 859 620 cognoscenda.
882 570 914 580 -
945 540 987 600 Ne
1014 540 1069 600 hoe
1096 540 1223 618 quidem.
1245 571 1275 582 —
1300 543 1368 620 Atqui

172 640 242 700 haec
271 654 329 714 est,
360 659 376 698 ο
403 637 533 712 Glauco,
554 640 603 698 lex
623 640 704 720 ipsa,
725 657 797 716 quas
817 636 979 698 disserendi
997 650 1087 698 artem
1106 640 1247 700 confluet.
1284 641 1316 700 ld
1330 640 1369 698 sci·

173 738 241 798 licet
272 759 355 797 nemo
388 737 472 798 nobis
502 737 702 797 adversabitur
730 735 914 810 dicentibus,
946 735 1059 796 nullam
1089 757 1147 796 esse
1176 751 1287 816 praeter·
1312 737 1369 796 banc

173 835 334 895 disserendi
362 835 546 910 methodum,
566 856 638 914 quae
657 835 693 893 de
712 832 834 912 singulis
853 833 957 906 rebus,
978 833 1051 911 quid
1066 834 1105 892 sit
1125 855 1319 914 unaquaeque,
1335 833 1369 892 tii

171 933 260 1013 possit
288 946 316 991 et
343 934 459 992 ratione*
482 935 612 1013 assequi:
644 946 767 992 caeteras
793 951 861 990 vero
888 943 962 990 artes
990 931 1038 990 vel
1067 931 1220 1012 opiniones
1246 931 1369 990 hominen

171 1030 401 1113 cupiditatesque
429 1045 573 1113 spectare,
605 1031 653 1092 vel
679 1031 765 1090 rebus
792 1027 955 1103 contineri,
985 1050 1057 1108 quae
1075 1029 1151 1088 fiunt
1170 1043 1198 1089 et
1217 1051 1371 1110 componun-

172 1143 234 1203 tur,
253 1128 282 1210 l)
308 1129 358 1188 vel
386 1130 423 1189 ad
452 1129 594 1190 culturam
621 1150 736 1203 eorum,
758 1148 830 1206 quae
859 1147 874 1186 e
897 1140 972 1185 terra
995 1142 1155 1187 nascuntur
1174 1128 1224 1204 uel
1243 1126 1369 1207 composita

173 1241 257 1301 sunt,
287 1228 405 1287 referri:
436 1229 502 1288 illas
528 1245 640 1302 autem,
663 1249 733 1306 quas
750 1227 880 1296 diximus
901 1225 954 1285 τοῦ
976 1219 1060 1298 ὄντος
1080 1247 1108 1287 τι
1130 1219 1369 1304 ἐπιλαμβάνεσθα,

173 1333 313 1385 veritatis
342 1330 482 1386 nonnihit
508 1335 627 1405 assequi
636 1373 645 1401 ,
676 1325 876 1406 geometriam,
897 1348 1025 1408 quaeque
1054 1327 1141 1406 hujus
1169 1342 1239 1388 sunt
1267 1326 1365 1396 comites,

133 1497 135 1502 Ι
173 1424 210 1483 de
230 1425 349 1485 veritate
368 1428 508 1486 somniare
527 1426 663 1505 quidem,
685 1424 735 1485 sed
756 1416 835 1505 ὕπαρ
859 1445 920 1484 eam
937 1426 1084 1507 adspicere
1104 1447 1164 1486 non
1185 1445 1284 1507 posse,
1303 1424 1366 1484 duum

172 1515 347 1596 ὑποθέσεσι,
370 1527 636 1604 suppositionibus,
658 1540 789 1600 utentes,
810 1527 862 1584 has
882 1538 955 1582 ratas
974 1543 1033 1582 esse
1050 1538 1078 1582 et
1097 1523 1260 1584 immobiles
1277 1523 1369 1592 sinunt,

174 1645 239 1684 cum
258 1645 354 1684 earum
373 1623 494 1682 reddere
514 1624 653 1682 rationem
673 1639 828 1703 nequeant.
863 1611 912 1682 Ὦι
938 1614 995 1702 yde
1023 1615 1105 1702 ὀρχη
1132 1617 1189 1700 μὲν
1217 1618 1236 1683 ὃ
1256 1615 1299 1700 μή
1318 1612 1371 1689 viia,

173 1715 292 1803 τελευτη
325 1717 361 1782 δὲ
387 1719 436 1780 καὶ
462 1714 499 1788 τά
523 1714 633 1799 parmi
661 1718 693 1792 ἔξ
720 1711 755 1782 οὗ
775 1717 826 1804 ’μη
855 1717 917 1784 οἶδε
944 1718 1175 1801 συμπέπλεκται,
1201 1721 1249 1798 τίς
1273 1713 1372 1804 μηχανη

173 1818 228 1906 την
249 1818 386 1905 τοιαύτην
407 1815 564 1903 ὁμολογίαν
585 1819 656 1884 ποτὲ
682 1820 848 1908 ἐπιστήμην
874 1821 1027 1908 periodon
1049 1873 1080 1882 .-
1108 1823 1258 1906 Ου’ἂεμία,
1273 1820 1294 1908 ἧ
1307 1821 1329 1886 δ’
1343 1817 1370 1896 ὅς
1402 1829 1403 1862 i

174 1935 225 1986 oui
252 1935 331 1986 enim
352 1929 542 2005 principium
571 1936 615 1984 est
643 1929 694 2002 id,
715 1931 792 2005 quod
813 1938 881 2008 quis
899 1938 1014 2004 nascit,
1035 1931 1239 2013 finisoutcm
1258 1937 1370 1988 atinias·

173 2027 271 2086 media
298 2048 333 2084 ια
359 2033 399 2082 iis
428 2033 519 2098 item,
551 2047 626 2103 quoe
653 2033 849 2107 ignoramus,
880 2030 1012 2104 conflata
1040 2039 1131 2103 sunt,
1157 2031 1307 2088 collectam
1322 2026 1371 2084 iada

165 2126 389 2184 conclusionem
420 2147 475 2202 ηιιο
502 2125 623 2182 τοπάσαι
648 2136 738 2204 poeto
770 2135 931 2188 seientiam
961 2105 1117 2186 vocemus?
1138 2155 1173 2164 ·-
1206 2125 1313 2203 Νμίἰσ,
1337 2133 1371 2182 ia·
1401 2165 1403 2178 .

175 2231 275 2301 quit.»
300 2221 332 2303 2)
372 2222 423 2282 Est
451 2220 504 2282 hoc
533 2243 636 2302 nempe
665 2223 829 2303 fastigium,
855 2247 912 2306 quo
935 2225 1040 2284 ducere
1058 2247 1110 2285 nos
1130 2225 1283 2286 dialectiea
1299 2223 1370 2284 debet.

174 2320 292 2379 Habent
310 2319 483 2400 disciplinae
504 2341 600 2379 omnes
610 2321 750 2380 axiomata
761 2315 918 2401 quaedam,
940 2338 972 2383 ut
993 2316 1162 2397 ὑποθέσεις,
1185 2326 1291 2406 quibus
1303 2369 1310 2397 ,
1324 2334 1370 2380 tau-

156 2419 260 2497 ¹quam
288 2418 460 2498 principiis,
491 2419 644 2494 nituntur;
667 2418 737 2478 haec
761 2435 857 2480 autem
876 2438 908 2482 ut
925 2426 1002 2505 ipsae
1020 2427 1126 2485 intaeta
1147 2425 1329 2503 relinquunt,
1344 2418 1371 2474 itt

177 2518 228 2577 uni
257 2516 311 2576 hoc
339 2517 488 2598 proprium
517 2517 680 2576 disserendi
710 2519 764 2577 arui
792 2535 852 2596 est,
874 2534 905 2581 ot
928 2536 956 2580 et
974 2520 1036 2604 agat
1052 2522 1088 2583 de
1108 2524 1187 2584 hisce
1205 2537 1235 2583 et
1254 2521 1290 2580 ad
1306 2503 1371 2577 reino-

153 2617 248 2696 ⁸tiora
277 2615 382 2688 etiam,
413 2628 498 2694 atque
524 2617 586 2696 ipsa
612 2615 684 2676 adeo
712 2611 857 2698 principia
884 2619 1021 2680 reducere
1049 2609 1178 2683 conetur.
1230 2617 1312 2696 Quod
1334 2615 1370 2672 hat

134 2795 137 2800 Ι
174 2713 292 2774 tandem
319 2713 460 2774 sententia
490 2715 627 2774 enunciat
655 2714 801 2791 Socrates,
831 2739 890 2776 rem
917 2732 1005 2802 totam
1019 2722 1133 2800 ’paucis
1153 2719 1252 2780 verbis
1270 2713 1370 2795 comple·

175 2826 271 2874 ctens:
295 2805 400 2871 οὐκοῦν
420 2835 439 2891 η
464 2805 624 2893 διαλεκτική
636 2806 781 2890 ,μέθοδος
801 2809 880 2896 μόνη
902 2811 997 2903 vairp
1018 2811 1187 2896 πορεύεται,
1209 2812 1264 2890 τας
1282 2804 1369 2875 insti-

176 2929 234 2985 σεις
259 2907 419 2996 ἀναιροῦσα
447 2909 491 2974 ἐπ’
515 2909 608 2996 αὐτην
632 2909 688 2996 την
707 2909 821 2998 ἀρχήν,
843 2913 893 2979 ἵνα
913 2914 1124 2999 βεβαιώσηται,
1145 2918 1194 2980 καὶ
1215 2919 1260 3005 τῷ
1281 2908 1369 2978 imi

173 3008 314 3100 βορβόρῳ
330 3016 502 3102 βαρβαροιρῖ
519 3015 574 3077 τινὶ
591 3010 634 3078 td
653 3015 698 3099 τῆ
705 3041 719 3092 ς
740 3032 791 3094 μυ
796 3043 842 3099 νη
851 3043 866 3094 ς
890 3013 909 3080 ii
913 3045 936 3098 μ
942 3045 992 3100 μα
1015 3010 1368 3105 κατορωρυγμένονήρὲμθ

175 3113 246 3178 ἕλκει
269 3117 318 3178 καὶ
343 3112 441 3198 α’νάγει
462 3112 536 3194 ἅνω,
557 3117 724 3202 συνερίθοις
742 3119 792 3180 καὶ
810 3128 1060 3203 συμπεριαγωγοῖς
1081 3119 1223 3207 χρωμένη
1244 3116 1289 3196 αἷς
1309 3111 1368 3198 διηθ-

174 3222 274 3298 θομεν
292 3215 421 3300 τέχναις·
442 3225 602 3281 dialectica
628 3230 729 3304 igitur
757 3225 818 3282 sola
837 3231 880 3284 sio
895 3229 1050 3302 procedit,
1073 3237 1108 3284 υτ
1126 3216 1368 3305 suppositiones&
1398 3233 1399 3288 ξ

174 3329 272 3401 ipsum
286 3331 476 3402 principium
494 3325 635 3396 redueat,
656 3343 711 3400 quo
720 3331 818 3402 magis
827 3325 916 3395 firmo
932 3337 1043 3407 pergat
1056 3335 1211 3406 ingressu,
1234 3337 1263 3384 at
1277 3321 1368 3382 οιιὶινῐ

137 3457 145 3470 1
175 3423 338 3496 οοαῑαινι,
358 3430 391 3481 in
403 3446 487 3482 coeno
498 3421 824 3496 barbaricodesossum,
848 3431 957 3481 saaraim
969 3427 1145 3503 placidaque
1162 3417 1368 3484 sursumtrairt

175 3526 271 3599 atquo,
290 3524 429 3598 attollat,
461 3529 616 3580 ministris
643 3531 731 3598 atque
761 3521 965 3596 adjutricibus
995 3526 1033 3582 ad
1062 3527 1289 3596 τοιιοοντοπείιιιπ
1306 3527 1366 3575 utem

174 3621 259 3694 illis,
281 3643 354 3699 quas
374 3623 526 3694 dicineus,
547 3621 726 3698 disciplinis.
749 3617 781 3698 3)

251 3815 1314 3896 Dedisciplinistrintbematicisjustopreposito

657 3918 920 3975 tractandis

215 4113 434 4174 incidimusita
454 4114 646 4196 derepente,
667 4111 740 4172 duce
761 4110 897 4187 Platone,
919 4115 951 4172 in
969 4113 1092 4174 mediam
1110 4113 1294 4174 dialecticam.
1326 4089 1363 4156 Sti
1394 4187 1395 4198 η

212 4300 237 4367 i)
255 4303 332 4353 Artes
349 4283 499 4371 ποιητικᾶς
516 4297 644 4368 intelligit.
664 4296 720 4350 th.
737 4299 809 4366 espa.
828 4315 854 4365 p.
872 4297 930 4350 2¹9.

211 4395 238 4462 a)
258 4383 371 4465 ocra.
390 4395 442 4446 vu.
462 4394 520 4447 aaa.
539 4396 568 4447 n.
588 4395 616 4447 c.
799 4412 803 4424 ·

211 4483 238 4548 a)
258 4486 317 4536 na
337 4482 392 4534 vta.
412 4483 488 4548 wyri.
506 4484 540 4533 ιι
557 4482 621 4532 ιιι.
639 4484 668 4532 ιι
685 4483 710 4531 ο.
731 4482 759 4530 r.
784 4481 809 4530 ν.
829 4496 853 4546 μ.
872 4478 914 4529 os.
