2872 5122
757 273 812 332 106

168 443 246 510 patet
260 451 275 486 e
290 429 412 490 Socratis
431 432 467 491 de
480 451 514 491 ea
534 432 629 492 dietis.
650 432 814 493 Sermonem
833 435 911 494 hune
922 455 980 494 esse
996 435 1069 495 dicit
1086 434 1283 519 1111ῐί11111)
1297 439 1373 498 ταυτα

168 549 198 588 τι
225 521 305 607 σοφή
330 521 368 609 ἤν
393 528 441 590 καὶ
467 524 541 590 ἄλλα
566 525 672 605 πολλὰ,
700 529 748 591 καὶ
772 527 940 634 Ἀθηναίοις
965 530 1036 594 ποτὲ
1058 530 1239 613 θιισαμὲνοις
1259 563 1312 623 noo
1332 538 1372 600 roi
1421 539 1422 544 ’

168 628 274 708 λοιμοῦ
299 625 413 691 tera
396 655 447 714 atq
470 627 652 714 ἄναβολην’
637 630 753 715 εποίησε
774 635 831 717 τῆς
852 629 948 696 νόσου
969 636 998 717 1)
1023 637 1113 696 Venit
1137 653 1231 698 autem
1258 643 1373 702 aliunde:
1421 635 1422 642 ¹

135 807 137 812 Α
169 754 235 791 nam
255 727 321 814 ξινη
341 737 450 798 dieitur
469 753 497 798 et
514 757 583 817 γυνη
607 731 781 818 Massaron,
797 739 947 799 Mantineh
962 736 1095 796 oriunda.
1117 737 1258 811 Quocirca
1268 741 1374 798 Athenas

169 833 292 893 videtur·
304 836 417 911 delata,
437 840 549 917 antiqui
578 839 659 898 illius
684 841 774 899 instar
793 837 973 919 Epimenidis
984 882 992 910 ,
1013 849 1097 914 atque
1124 835 1284 896 istiusmodi
1309 839 1374 896 insti·

168 933 254 990 tuisse
274 955 351 992 sacra
372 937 546 1016 expiatoria,
567 937 672 1016 quibus
692 939 815 998 Deorum
833 939 876 995 ira
896 946 1152 1007 averruncaretur,
1170 948 1198 992 et
1212 935 1375 1015 pestilentia,

168 1030 191 1086 si
222 1053 282 1090 non
308 1047 550 1108 anteverteretur,
571 1050 646 1095 certe
670 1036 841 1096 differretur.
864 1034 895 1114 2)
916 1032 971 1092 Sed
1000 1051 1071 1111 quae
1090 1031 1208 1092 tandem
1239 1033 1295 1092 fuit
1320 1034 1376 1092 haec

167 1148 212 1184 ars
230 1129 406 1208 expiatoria,
428 1145 456 1190 et
472 1133 570 1212 quales
588 1135 711 1193 maxime
725 1134 856 1193 homines
870 1135 936 1191 'eam
956 1147 1052 1190 tenere
1068 1129 1268 1191 dicebantur?
1289 1132 1376 1210 Magna

167 1225 219 1283 illa
243 1226 299 1284 fuit
317 1242 344 1286 et
363 1223 482 1304 divina,
505 1246 536 1290 ut
554 1233 614 1312 ipse
633 1253 685 1292 nos
702 1234 783 1293 Plato
803 1232 886 1291 docet
904 1230 1025 1304 iisdem,
1044 1249 1116 1307 quae
1139 1229 1199 1306 jam
1227 1229 1376 1305 attulimus,
1421 1247 1422 1314 j

167 1323 247 1382 locis.
293 1325 453 1400 «Furoris,
475 1330 531 1403 ait,
557 1330 702 1392 divinitus
729 1331 867 1403 immissi,
893 1343 1014 1407 quatuor
1041 1340 1109 1386 sunt
1137 1346 1259 1405 genera,
1282 1327 1377 1407 singula
1421 1321 1422 1326 ἵ

166 1422 295 1501 singulos
317 1425 390 1484 Deos
413 1440 541 1486 auctores
566 1427 720 1506 habentia,
749 1421 878 1509 μαντική·
894 1425 1050 1506 apollinarn
1071 1419 1215 1506 relictusq*
1230 1425 1377 1498 Bacchum,

167 1514 299 1601 ιιοιητικηι
327 1528 441 1600 Musas,
468 1520 595 1608 dputes-p*
620 1527 762 1590 Venerem
782 1514 810 1592 ei
830 1535 970 1590 Amorem.
982 1525 1013 1604 3)
1036 1520 1188 1607 Τιλεστική
1210 1541 1305 1587 autem
1328 1523 1377 1584 ἐπι-

167 1620 266 1696 uscia,
289 1624 382 1704 qualis
406 1628 460 1701 sit,
481 1626 526 1686 his
546 1628 640 1688 verbis
659 1630 843 1690 describitur.
875 1621 960 1688 'Mei
981 1623 1042 1709 perir
1062 1622 1159 1689 νόσων
1180 1650 1211 1708 pa
1232 1627 1281 1688 itui
1297 1622 1378 1688 ’πόνων
1421 1627 1422 1704 l

167 1723 229 1784 cciv
259 1721 403 1804 μεγίστων
440 1761 479 1770 -
522 1719 542 1806 η’
572 1725 663 1806 μανία
694 1723 864 1811 ἐγγενομένη
896 1729 944 1790 καὶ
976 1724 1206 1813 προφητεύσασι
1238 1721 1284 1804 οἷς
1314 1725 1377 1801 ida,

167 1820 335 1910 α’πᾳλλαγήν
359 1820 473 1908 eripere·
503 1841 532 1888 et
560 1852 627 1889 vero
654 1836 932 1912 ingravescentibus
960 1835 1069 1892 morlia
1092 1843 1121 1890 et
1146 1835 1376 1905 calamitatibus,

158 1932 257 2005 furor
270 1954 328 1990 nou
347 1938 495 1990 neminem
513 1941 654 2007 occupat,
674 1942 722 2005 et,
742 1953 797 2009 quo
816 1933 882 1990 illie
900 1933 980 1990 modo
1001 1933 1127 1989 liberari
1147 1941 1299 2008 oporteat,
1318 1939 1377 1988 reti·

165 2037 301 2105 ea'uatue,
322 2031 487 2088 remedium
508 2050 609 2086 eorum
628 2037 754 2088 inuenit.
787 2031 967 2109 Confugiunt
985 2029 1031 2087 illi
1051 2028 1089 2088 ad
1108 2031 1232 2088 Deorum
1252 2051 1345 2110 preces
1358 2043 1422 2106 et

166 2128 293 2186 cultum:
316 2095 394 2187 uride
414 2128 592 2228 expiationes
610 2126 844 2206 initiationesque
865 2129 1009 2186 consecuti
1020 2129 1154 2207 ,integri
1173 2129 1299 2209 purique
1319 2128 1379 2185 liunt
1420 2085 1422 2210 )

166 2225 356 2306 adpraesens
382 2240 493 2306 tempus
513 2239 539 2282 et
559 2225 689 2304 futurum
699 2245 780 2306 ,per
808 2240 916 2284 rectum
943 2224 1021 2284 huno
1049 2226 1173 2284 furorem
1198 2227 1378 2306 praesentium

166 2323 305 2381 malorum
324 2324 381 2382 sibi
399 2299 599 2381 liberationem
619 2323 832 2383 invenientes.»
850 2321 882 2402 h)
899 2322 983 2398 Quod
1001 2325 1037 2382 iis
1054 2324 1141 2404 plane
1158 2323 1300 2404 quadrat,
1320 2343 1379 2402 quae

168 2420 204 2480 de
222 2422 363 2480 Diotimae
382 2422 415 2478 in
434 2420 623 2480 Athenienses
642 2420 751 2479 meritis
769 2420 926 2482 celebravit
947 2419 1083 2482 Socrates,
1270 2485 1282 2498 ‚

207 2520 275 2579 Fuit
294 2519 363 2582 haec
383 2520 488 2600 igitur,
511 2533 580 2578 teste
600 2518 735 2592 Platone,
757 2540 814 2577 una
835 2540 931 2578 earum
941 2565 950 2594 ,
971 2541 1060 2598 quae,
1083 2534 1114 2578 ut
1132 2519 1255 2600 Pythia,
1279 2533 1311 2578 ut
1334 2519 1378 2576 Do·
1420 2555 1421 2576 2

167 2616 260 2676 donae
285 2618 461 2692 sacerdotes,
484 2631 514 2675 ut
532 2616 662 2698 Sibyllae
681 2616 784 2678 divino
804 2618 900 2676 furore
920 2638 1022 2697 magna
1043 2618 1230 2678 contulerunt
1250 2619 1283 2676 in
1303 2616 1379 2676 Grae·

167 2718 240 2774 ciam
265 2715 414 2776 beneficia.
464 2715 548 2775 Unde
576 2713 770 2795 intelligitur,
790 2717 878 2793 quale
906 2729 1018 2776 tantum
1044 2718 1071 2774 ei
1099 2715 1229 2776 Socrates
1252 2730 1280 2775 et
1310 2716 1378 2775 Plato

168 2813 337 2888 tribuerint,
358 2814 486 2873 Socrates
504 2813 575 2872 adeo
594 2834 622 2872 se
642 2815 702 2890 ejus
722 2812 898 2893 discipulum
917 2814 1059 2896 professus
1074 2815 1119 2874 sit.
1141 2812 1199 2874 Sed
1218 2828 1250 2874 ut
1268 2817 1379 2874 τιλιστι-
1419 2867 1420 2874 ,

167 2904 218 2992 κη’,
253 2913 292 2971 111
319 2912 465 2987 mulieres,
494 2911 575 2970 illam
603 2905 786 2985 exercentes,
820 2911 932 2970 Baccho
963 2924 1044 2971 eraut
1061 2919 1172 2986 sacrae,
1203 2917 1380 2975 versabantur

169 3014 201 3072 in
218 3011 379 3093 mysteriis,
399 3032 471 3088 quae
489 3009 665 3068 reconditam
684 3009 875 3068 continebant
893 3007 1071 3084 doctrinam,
1086 3011 1244 3088 principia
1261 3015 1379 3072 contine·

168 3110 257 3185 bant,
279 3123 310 3168 ut
327 3110 425 3169 Cicero
444 3109 502 3183 ait,
521 3116 618 3183 uitae,
638 3129 730 3186 neque
750 3109 843 3165 solum
862 3129 930 3164 cum
950 3109 1070 3166 laetitio
1089 3112 1208 3167 vivendi
1224 3121 1380 3188 ratiarnam,
1418 3141 1419 3148 ι

168 3210 217 3267 aed
236 3217 327 3267 etiem
352 3229 421 3264 eum
450 3229 498 3283 ape
522 3209 642 3266 meliora
671 3207 826 3266 monendi.
849 3203 880 3285 5)
919 3205 1032 3280 Quibus
1056 3207 1282 3285 animadversis,
1311 3207 1380 3269 haud

168 3306 336 3364 mirabimur
346 3318 421 3380 ,tarn
440 3305 584 3385 praeclare
603 3306 635 3388 in
655 3304 708 3364 hoc
727 3297 854 3363 sermone
872 3305 1025 3363 Diotimam
1042 3303 1078 3362 de
1097 3303 1258 3365 animorum
1278 3310 1379 3367 immor·

168 3405 278 3463 talitate
297 3403 442 3462 disserere.
467 3402 523 3462 Sed
542 3416 640 3484 pergat
663 3402 764 3462 divina
782 3402 904 3460 mulier:
925 3415 983 3460 tota
1002 3404 1062 3480 ejus
1080 3404 1169 3462 oratio
1188 3407 1379 3484 mysteriorum

169 3503 252 3562 nobis
272 3503 410 3562 rationem
429 3502 540 3561 referet.
561 3500 595 3582 ,6)

127 3778 132 3786 ·
204 3761 228 3826 1)
246 3764 327 3832 Spmp.
344 3759 403 3813 201.
422 3762 452 3812 D.
471 3760 509 3813 Cf.
528 3761 569 3812 Fr.
589 3761 724 3832 Schlegel‚
744 3763 853 3814 Summtl.
875 3761 969 3814 Werlre.
985 3761 1025 3813 lV.
1044 3759 1078 3812 90
1096 3780 1152 3832 sqq.

203 3851 228 3918 2)
246 3855 424 3921 Epimenidem
441 3865 518 3908 vocat
539 3854 666 3908 Plutarch.
689 3857 776 3908 Selene
798 3874 819 3908 c.
839 3855 879 3907 12.
909 3845 1039 3928 θιρφιλῆ
1064 3846 1112 3907 καὶ
1138 3843 1234 3929 σοφόν
1259 3845 1313 3932 τήν
1339 3848 1378 3908 ἒν-

169 3939 443 4027 θοιισιαστικήικαὶ
464 3940 624 4027 rennuis
645 3944 758 4029 σοφίαν.

202 4045 229 4110 3)
247 4049 353 4100 Phaedr.
371 4047 478 4100 26111

204 4131 438 4196 DMWD

203 4213 418 4288 5101119911.
437 4218 478 4272 11.
498 4219 536 4273 Gl.
555 4183 820 4290 transrenensis
837 4225 914 4290 wyu.
932 4225 979 4293 Ep
1002 4223 1062 4278 cru
1085 4241 1109 4292 p.
1128 4223 1168 4277 113.
1222 4245 1224 4252 ·

203 4302 229 4369 6)
247 4305 372 4374 Equidem
389 4309 452 4358 haec
467 4309 504 4358 111
521 4310 646 4374 exposui,
664 4317 692 4360 ut
707 4319 808 4362 exstant
819 4311 887 4377 apud
902 4310 1042 4362 Platonem.
1079 4311 1177 4372 Quodsi
1192 4313 1248 4380 quis
1267 4316 1374 4380 quaerat.

172 4407 229 4442 num
251 4408 343 4459 reapse
356 4395 392 4444 ita
411 4410 468 4443 cum
483 4393 589 4444 Socrate
601 4394 729 4450 collocuta
746 4397 779 4446 sit
793 4395 920 4460 Dictime,
938 4398 995 4462 ipse
1007 4397 1224 4468 sermosdubitare
1240 4413 1287 4448 nos
1297 4395 1373 4461 jubet,

172 4479 266 4544 quippe
288 4494 403 4547 magnam
425 4485 523 4544 partem
542 4478 618 4546 plane
640 4479 796 4535 Platonicus.
832 4481 885 4532 Nec
900 4489 983 4533 tamen
1004 4489 1083 4535 totum
1102 4485 1273 4536 existimemus
1290 4480 1373 4531 lictum·
