2832 5120
669 316 671 320 q
735 247 790 305 rso

164 417 323 487 peccasset,
343 403 461 464 salutem
477 405 596 464 omniuo
614 406 762 487 publicam
782 423 908 488 spectare
928 410 1031 484 unice,
1047 385 1127 470 suam
1142 411 1312 490 aliorumque
1324 415 1362 472 tir

164 505 286 582 cogitare
308 502 460 562 videretur.
492 501 548 562 Sed
569 505 744 565 accedebant
764 507 835 580 alia,
858 509 1010 587 inprimis
1030 501 1185 570 Sociatica.
1213 511 1275 570 Non
1292 510 1363 568 libere

163 614 276 660 tantum
293 615 320 660 et
337 600 444 680 patriae
462 585 566 660 ductus
589 623 681 662 amore
701 604 817 664 dicebat
837 604 974 685 publice,
996 606 1047 666 sed
1065 609 1129 687 pari
1148 629 1214 666 curn
1234 606 1364 688 prudentia

138 715 191 760 -et
217 720 284 759 vero
308 700 511 760 benivolentia.
554 700 678 762 Noverat
707 700 759 761 ille
779 705 896 783 pc‘uitus
921 702 1143 764 Atheniensium
1171 707 1296 782 animos,
1314 725 1366 786 per-

160 811 311 880 spexerat,
329 796 435 877 quibus
454 798 575 856 maxime
596 799 675 858 vitiis
695 798 876 875 laborarent,
898 802 1004 881 quibus
1023 802 1092 860 item
1117 804 1276 864 virtutibus
1293 804 1367 864 excel·

159 898 273 957 lerant:
294 898 348 955 ista
367 895 594 976 reprehendebat
614 898 691 956 omni
709 901 942 978 opportunitate,
964 900 1015 960 bas
1034 900 1196 962 identidem
1216 903 1368 962 celebrabat

160 993 254 1054 Falsis
272 1015 318 1053 eos
335 993 592 1075 praejudicatisque
616 995 803 1076 opinionibus
828 997 989 1071 liberabat,
1011 1012 1042 1057 ut
1065 1000 1121 1079 ipsi
1142 999 1370 1084 vide1·ent„quid

160 1092 295 1166 civitati,
315 1091 387 1170 quid
410 1091 478 1170 ipsis
501 1093 624 1152 maxime
649 1107 721 1152 esset
748 1094 839 1152 utile:
862 1116 974 1174 quoque
994 1097 1083 1176 magis
1111 1096 1166 1156 hoc
1185 1113 1371 1175 mquerentur,

161 1192 224 1255 veri
245 1211 386 1264 amorem,
407 1191 456 1267 qui
476 1191 550 1249 inest
575 1190 762 1267 hominibus,
781 1194 857 1254 inest
884 1195 916 1253 in
942 1195 1043 1275 primis
1063 1194 1214 1256 hominum
1240 1198 1372 1256 concioni-

159 1291 235 1364 bus,
262 1289 416 1349 suscitabat
445 1303 471 1348 et
500 1288 603 1350 alebat.
645 1289 696 1348 Est
719 1291 752 1350 in
778 1292 935 1352 virtutibus
954 1293 1154 1354 Demosthenis
1178 1294 1247 1356 talis
1276 1297 1374 1354 omnino

159 1387 348 1468 simplicitas,
370 1386 463 1466 qualis
482 1388 514 1446 in
539 1387 672 1448 omnibus
689 1403 730 1448 est
750 1388 873 1450 Socratis
897 1374 1087 1452 sermonibus.
1130 1391 1238 1450 Nullus
1257 1393 1374 1454 orationis

160 1501 297 1562 ornatus,
318 1487 447 1547 studium
466 1485 580 1546 nullum
603 1488 847 1548 commendandae
875 1489 1098 1570 probandaeque
1123 1491 1286 1550 sententiae
1308 1501 1374 1548 suae³

161 1601 195 1647 ut
213 1587 354 1645 mirentur
372 1583 476 1658 multi,
498 1585 548 1663 qui
564 1605 662 1644 reeens
680 1585 719 1646 ab
737 1586 859 1647 aliorum
876 1585 1001 1647 lectione
1019 1600 1162 1648 oratorum
1171 1632 1180 1660 ,
1202 1589 1378 1648 recentiorum

93 1739 97 1748 .
163 1686 303 1759 maxime,
324 1683 362 1743 ad
379 1703 445 1746 eum
460 1681 616 1757 accedunt,
637 1684 779 1742 mirentur
796 1684 902 1762 igitur,
924 1703 977 1743 nec
996 1684 1129 1745 flosculos
1148 1707 1176 1744 se
1194 1685 1277 1765 apud
1296 1686 1379 1756 illum,
1409 1703 1410 1746 t

163 1805 217 1845 nec
236 1783 392 1863 imagines,
413 1801 466 1840 nec
486 1780 540 1840 illa
565 1783 683 1842 omnino
706 1784 850 1862 reperire,
871 1781 977 1860 quibus
996 1781 1075 1842 lucet
1098 1783 1291 1863 splendetque
1311 1784 1380 1842 unice

163 1881 320 1943 multorum
339 1880 439 1942 oratio.
482 1881 559 1940 Hace
579 1894 674 1940 autem
693 1880 865 1960 simplicitas
888 1881 979 1960 ipsius
1007 1881 1069 1942 veri
1089 1880 1177 1940 babet
1204 1882 1380 1962 significatio-

164 2003 250 2041 nem:
272 1972 381 2052 ὥῑλοος
401 1971 459 2060 yde
480 1977 583 2056 μῦθος
603 1976 660 2059 τῆς
681 1971 825 2058 ἀληθείας
847 1971 912 2058 ἔφα·
942 1991 970 2038 et
989 1978 1068 2040 valet
1087 1999 1259 2061 magnopere
1279 1979 1317 2038 ad
1332 1981 1380 2039 veri

164 2082 198 2140 in
214 2082 318 2141 animis
338 2082 466 2141 studium
486 2081 688 2140 excitandum:
711 2080 788 2141 valet
809 2101 877 2138 vero
895 2079 1038 2151 maxime,
1059 2099 1116 2156 quo
1132 2079 1262 2158 pertinet
1280 2081 1312 2140 in
1331 2079 1381 2158 pri-

166 2181 221 2238 mis
239 2179 403 2258 eloquentia
414 2225 422 2253 ,
443 2178 480 2238 ad
500 2178 741 2260 persuadendum.
771 2177 829 2236 Sed
849 2179 891 2239 uti
910 2178 951 2236 sic
968 2189 1095 2239 mentem
1111 2176 1265 2236 hominum
1286 2178 1381 2238 verita-

167 2279 205 2338 tis
226 2277 292 2337 luce
310 2277 492 2353 illustrabat,
512 2279 553 2336 ita
572 2280 768 2339 benivolentia
792 2297 889 2336 eorum
909 2275 1018 2337 animos
1038 2275 1171 2336 movebat
1191 2275 1306 2355 sibique
1323 2299 1384 2336 con·
1410 2269 1411 2284 i

167 2375 297 2436 eiliabat.
346 2375 499 2436 Invehitur
526 2375 651 2436 subinde
680 2377 712 2436 in
741 2390 833 2436 totum
860 2373 1000 2460 populum
1028 2372 1235 2444 Atheniensem
1259 2391 1287 2438 et
1316 2390 1384 2436 tanto
1408 2388 1411 2399 “

168 2475 278 2554 impetu
297 2471 468 2549 etardore,
489 2487 521 2534 ut
536 2473 733 2554 indignationi
748 2475 791 2534 ira
806 2472 941 2536 videatur
954 2470 1105 2548 accedere,
1122 2493 1174 2532 nec
1192 2487 1290 2535 tamen
1305 2473 1386 2537 odisse

169 2593 234 2646 eum
252 2585 387 2652 poterant
407 2572 485 2633 cives
500 2573 554 2634 sui.
576 2573 707 2648 Oratores
724 2571 842 2651 quidem
860 2585 888 2630 et
903 2570 1050 2648 demagogi
1066 2569 1227 2632 vindictam
1237 2572 1386 2652 spirabant.
1408 2634 1413 2657 .=

168 2670 345 2752 Ignorabant
355 2671 432 2730 enim
447 2672 495 2733 vel
506 2670 605 2732 videre
620 2671 777 2744 nolebant,
788 2668 987 2732 benivolentia
1001 2689 1065 2729 eum
1085 2689 1150 2748 crga
1167 2670 1246 2730 cives
1263 2669 1387 2742 ductum,
1413 2707 1415 2714 ,

168 2770 209 2828 sic
235 2770 274 2828 'iis
305 2789 479 2830 succensere.
532 2768 618 2844 Quod
645 2768 722 2830 dixit
752 2767 882 2830 Socrates
908 2769 941 2830 in
976 2765 1146 2847 μαιευτικῆς
1180 2767 1387 2848 descriptione,

166 2866 308 2948 sophistas
330 2868 397 2927 illos
421 2869 606 2948 respiciens,¹
623 2866 730 2946 quibus
751 2868 857 2928 frustra
883 2868 992 2930 mederi
1016 2869 1182 2929 studuerat:
1213 2865 1319 2926 πολλοί
1339 2861 1387 2947 peip
1414 2865 1415 2870 '

167 2960 229 3049 ἤδη
250 2959 328 3050 πρός
346 2988 385 3042 με
409 2958 488 3026 οὗτοι
510 2959 703 3045 διετέθησαν,
726 2957 800 3026 ὥστε
823 2961 954 3045 ατεχνῶς
969 2961 1082 3028 δάκνειν
1096 2963 1206 3044 ἕτοιμοι
1219 2961 1306 3043 εἶναι,
1323 2967 1388 3030 ἐνια-

138 3130 141 3135 .
168 3064 227 3132 δάν
247 3093 311 3130 τινα
332 3068 422 3151 λῆρον
443 3062 750 3149 ambitiosissime,
772 3068 820 3128 καί
842 3065 893 3129 οὐκ
915 3065 1023 3130 olbiam
1045 3065 1168 3152 εὐνοία
1188 3069 1279 3130 τοῦτο
1294 3077 1389 3144 nonis,

168 3167 273 3256 πόῤῥω
296 3166 377 3245 ὄντες
398 3171 454 3232 τοῦ
473 3166 592 3246 εἰδέναι,
616 3164 662 3231 ὅτι
684 3166 780 3244 ου’δείς
801 3164 876 3244 δαίς
898 3167 1022 3246 δύσνους
1043 3166 1231 3252 ἀνθρώποις,
1254 3171 1321 3235 οὐδ’
1342 3171 1390 3256 tyni

171 3273 294 3359 δυσνοίᾳ
314 3273 445 3336 τοιοῦτον
466 3268 552 3333 οὐδὲν
574 3273 647 3352 δρῶ·
671 3268 759 3332 (illd
781 3295 842 3350 μοι
864 3269 1002 3348 ψεῦδός
1023 3297 1059 3334 τε
1083 3276 1324 3356 συγχωρῆσαι
1345 3277 1391 3340 καί

173 3373 310 3459 ἀληθὲς
332 3371 504 3458 ἀφανίσαι
527 3370 697 3454 οὐδαμοῖς
718 3370 838 3453 θέμις·
858 3375 886 3458 l)
907 3377 960 3435 hoc
979 3377 1067 3458 plane
1085 3378 1142 3436 fuit
1159 3376 1391 3440 Demostheneun

96 3487 100 3497 '
172 3495 201 3540 et
210 3480 280 3540 bine
291 3477 343 3538 illa
355 3481 412 3540 viri
422 3499 488 3558 cuum
497 3475 658 3561 παρῥησία,
668 3492 730 3536 tum
740 3481 772 3538 in
783 3475 884 3558 primis
894 3469 1034 3556 δεινότης.
1057 3479 1129 3536 Nam
1140 3471 1236 3550 δεινδς
1244 3478 1392 3537 videbatur

172 3595 289 3658 eratque
316 3578 503 3639 audientibus
531 3603 590 3641 non
614 3581 717 3654 vultu,
739 3600 798 3638 nou
817 3599 906 3652 voce,
929 3600 988 3637 non
1011 3577 1124 3653 verbis,
1147 3601 1206 3638 non
1234 3581 1392 3637 sententiis.

124 3706 130 3716 =
173 3700 234 3738 non
256 3679 366 3760 impetu
376 3724 384 3752 ,
398 3699 460 3760 non
477 3679 573 3740 studio
590 3676 779 3764 permovendi
796 3689 822 3735 et
838 3677 1036 3736 contentione:
1060 3677 1130 3736 baec
1149 3699 1231 3737 aures
1248 3677 1393 3754 oculosque

78 3839 81 3850 ,
172 3791 313 3856 tangunt,
335 3777 386 3836 sed
403 3779 503 3836 effectu
521 3778 659 3837 orationis
674 3780 706 3837 in
724 3775 906 3834 audientium
922 3776 1045 3849 animis,
1060 3775 1110 3834 sed
1135 3775 1262 3854 aculeis,
1276 3795 1347 3854 quos
1369 3776 1393 3831 in

172 3875 210 3933 iis
228 3875 430 3954 relinquebat,
450 3876 501 3936 sed
516 3875 665 3951 sensibus,
682 3896 753 3953 quos
770 3875 849 3932 intus
868 3875 900 3932 in
916 3895 1086 3953 unoquoque
1105 3873 1321 3948 commovebat,
1341 3873 1393 3952 qui·

367 4023 428 4032 -—·

207 4100 232 4166 1)
254 4102 350 4153 Thenet·
368 4101 425 4154 151.
456 4102 484 4154 C.
502 4103 572 4153 Hanc
589 4087 700 4152 οὗνοίαν
722 4103 813 4154 lubens
830 4103 913 4154 ubivis
930 4105 955 4154 in
974 4103 1132 4155 orationibus
1148 4103 1284 4170 profitetur
1304 4103 1393 4154 Dento-

174 4199 300 4264 sthenes,
321 4199 454 4266 inprimis
476 4201 505 4250 de
521 4197 618 4250 Corma
637 4199 691 4249 init.
715 4198 848 4266 Propriam
873 4201 938 4251 hene
961 4200 1143 4252 Demosthenis
1162 4201 1191 4249 in
1212 4200 1324 4251 dicendo
1348 4199 1393 4248 vir-

174 4295 252 4337 tutem
271 4301 354 4352 nuper
377 4286 403 4334 in
424 4285 541 4365 populari
567 4286 724 4351 scriptione,
746 4303 821 4353 quum
844 4288 869 4336 in
894 4287 1010 4338 Helvetia
1036 4287 1177 4338 scriberem
1196 4285 1228 4336 ad
1250 4284 1393 4352 disciplinae

173 4388 247 4423 meae
271 4373 387 4423 alumnos
406 4371 544 4436 (Nascbrs'st
559 4389 588 4438 op
607 4373 636 4422 de
657 4372 765 4422 Brievan
786 4391 842 4422 over
859 4373 949 4437 benger
971 4371 1111 4439 αιδινιοῇσ,
1131 4370 1182 4421 Utr.
1202 4369 1277 4420 1829.
1300 4387 1324 4436 p.
1342 4363 1393 4419 2811

175 4459 306 4524 explicare
323 4458 415 4510 studui.
835 4461 840 4468 ‘
