2886 5118
640 323 698 382 419

55 483 165 567 ἄρχεται
191 489 349 564 μιμεῖσθαι
377 479 393 544 ὁ
421 478 623 564 μιμοάμενος,·
654 480 715 564 ἆρα
747 479 798 544 οὐκ
826 479 942 564 ἐπείπερ
976 486 1134 563 συλλαβαῖς
1168 508 1198 545 τε
1234 482 1282 546 toi

55 583 255 672 γράμμασινή
282 587 409 670 μίμησις
438 582 576 668 τυγχάνει
601 581 676 649 οὖσα
698 588 753 670 τῆς
782 581 897 660 οὐσίας,
926 581 1101 668 ὀρθότατόν
1133 585 1195 647 ἐστι
1222 587 1282 646 du·

55 689 149 754 λε’σθαι
177 688 214 753 τά
242 695 377 771 στοιχεῖα
398 692 531 773 auduom
558 683 657 772 nicaeo
677 687 707 750 oi
725 688 938 771 ἐπιχειροῦντες
958 693 1021 762 τοῖς
1045 683 1200 770 ρὀθμοῖς,
1224 688 1284 748 ταῖν

56 793 195 874 στοιχείων
220 793 340 874 πρῶτον
366 788 420 866 τάς
455 787 603 872 δομάμεις
633 791 800 867 desiimus,
834 785 933 852 ἔπειτα
956 789 1211 870 calamitatium·
1238 789 1286 850 aui

56 894 138 970 οὕτως
163 891 221 978 ἤδη
252 893 389 978 ἔρχονται
421 893 469 956 ἐπὶ
506 891 575 970 τούς
607 889 753 976 ρωθμοάς
787 886 978 972 σκεψόμενοι,
1013 888 1159 975 πρότερον
1182 887 1210 954 δ’
1233 886 1284 952 σά·

58 1009 115 1079 quis
131 1021 196 1058 vero
213 1008 255 1058 sit
272 1003 465 1058 discretionis
485 1000 612 1058 modos?
634 999 756 1072 Nonne,
779 997 1015 1077 quondoquidem
1037 997 1161 1075 syllabis
1178 1005 1207 1052 et
1218 997 1284 1052 iite-

56 1108 94 1157 ris
103 1107 244 1157 essentiae
253 1101 300 1175 fit
317 1105 470 1170 imitatio,
489 1107 625 1176 priorum
634 1109 776 1176 praestat
785 1097 931 1154 elemento
942 1095 1155 1176 distinguere?
1178 1093 1285 1173 Quem·
1361 1109 1363 1116 ’
1430 1087 1431 1094 ¹

57 1199 199 1255 admodum
221 1204 274 1276 qui
294 1199 448 1274 rhytloris
472 1197 549 1254 doot
567 1219 706 1274 operum,
736 1198 950 1254 elementorum
973 1203 1111 1270 primum
1142 1201 1202 1250 viro
1228 1195 1286 1250 dis·

58 1305 191 1370 cernunt,
224 1307 289 1352 tum
320 1297 526 1373 syllabarum:
557 1305 600 1354 sio
623 1297 744 1353 taudem
764 1304 841 1372 ipsos
861 1293 1090 1374 aggrediuntur
1109 1293 1288 1368 rhythmos,

58 1415 105 1452 oon
127 1415 191 1452 oaro
208 1395 330 1470 prius.”
357 1393 386 1470 l)

91 1493 150 1551 Non
170 1505 231 1566 est,
254 1491 333 1571 quod
354 1491 424 1550 baec
446 1512 659 1571 persequamur.
699 1490 858 1551 Dialectica
878 1487 1007 1550 Platonis
1026 1489 1116 1566 ratio,
1137 1511 1210 1568 quae
1231 1511 1289 1548 cer-

58 1591 160 1666 nendo,
192 1605 225 1650 ut
261 1591 411 1664 vidimus,
445 1590 483 1650 ad
514 1589 727 1652 inveniendum
755 1587 904 1671 procedit,
931 1589 962 1649 in
983 1587 1036 1648 hac
1058 1589 1201 1650 Socratica
1222 1585 1291 1668 περὶ
1363 1640 1364 1643 ,

59 1681 197 1767 ὀνομάτων
227 1681 399 1770 ὀρθότητος
420 1689 619 1770 disputatione
648 1688 744 1747 elucet
773 1688 908 1748 maxime.
950 1685 1007 1747 Sed
1037 1687 1166 1748 diximus
1186 1689 1289 1764 modo,

60 1811 193 1868 perversae
213 1789 406 1871 sophistarum
426 1808 458 1845 ac
481 1785 720 1878 pbilosophorum
745 1785 933 1866 etymologiae
953 1806 1032 1844 suam
1052 1786 1200 1846 Platonem
1220 1785 1291 1869 phi-

60 1887 217 1968 losophandi
237 1889 380 1947 rationem
400 1887 521 1964 verique
541 1882 722 1958 doctrinam,
744 1903 829 1974 quarn
849 1881 1075 1971 metaphysicam
1097 1883 1202 1943 dicunt
1221 1886 1292 1945 vul-

60 2007 104 2064 go,
131 1987 304 2074 opposuisse
350 1982 387 2043 Id
415 2003 430 2041 e
456 1981 582 2042 Socratis
612 1977 666 2039 sub
697 1980 785 2039 finem
815 1979 924 2062 dialogi
955 2001 1085 2040 sermone
1103 1981 1290 2063 intelligitur.

61 2082 183 2144 Effecerat
205 2084 239 2141 in
259 2101 292 2148 ea
315 2103 353 2141 ex
374 2081 528 2141 verborum
554 2079 786 2158 significatione,
814 2102 881 2144 vere
909 2079 1018 2160 pariter
1044 2079 1175 2138 statuisse
1196 2081 1291 2140 videri

61 2193 111 2238 tum
135 2182 182 2259 qui
203 2180 333 2254 moveri,
358 2193 419 2250 turn
438 2179 489 2258 qui
511 2191 587 2237 stare
614 2178 712 2236 omnia
742 2179 979 2239 contendissent:
1011 2177 1118 2257 quihus
1144 2177 1295 2258 subjungit

61 2277 202 2360 deinceps:
231 2297 245 2330 a
256 2275 506 2335 tumultuantibus
528 2267 636 2355 igitur,
658 2276 775 2353 inquit,
797 2269 985 2349 nominibus,
1015 2289 1043 2334 et
1063 2275 1291 2335 asseverantibus

62 2375 132 2452 aliis,
152 2397 180 2436 se
200 2395 262 2434 esse
273 2420 282 2451 ,
303 2395 377 2454 quae
396 2371 513 2436 veritati
534 2386 601 2432 sunt
619 2373 745 2448 similia,
768 2371 836 2434 aliis
855 2387 951 2434 autem
978 2395 1007 2432 se
1026 2393 1084 2432 esse
1112 2372 1291 2432 contenden-

63 2473 143 2548 tibus,
163 2474 248 2551 cujus
264 2472 304 2533 ad
325 2491 454 2532 normam
475 2471 555 2530 litem
585 2471 836 2551 dijudicabimus?
868 2473 916 2533 vel
943 2492 1069 2550 quonam
1097 2491 1149 2530 nos
1176 2472 1292 2532 tandem

63 2573 277 2632 convertemus?
299 2593 359 2630 non
390 2572 469 2630 enim
490 2569 527 2628 ad
545 2567 605 2629 alia
623 2573 741 2652 nomina
761 2571 979 2652 confugiemus,
1001 2571 1069 2648 quia
1087 2583 1200 2650 praeter
1218 2569 1288 2628 baec

63 2689 111 2726 uon
130 2685 203 2732 sunt.
247 2662 345 2729 'Atti
374 2662 515 2750 δηλονότι
541 2657 605 2728 ‹itt‘
635 2663 711 2730 άττα
732 2664 865 2754 ζητητέα
885 2661 963 2748 aloia
986 2660 1155 2744 άνομάτων,
1177 2662 1198 2728 ἃ
1218 2662 1291 2749 ἡμῖν

63 2761 187 2845 ἐμφανιεῖ
217 2763 285 2830 άνεο
312 2763 481 2848 σ’νομάτων,
504 2763 636 2852 ὁπότερα
653 2765 768 2834 τοάτων
793 2769 857 2834 ἐστὶ
876 2761 1014 2852 odiatis,
1038 2765 1173 2844 δείξαντα
1199 2769 1291 2852 δῆλον

64 2858 100 2926 ὅτι
127 2865 178 2952 τάν
207 2865 355 2954 (ilai-letor
389 2873 448 2934 τῶν
476 2863 581 2936 άντων·
613 2895 718 2931 oerum
747 2877 811 2934 ulio
845 2874 991 2952 quaedum
1016 2882 1144 2950 praeter
1171 2881 1291 2930 ooooioo

65 2977 223 3046 quaerendo
245 2987 336 3049 sunt,
356 2997 432 3054 quae
453 2977 535 3033 nobis
553 2983 617 3032 οιάσ
641 2978 810 3033 nominibus
826 2974 1040 3050 μαῖιψαοὶαιιί,
1072 2981 1145 3028 utro
1161 2979 1291 3029 istorum

65 3089 125 3126 aero
142 3081 218 3147 sint,
250 3094 357 3132 rarum
387 3075 526 3135 uidelicet
549 3079 711 3130 veritatem
736 3073 1034 3130 demonstrantia.-
1053 3067 1191 3140 ltamihi
1211 3067 1292 3128 vide·
1367 3075 1375 3087 ¹

64 3178 151 3225 tur...
179 3169 209 3229 si
240 3169 311 3228 haec
340 3171 380 3229 ita
408 3191 438 3229 se
467 3170 594 3246 habent,
624 3170 741 3250 Cratyle
753 3215 762 3245 ,
792 3182 931 3249 possunt,
948 3181 994 3226 ¹ut
1012 3163 1147 3240 videtur,
1169 3187 1215 3224 res
1228 3167 1291 3225 sine

66 3263 218 3328 nominibus
236 3269 357 3350 percipi.
369 3292 405 3303 -
424 3269 606 3354 Apparet·
627 3271 680 3328 Per
698 3267 770 3349 quid
793 3268 883 3347 igitur
902 3263 986 3324 aliud
1006 3285 1102 3346 speras
1128 3263 1199 3322 haec
1219 3285 1289 3346 per-

64 3380 147 3442 cipere
156 3409 167 3440 ,
188 3363 247 3424 nisi
266 3387 322 3446 qua
342 3367 455 3425 ratione
469 3369 582 3444 justum
602 3381 631 3426 et
650 3381 877 3436 consentaneum
896 3365 952 3440 sit,
975 3377 1007 3422 ut
1026 3382 1062 3422 ex
1080 3376 1179 3421 mutua
1194 3383 1291 3420 eorum

65 3463 242 3538 cognatione,
274 3461 418 3544 siquidem
455 3478 577 3548 cognata
604 3463 683 3539 sint,
716 3462 878 3540 discamus,
900 3477 962 3522 turn
981 3463 1067 3521 etiarn
1088 3461 1154 3541 ipsa
1166 3481 1219 3540 per
1237 3463 1291 3519 se?

65 3553 128 3616 Nam
155 3560 233 3640 quod
259 3559 297 3619 ab
330 3561 392 3620 illis
423 3560 573 3624 diversum
601 3575 686 3640 atque
710 3559 871 3636 aliodem,
892 3560 974 3619 aliud
993 3581 1026 3618 ac
1046 3559 1211 3637 diversum,
1233 3557 1318 3614 non'

65 3651 111 3712 illa
129 3657 313 3742 significaret.
326 3689 361 3701 -
381 3656 458 3719 Vera
477 3656 557 3742 loqui
578 3657 742 3720 videris-
761 3659 815 3717 Dic
826 3703 835 3734 ,
856 3651 988 3732 obsecro,
1010 3678 1108 3716 nonne
1131 3656 1191 3732 jam
1210 3673 1293 3740 saepe

66 3756 266 3831 concessimus,
289 3744 408 3818 nomina
418 3803 427 3832 ,
449 3778 522 3836 quae
540 3772 617 3818 recte
638 3757 731 3838 posita
751 3770 840 3831 sunt,
863 3756 969 3816 similia
987 3752 1105 3813 illorum
1124 3772 1201 3827 esse,
1219 3775 1293 3834 quo-

65 3868 121 3908 rum
135 3868 202 3914 sunt
220 3855 358 3930 nomina,
380 3876 533 3934 rerumque
551 3877 611 3915 esse
629 3855 768 3935 imagines
779 3857 829 3914 l-
840 3854 1083 3914 Concessimus-
1102 3849 1141 3910 Et
1158 3841 1211 3912 οὗν
1231 3848 1293 3912 ἔστι

65 3942 114 4020 μὲν
132 3941 151 4010 ὅ
168 3973 196 4011 τι
221 3944 351 4042 μάλιστα
366 3948 405 4014 δι’
423 3942 580 4031 ὀνομάτων
605 3947 643 4014 τά
657 3945 821 4034 πράγματα
840 3943 1020 4030 μανθάνειν,
1037 3945 1098 4011 ἔστι
1115 3948 1152 4014 δὲ
1179 3953 1228 4014 καὶ
1257 3950 1295 4014 δι’

66 4041 170 4127 αὐτῶν,
191 4048 303 4133 πατέρα
328 4049 366 4114 dir
386 4051 432 4137 εἴη
449 4052 575 4116 καλλίων
585 4053 635 4115 καὶ
652 4049 823 4134 caprotina
848 4047 869 4134 η’
887 4044 1042 4134 μάθησιςς
1065 4050 1097 4114 ἐν
1115 4053 1170 4136 τῆς
1184 4051 1293 4126 εἲκάνος

66 4146 219 4222 μανθάνειν
239 4150 333 4236 adreio
354 4180 386 4217 τε
417 4152 525 4240 αάτὴν,
548 4155 573 4218 εἰ
595 4155 692 4230 καλῶς
712 4152 855 4229 εἴκασται,
876 4153 925 4214 καὶ
945 4151 999 4236 τήν
1024 4148 1182 4236 ἀλήθειαν,
1203 4147 1240 4239 ἧς
1253 4149 1291 4237 ἦν
