2886 5118
688 279 748 336 430

88 444 124 504 de
135 445 242 523 pulcro
263 441 481 521 disquisitiones
500 453 628 522 possunt.
671 442 800 514 Quorum
822 439 873 498 alii
899 439 930 499 id
949 439 1094 498 contineri
1115 438 1249 519 partium'
1264 439 1329 498 har·

89 542 205 617 monii,
226 540 277 600 alii
297 541 435 600 varietate
454 540 562 599 summa
581 540 613 598 in
631 559 739 598 summa
770 540 900 612 unitate,
919 537 970 596 alii
990 538 1055 596 aliis
1076 537 1161 596 rebus
1181 539 1333 596 existima-

91 655 168 700 runt.
211 641 267 698 Nos
287 640 417 699 omnium
436 651 464 696 et
485 637 615 697 studium
634 637 788 718 probamus
802 650 830 696 et
849 637 1052 696 conclusiones
1067 638 1171 710 etiam,
1190 649 1333 713 qnatenus

90 739 127 798 ad
147 759 197 798 sua
215 757 344 817 quaeque
355 736 452 817 pulcri
465 754 570 816 genera
587 737 763 794 referuntur.
807 737 986 814 Quamquam
996 736 1168 815 processisse
1186 733 1331 811 adipsum

88 840 230 917 palorum
250 835 354 910 nobis,
373 857 434 894 non
465 854 553 907 vero,
584 825 663 913 quod
693 833 756 894 fieri
785 855 845 892 non
866 847 975 914 potest,
1000 835 1167 914 pervenisse
1183 832 1332 891 videntur.

92 939 156 1011 Quo
176 935 266 1014 magis
286 947 382 992 autem
404 953 456 991 nos
476 952 513 990 ex
533 932 621 992 variis
639 930 686 990 bis
715 932 850 992 omnibus
867 933 961 993 omnis
985 933 1049 992 aevi
1071 953 1137 990 cum
1156 933 1192 992 de
1212 931 1333 1011 pulcro,

93 1051 153 1095 tum
175 1031 300 1091 debono
319 1029 572 1108 disquisitionibus
592 1031 815 1110 profecerimus,
834 1051 866 1090 eo
887 1031 1004 1090 facilius
1031 1031 1188 1111 poterimus
1208 1029 1334 1108 longius-

94 1133 199 1213 quein
219 1130 273 1188 hoc
294 1130 423 1188 veritatis
441 1129 547 1187 itinere
566 1127 711 1208 progredi.
753 1127 811 1187 Sed
830 1128 978 1204 Platonis,
998 1151 1072 1208 quae
1092 1128 1220 1202 dicitur,
1235 1149 1254 1184 ο
1268 1138 1334 1207 pri·

96 1239 144 1292 ori
162 1227 390 1312 philosophandi
418 1227 493 1286 ratio
512 1227 654 1305 quamsit
673 1225 710 1284 ab
730 1227 893 1288 Aristotelis
911 1229 1022 1287 ratione
1038 1227 1175 1301 diversa,
1200 1227 1270 1285 hinc
1291 1228 1336 1284 in·

97 1328 258 1408 telligitnr5
281 1338 313 1383 11
331 1338 425 1384 autem
446 1323 540 1403 qualis
559 1325 596 1383 sit
612 1338 639 1383 et
659 1339 729 1404 quot
745 1339 925 1404 quantosque
942 1328 1068 1408 proferat
1086 1325 1123 1384 ad
1144 1327 1205 1386 veri
1220 1328 1338 1384 scienti·

97 1447 143 1488 am
159 1427 289 1499 fructus,
317 1424 545 1505 perspiciamus,
576 1421 689 1482 dictum
716 1423 802 1483 nobis
821 1423 946 1484 Socratis
971 1426 1003 1485 in
1021 1425 1151 1484 Platonis
1164 1424 1338 1483 Parmenide

96 1540 156 1592 toto
173 1525 271 1610 animo
300 1521 511 1584 attendendum
539 1521 781 1600 recolendumque
806 1531 857 1583 est.
899 1516 996 1602 Ἀλλ’,
1021 1515 1258 1602 innocentia,
1276 1517 1340 1599 μα’-

97 1627 181 1686 λιοτα
191 1617 288 1704 ἔμοιγε
295 1618 505 1703 καταφαίνεται
517 1611 575 1682 ὦδε
585 1614 670 1700 ἔχειν·
683 1616 787 1699 τὰμὲν
795 1617 861 1704 εἴδη
872 1625 975 1701 ταῦτα,
988 1617 1087 1708 ὥσπερ
1098 1623 1339 1714 παραδείγματα,

99 1721 218 1792 intelam
238 1724 280 1811 τῇ
301 1719 404 1812 φήσει,
425 1718 463 1785 τοὶ
485 1719 520 1785 δὲ
541 1718 617 1784 itta
638 1717 754 1798 τούτοις
775 1722 896 1788 ἐοικέναι
917 1727 966 1790 καὶ
988 1721 1061 1789 εἶναι
1083 1721 1274 1806 ὁμοιώματα·
1291 1725 1341 1787 καὶ

99 1824 121 1914 ἡ
141 1824 267 1910 μέθεξις
288 1821 364 1910 αὕτη
383 1831 446 1902 τοῖς
461 1811 559 1900 uiliore
573 1824 727 1906 γίγνεσθαι
742 1825 977 1892 1111νεί1111νοῦ1
995 1824 1069 1912 ἄλλη
1092 1830 1137 1904 τὶς
1157 1825 1179 1911 ἢ
1194 1825 1341 1910 εἰκασθῆ-

100 1957 147 1996 ναι
171 1926 284 2006 αὐτοῖς·
305 1935 355 1993 aed
375 1934 452 1992 mitt
462 1977 471 2008 ,
490 1953 505 1990 ο
522 1930 743 2002 Parmenides,
765 1939 806 1989 sic
829 1942 960 1993 manime
971 1957 1000 1992 11
1018 1954 1068 1994 res
1087 1934 1341 1992 haberevidetur:
1440 1997 1441 2012 1

103 2038 187 2096 ideae
208 2035 280 2108 boe,
309 2042 457 2109 tanquam
483 2030 616 2106 exempla
643 2032 800 2106 perfecta,
830 2040 947 2092 natura
968 2045 1254 2103 testamentare
1273 2057 1342 2094 uero

102 2134 217 2196 similia
237 2139 278 2190 iia
297 2151 456 2207 eorumque
472 2127 639 2187 simulacro
660 2149 720 2186 esse
740 2150 833 2206 neque
860 2133 954 2190 aliter
981 2135 1052 2192 haec
1071 2133 1196 2191 illorum
1211 2143 1340 2212 partici-

100 2242 153 2313 pia
169 2255 247 2306 1111,
262 2237 325 2289 oiri
345 2230 421 2307 qnod
440 2227 555 2286 similia
573 2227 640 2284 illis
659 2235 732 2284 eunt
754 2223 792 2306 1).
814 2228 914 2308 Itaque
930 2251 1014 2311 opera
1035 2229 1133 2290 danda
1150 2231 1283 2305 homini,
1302 2231 1340 2290 de

102 2331 230 2390 Platonis
253 2328 414 2401 sententia,
433 2339 494 2401 est,
514 2338 546 2393 ut
553 2320 781 2403 παραδείγματα
798 2325 852 2386 1111
862 2374 871 2403 ,
893 2341 924 2388 ut
944 2327 1043 2405 ideas,
1061 2333 1122 2409 ipsa
1142 2321 1343 2390 1111111111

104 2430 162 2489 alia
179 2428 301 2509 quavis,
320 2439 383 2485 tum
404 2425 557 2484 dialectica
573 2426 727 2507 praecipue
746 2429 857 2487 ratione
876 2442 1060 2506 assequatur:
1082 2451 1221 2509 namquo
1241 2452 1343 2489 11111-

105 2529 163 2587 tius
181 2526 355 2608 pleniusque
382 2523 563 2605 perceperit,
592 2543 625 2583 1ο
651 2525 756 2584 1111111
782 2525 945 2607 perspicere
970 2547 1002 2584 ac
1023 2525 1187 2605 dijudicare
1214 2530 1344 2610 ipsorum

106 2618 283 2706 ὁμοιώματα
303 2623 426 2704 poterit3
449 2633 518 2680 sunt
536 2618 631 2680 antem
657 2621 726 2682 haec
748 2645 793 2683 res
819 2619 957 2705 pulcrae,
975 2623 1087 2700 bonae,
1100 2627 1216 2704 justae,
1236 2627 1345 2686 similes

107 2749 222 2802 omnes,
243 2721 424 2802 dequibus,
444 2719 553 2801 quippe
580 2741 641 2780 non
660 2721 755 2781 cuivis
783 2721 950 2802 patentibus
968 2719 1079 2782 homini
1090 2769 1098 2798 ‚
1119 2723 1235 2785 diversa
1262 2727 1345 2784 omni

108 2839 199 2886 aetate
226 2821 377 2882 hominum
401 2815 515 2895 judicia
543 2817 672 2878 fuerunt.
715 2818 751 2878 ld
781 2841 850 2881 vero
879 2821 973 2901 ipsum
990 2821 1062 2899 quid
1082 2821 1166 2881 aliud
1182 2837 1240 2912 est,
1253 2843 1347 2910 quarn

56 2982 63 3000 ,
107 2921 187 3004 quod
204 2923 237 2981 in
255 2915 373 2998 Cratylo
382 2961 391 2991 ,
406 2915 430 2974 si
448 2914 613 2995 linguarum
632 2915 846 2997 philosophiam
864 2932 986 2978 tractare
1006 2933 1082 2978 11111
1100 2919 1242 2994 velimus,
1263 2941 1349 3001 prae·

109 3023 187 3104 cepit
205 3019 290 3080 nobis
308 3016 409 3088 Plato,
430 3025 541 3071 utnon
561 3032 598 3073 ex
624 3013 801 3093 imaginibus
824 3017 900 3097 ipsas
918 3030 946 3075 et
974 3017 1144 3092 veritatem,
1166 3017 1216 3076 sed
1234 3038 1270 3078 ex
1292 3039 1349 3078 ve-

110 3123 193 3182 ritate
211 3131 240 3176 et
258 3119 349 3198 ipsam
378 3125 406 3170 et
427 3112 488 3189 ejus
507 3111 646 3190 imagines
668 3111 779 3173 discere
798 3134 967 3174 conaremur
977 3111 998 3174 l

151 3215 227 3296 Ergo
244 3235 304 3274 non
324 3206 498 3270 descendere
516 3205 553 3265 ab
572 3200 749 3283 ὑποθέσεσι,
784 3231 857 3288 quae
876 3211 1138 3292 metaphysicorum
1167 3213 1350 3273 consuetudo

112 3329 172 3389 est,
193 3310 245 3372 sed
258 3310 296 3371 ad
313 3301 352 3369 111
373 3297 545 3368 munitam
566 3309 739 3387 escendere,
762 3324 810 3399 ut,
832 3309 885 3368 illa
904 3295 1051 3369 intuentes
1069 3331 1271 3390 cognoscamus
1288 3331 1352 3369 rec-

112 3427 141 3473 te
159 3431 192 3472 11
217 3409 382 3490 judicemus
410 3407 523 3483 omnia,
552 3406 622 3466 haec
652 3407 767 3468 demum
788 3405 867 3488 apud
886 3403 1036 3466 Platonem
1054 3429 1073 3465 ο
1089 3417 1194 3484 priori
1219 3408 1351 3489 philoso-

113 3507 226 3593 phandi
246 3507 320 3568 ratio
339 3521 397 3582 est,
420 3507 503 3584 cujus
517 3503 718 3583 adjumentum
737 3526 795 3565 esse
809 3503 1037 3564 efficacissimum
1054 3504 1353 3586 dialecticam,quam

55 3685 60 3691 .
114 3607 262 3689 prodidit,
283 3603 446 3667 contendit.
486 3602 525 3663 Et
544 3602 585 3661 sio
606 3602 724 3682 quidem
742 3603 861 3664 tandem
881 3624 914 3662 eo
931 3604 1098 3683 pervenisse
1116 3603 1268 3677 videmur,
1300 3619 1352 3678 ut,

114 3704 187 3784 quid
207 3704 350 3779 (111111,
381 3699 491 3763 detail
519 3692 619 3776 ὄντος,
650 3696 745 3763 αὐτοῦ
773 3697 828 3763 toti
859 3693 945 3784 ὄντος
965 3709 1093 3764 scientio
1121 3701 1351 3764 existimandum

115 3802 171 3875 sit,
198 3802 331 3879 judicare
357 3801 442 3865 nobis
471 3803 568 3864 liceat.
608 3802 819 3878 Quamobrem,
849 3822 915 3884 age,
947 3821 984 3860 ex
1013 3800 1068 3862 boc
1098 3799 1263 3858 Platonicae
1291 3813 1351 3858 tam

116 3897 333 3980 philosophiae,
353 3920 439 3979 quam
462 3897 632 3962 dialecticae
651 3899 766 3983 fastigio
776 3899 964 3982 dispiciamus
982 3899 1014 3960 in
1033 3896 1130 3980 paites
1149 3915 1263 3972 omnes,
1275 3918 1351 3955 num

118 3996 208 4072 forte,
228 4016 301 4076 quae
318 3996 389 4057 haec
410 3999 532 4061 scientia
550 4001 605 4074 sit,
626 3999 846 4081 conspiciamus.

155 4315 179 4380 1)
198 4319 284 4370 Parin.
304 4317 402 4371 13111
