2886 5118
661 291 720 359 m

113 453 301 533 Agnoscimus
331 455 364 514 in
384 455 430 514 his
449 455 560 529 multa,
591 470 664 532 quae
693 457 871 518 Platonicam
900 456 1062 518 doctrinam
1078 458 1218 518 referunt.
1260 457 1309 516 Si·

77 551 181 610 militor
207 553 365 632 progressio
394 556 520 613 occurrit
548 553 675 613 bominis
703 553 740 614 ad
762 555 931 630 scientiam,
960 555 1096 614 similiter
1114 557 1146 614 in
1166 554 1219 614 hac
1240 577 1309 636 pro-

77 649 213 728 gressione
234 659 367 728 optumam
383 652 542 732 opponitur
561 660 689 710 scientio
698 697 708 726 ,
728 651 857 712 studium
871 667 992 734 apparet
1010 653 1146 712 similiter
1164 662 1309 714 scientiae

75 762 102 806 et
119 756 271 808 cantatis.
317 751 354 809 Et
380 748 456 828 quod
486 743 665 830 κατάληψιν,
696 731 987 830 comprehensionem
1016 751 1139 810 similem
1167 751 1204 810 iis
1223 751 1310 812 rebus·

76 845 164 919 dixit,
185 865 365 921 puoemonu
378 851 623 927 providerentur,
645 852 679 912 id
698 852 796 924 dixit,
816 849 895 930 quod
913 852 1086 926 recentiores
1105 848 1222 929 linguae
1248 869 1307 910 ver·

75 943 795 1026 bisexprimuut,uthisceeomprandra,
825 958 993 1023 cettan,
1014 950 1308 1020 bauottarr,ds-

73 1043 255 1121 grsjprn,
277 1046 512 1126 begripprn
536 1049 719 1129 lerajgen,
737 1068 791 1106 nec
811 1066 879 1107 vero
900 1045 1035 1104 abhorret
1054 1045 1131 1104 idem
1143 1044 1179 1102 ab
1199 1045 1310 1114 aviaria

76 1139 209 1200 Platonis.
253 1142 325 1200 Nam
348 1152 380 1203 ut
398 1143 446 1204 htc
465 1147 499 1206 in
527 1146 702 1222 Theaeteto,
726 1146 804 1224 quod
841 1144 1042 1224 exposuimus,
1066 1133 1187 1223 κῆρινόν
1218 1162 1247 1204 τι
1275 1137 1307 1204 dr

76 1239 134 1310 ταῖς
153 1241 271 1319 ψυχαῖς
292 1236 345 1300 otiu
367 1235 425 1302 οἶδ’
445 1235 467 1304 ὅ
486 1265 515 1304 τι
535 1238 659 1322 πλάσμα
683 1245 713 1326 l)
739 1245 912 1317 effinxerat,
939 1243 979 1301 ita
998 1242 1137 1326 deinceps
1155 1246 1188 1304 in
1207 1246 1307 1305 codem

77 1336 184 1418 dialogo
194 1343 325 1400 animum
344 1343 490 1420 hominis,
508 1347 646 1406 scientiae
656 1340 849 1410 declarandae
865 1341 981 1416 caussa,
994 1343 1105 1402 aviario
1122 1345 1310 1425 comparavit.

75 1437 222 1508 Quaeritur
241 1440 323 1515 illic,
343 1442 584 1520 quemadmodum
605 1465 658 1504 nos
677 1445 827 1504 scientiam
846 1440 925 1499 nacti
943 1452 972 1499 et
991 1439 1098 1499 habere
1117 1461 1179 1500 eam
1198 1455 1227 1500 et
1246 1464 1306 1502 non

76 1532 173 1593 babere
190 1536 252 1596 dici
273 1541 432 1618 possimus:
459 1541 538 1620 quod
567 1542 701 1622 exemplo
729 1541 859 1599 illustrat
878 1537 1005 1597 hominis
1016 1583 1024 1613 ,
1045 1540 1096 1617 qui
1115 1553 1223 1598 uestem
1242 1542 1310 1600 emit

76 1651 104 1688 ac
123 1633 269 1712 possidet,
288 1657 348 1697 non
368 1659 437 1699 vero
457 1641 539 1718 gerit.
586 1661 601 1694 u
612 1640 670 1700 Sed
688 1638 757 1701 'ride
768 1682 777 1712 ,
788 1637 886 1714 inquit
895 1634 1025 1694 Socrates
1035 1681 1043 1710 ,
1064 1657 1135 1696 num
1152 1637 1207 1698 ltoo
1226 1637 1310 1698 modo

77 1727 132 1788 fieri
150 1734 256 1812 possit,
277 1749 307 1794 ut
325 1735 476 1796 scientiam
495 1739 574 1798 nocti
595 1754 691 1800 tamen
702 1735 929 1797 nonhabeamus
946 1753 1008 1794 eam
1029 1749 1114 1816 atque
1132 1735 1306 1810 aberremus,

76 1828 177 1903 veluti,
198 1833 301 1910 siquis
318 1833 474 1913 sylvestres
494 1853 579 1911 aves,
597 1836 745 1900 columbas
761 1835 824 1894 sive
840 1829 924 1892 aliud
941 1832 1015 1910 quid
1037 1847 1159 1894 uenatus
1169 1877 1177 1906 ,
1197 1831 1308 1892 aviano

77 1925 147 1986 domi
167 1944 353 2004 constructo,
373 1932 432 1991 alat
442 1977 451 2007 ,
470 1932 680 2012 quodammodo
690 1933 798 1994 habere
816 1949 863 1989 aas
884 1948 994 2010 semper
1013 1929 1123 1988 dicitnr
1134 1975 1141 2002 ,
1152 1929 1310 2010 quodpos·

79 2025 163 2100 sidet,
182 2028 396 2106 quodammodo
414 2051 482 2090 ueto
502 2031 615 2091 nullam
631 2031 738 2090 habere
747 2072 755 2105 ,
783 2026 834 2088 sed
851 2025 1019 2088 facultatem
1038 2026 1095 2106 ipsi
1114 2028 1146 2084 iu
1166 2045 1213 2084 eas
1231 2042 1290 2085 esse
1300 2072 1308 2102 ,

79 2129 501 2205 ut,'quamcunqueuolue1it,
531 2130 627 2208 capiat
654 2127 836 2205 habeatque,
859 2145 1014 2202 rursusque
1034 2121 1181 2198 dimittat,
1202 2123 1303 2182 ethos

78 2219 125 2298 ipsi
146 2222 232 2282 licere
261 2226 374 2299 facere,
403 2226 631 2304 quotiescunque
649 2225 801 2284 libue1·it.''
821 2224 853 2305 2)
895 2222 974 2280 Hinc
994 2221 1143 2302 duplicem
1162 2240 1221 2282 esse
1241 2220 1307 2280 effi·
1384 2247 1387 2255 ¹

78 2317 111 2376 eit
125 2321 260 2380 scientiae
288 2323 382 2383 veluti
411 2324 614 2395 venationem,
643 2322 763 2382 alteram
791 2319 962 2402 possidendi
991 2321 1108 2394 caussa,
1129 2334 1300 2400 anteaquam

76 2416 132 2489 quis
141 2432 240 2478 nactus
251 2421 350 2494 fuerit,
368 2421 498 2493 alteram,
510 2433 661 2499 postquam
677 2421 767 2479 luerit
778 2434 898 2491 nactus,
911 2414 968 2476 tad
991 2419 1118 2496 λαβεῖν
1139 2417 1188 2477 καὶ
1206 2413 1305 2498 ἔχειν

78 2508 197 2589 lusoir
217 2516 348 2596 χερσὶν
369 2511 496 2578 duellos
526 2511 677 2598 ἐκέκτητο,
702 2533 738 2579 tat
765 2525 916 2595 cupiat
944 2522 1220 2591 manibusque
1250 2529 1299 2574 ts·

79 2622 562 2693 resot‚quoa=ontsofuitnuotua
573 2617 614 2699 3).
637 2617 870 2698 Ingeniosehaec
889 2615 972 2674 Plato
989 2614 1129 2694 longeque
1147 2613 1301 2685 festivius,

79 2729 152 2787 quam
161 2714 352 2792 Stoicusille;
365 2731 394 2776 at
403 2720 512 2798 pariter
522 2717 606 2776 ambo
618 2715 778 2775 naturalem
796 2714 901 2772 mentis
908 2757 915 2787 ‚
926 2730 1012 2790 quain
1022 2712 1140 2790 linguae
1157 2708 1304 2790 produnt,

79 2811 171 2886 egendi
198 2815 340 2872 rationem
370 2826 588 2894 expresserunt.
625 2811 683 2871 Sed
710 2813 842 2890 quamvis
869 2810 965 2871 Stoica
985 2809 1039 2867 illa
1057 2807 1094 2866 de
1122 2809 1261 2888 opinione
1277 2816 1305 2866 et

80 2906 185 2968 aientia
196 2910 305 2990 placita
324 2924 352 2971 et
367 2912 526 2972 convenire
544 2927 611 2971 eum
620 2911 779 2970 Platonicis
797 2927 850 2968 nec
861 2929 930 2968 vero
949 2906 1108 2984 rejicienda
1120 2905 1307 2986 philosophis

81 3003 231 3082 uideantur,
241 3009 416 3084 cavendum,
426 3031 463 3068 ne
474 3009 599 3070 Zenonis
613 3006 841 3090 philosophandi
851 3008 993 3065 rationem
1002 3024 1067 3062 cum
1078 3002 1131 3062 illa
1141 3003 1302 3062 confunda·

81 3121 141 3177 mus,
149 3127 232 3184 quam
244 3107 326 3167 Plato
336 3109 497 3188 usurpavit.
521 3110 706 3188 Dogmaticus
717 3107 769 3166 ille
780 3115 855 3164 erat:
865 3103 1021 3183 quaerebat
1030 3101 1158 3180 quidem,
1168 3101 1304 3179 quemad·

81 3201 183 3262 modum
200 3227 251 3285 per
270 3225 370 3264 sensus
387 3208 501 3266 animus
528 3227 624 3265 rerum
652 3206 784 3266 notiones
811 3203 986 3282 susciperet,
1007 3200 1138 3280 quidque
1158 3199 1319 3280 agendum·

81 3315 142 3360 esset
159 3301 287 3378 bomini,
314 3318 346 3364 ut
373 3307 524 3365 seientiam
543 3317 571 3364 et
601 3306 752 3366 ueritatem
780 3311 996 3380 assequeretur5
1030 3299 1133 3358 sedeo
1158 3293 1304 3380 spectabat

81 3402 257 3478 propriatim
277 3402 425 3478 studium,
446 3417 478 3462 ut
497 3402 575 3482 quod
596 3403 651 3484 ipsi
674 3417 776 3463 uerum
795 3414 962 3476 certumque
982 3394 1076 3458 visum
1097 3410 1168 3455 esset
1179 3443 1187 3470 ,
1207 3395 1239 3454 id
1258 3395 1304 3452 lir-

82 3495 154 3556 miter
172 3513 269 3560 tenere
289 3516 374 3582 atque
390 3502 427 3561 ab
447 3501 592 3562 Arcesilae
622 3503 869 3582 scepticorumque
898 3495 1133 3556 dubitationibus
1152 3493 1304 3554 vindicare

82 3609 172 3670 ponet.
212 3601 331 3678 ltaque,
353 3613 385 3660 ut
397 3601 438 3660 ait
457 3601 576 3674 Cicero,
594 3601 669 3677 quod
687 3609 755 3659 erat
773 3615 862 3657 sensu
879 3597 1121 3673 comprehensum
1133 3639 1140 3664 ‚
1153 3594 1188 3649 id
1204 3601 1304 3669 ipsum

81 3709 187 3755 tensum
204 3699 393 3775 appellabat,
413 3709 463 3772 et,
484 3707 511 3758 sa·
529 3705 578 3757 ito
596 3699 673 3757 'mot
690 3697 952 3772 comprehensum,
973 3703 1016 3750 ut
1035 3713 1106 3751 cort
1119 3711 1135 3746 o
1146 3692 1180 3748 cl
1189 3691 1222 3747 la·
1240 3705 1305 3745 ro-

82 3796 185 3851 tione
215 3819 282 3855 non
307 3808 470 3874 posset,
502 3804 672 3856 scientiam.
733 3794 815 3853 Plato
833 3797 901 3855 vero
922 3791 1073 3850 scientiam
1103 3802 1131 3846 et
1154 3789 1304 3848 veritatem

84 3905 134 3946 uon
152 3891 186 3950 ad
204 3896 309 3974 placita
326 3910 355 3956 et
374 3896 541 3971 doctrinas,
561 3894 611 3955 sed
632 3894 671 3954 ad
689 3894 766 3973 ipsas
789 3893 894 3950 mentis
913 3891 1045 3948 notiones
1067 3886 1221 3960 retulerat,
1240 3886 1303 3964 qui·

83 3980 130 4044 bus
144 4003 170 4047 et
186 3993 292 4072 placita
313 4009 341 4054 et
360 3993 509 4055 doctrinas
529 3995 591 4075 ipsa
615 4013 695 4052 mens
715 3989 900 4068 dijudicaret.

88 4170 184 4188 5—-

113 4228 248 4326 1ll'lteuct.
264 4274 324 4326 197.
343 4275 371 4324 l).

113 4347 137 4412 2)
154 4355 212 4408 sor.
232 4360 259 4410 c.

114 4429 138 4494 3)
155 4438 212 4492 eor.
231 4443 283 4496 tes.
304 4447 330 4496 o.
