2872 5122
757 272 813 330 112

171 435 272 493 simum
292 431 398 492 scolion
418 431 448 488 in
467 431 576 490 Atticae
596 430 736 490 libertatis
754 431 1046 507 instaur·atores„hie
1073 431 1222 511 utriusque
1244 432 1381 490 celebrans

171 548 198 592 et
227 529 425 591 fortitudinem
453 544 480 587 et
507 548 653 603 amorem,
677 527 705 610 l)
735 529 786 588 ille
814 530 938 590 Achillis
961 529 1129 611 praedicans
1153 552 1220 596 eum
1246 531 1380 612 praeclara

171 633 317 703 facinora,
336 641 396 688 tum
417 647 537 700 munus,
566 647 622 706 quo
650 648 714 686 eum
743 629 791 686 Dii
819 627 960 704 bearunt,
983 626 1014 708 2)
1037 628 1087 688 sed
1118 630 1265 708 utriusque
1288 631 1380 688 amoris

171 729 337 800 distinctio,
356 739 486 786 accurata
504 726 555 784 illa
575 740 602 785 et
617 746 684 786 vere
695 725 883 806 philosopha,
898 727 993 805 qualis
1003 742 1044 787 est
1054 728 1228 801 Pausaniae,
1248 729 1381 788 Platonica

172 844 212 890 est
231 829 291 888 sive
310 825 461 885 Socratica.
503 825 563 882 Iino
583 824 707 884 verneio
727 823 828 884 dicunt
848 844 962 899 omnes,
987 840 1033 900 ut,
1062 827 1093 884 in
1111 846 1273 886 sermonum
1291 825 1382 885 ordine

172 943 199 987 et
218 924 414 997 successione,
436 920 587 981 succedere
616 921 730 981 sibimet
756 923 882 982 invicem
913 922 1067 984 videantur
1086 926 1245 984 sententiae
1268 925 1384 985 Platoni·

111 1013 117 1028 ⁸
171 1045 240 1097 cae,
260 1021 461 1103 aptissimeque
479 1019 518 1078 ita
538 1033 596 1079 tota
615 1021 776 1100 exponatur
793 1020 959 1101 philosophi
979 1020 1015 1079 de
1034 1043 1128 1082 amore
1148 1021 1290 1084 doctrina.
1329 1024 1384 1096 Quo

142 1121 147 1135 '
173 1121 260 1200 magis
279 1132 388 1179 constat
397 1165 405 1193 ,
426 1115 503 1196 quod
516 1117 635 1177 aliunde
654 1118 721 1176 item
740 1117 891 1199 probabile
906 1133 961 1193 est,
981 1118 1033 1177 diu
1048 1135 1111 1202 post
1127 1119 1289 1178 Phaedrum
1299 1167 1307 1193 ,
1317 1121 1385 1179 hunc

173 1244 188 1280 a
209 1220 326 1279 Platone
348 1216 492 1296 dialogum
510 1215 649 1295 seriptum
669 1236 736 1274 esse.
783 1214 861 1274 Ordo
887 1236 955 1275 sane
980 1217 1030 1275 ille
1048 1216 1253 1298 disputationis
1277 1233 1305 1276 et
1323 1239 1385 1275 con-

173 1334 251 1379 stans
280 1316 332 1374 illa
356 1330 439 1396 atque
467 1313 625 1393 aequabilis
647 1315 822 1394 progressio,
846 1335 917 1392 quae
941 1313 989 1373 hic
1018 1317 1141 1376 occurrit
1165 1330 1192 1375 et
1217 1317 1250 1374 in
1268 1313 1385 1373 Phaedro

174 1416 347 1498 requiritur,
366 1413 515 1492 ingenium
533 1410 630 1492 prodit
647 1410 799 1470 scribendo
819 1412 1023 1488 exercitatum,
1042 1426 1069 1471 et
1089 1433 1175 1488 vero,
1190 1412 1268 1492 quod
1288 1414 1385 1472 utrius-

176 1537 231 1598 que
255 1513 391 1574 dramatis
413 1511 472 1571 vim
498 1523 527 1568 et
553 1510 692 1569 rationem
719 1510 840 1585 attinet,
860 1511 892 1570 in
916 1508 1045 1570 Phaedro
1067 1520 1156 1588 poeta
1177 1511 1320 1585 occurrit,
1345 1509 1385 1589 qui

175 1613 412 1697 philosophatur,
436 1609 468 1666 in
483 1607 631 1688 Symposio
650 1609 857 1685 philosophus,
880 1610 930 1688 qui
955 1608 1166 1690 philosophiam
1183 1610 1262 1691 poesi
1278 1622 1386 1668 exornat

175 1728 204 1773 et
222 1710 373 1771 exhilarat.

216 1808 272 1870 Sed
296 1805 373 1887 quod
394 1804 501 1865 dicitur
525 1803 561 1863 de
584 1804 699 1884 tragicis
723 1804 832 1885 poetis,
850 1801 928 1864 dicta
947 1804 1008 1864 illis
1032 1805 1127 1865 omnia
1151 1805 1298 1881 tribuere,
1327 1824 1387 1885 quae

176 1909 231 1990 ipsi
258 1906 415 1965 tribuerint
432 1903 515 1980 aliis,
538 1923 662 1962 summae
682 1922 739 1960 esse
763 1903 974 1983 perversitatis,
995 1903 1079 1964 nobis
1101 1903 1155 1963 hoc
1183 1905 1251 1988 item
1280 1918 1308 1962 et
1331 1925 1388 1985 per-

176 2026 290 2068 versum
310 2003 427 2066 videtur
447 2016 474 2061 et
494 2023 561 2063 vero
581 2001 699 2061 stultum
706 2025 714 2077 3
735 2000 804 2076 sed,
825 2014 856 2060 ut
873 2014 982 2060 taceam
1000 2002 1171 2076 recentiores
1189 2002 1328 2081 tragicos,
1348 2001 1388 2080 qui

174 2102 385 2187 philosophiam
399 2121 480 2166 suam
499 2100 532 2158 in
546 2121 658 2158 scenam
678 2098 887 2175 traduxerunt,
901 2097 933 2157 id
951 2121 1018 2160 sane
1035 2099 1113 2182 apud
1132 2100 1254 2162 Graecos
1268 2089 1389 2161 lecerunt
1430 2169 1431 2172 ρ

179 2202 368 2285 Epicharmus
392 2213 420 2260 et
447 2197 610 2279 Euripides.
652 2199 780 2272 Quorum
805 2198 854 2257 hic
882 2197 998 2278 quidem
1026 2200 1065 2259 sic
1094 2201 1226 2282 esposuit
1256 2201 1288 2259 in
1317 2217 1389 2258 scena

174 2305 360 2379 Anaxagorae
390 2317 523 2375 suamque
551 2295 731 2372 doctrinam,
752 2311 783 2356 ut
810 2309 874 2378 apte
901 2317 962 2356 eam
987 2318 1024 2356 ex
1052 2301 1113 2376 ejus
1140 2299 1249 2358 fabulis
1277 2295 1389 2358 effecerit

175 2397 395 2460 Valckenarius.
418 2397 586 2476 Opportune
606 2409 699 2454 autem
718 2396 789 2455 mihi
804 2395 904 2456 videor
918 2395 1067 2478 Euripidis
1081 2397 1209 2458 attulisse
1220 2397 1388 2479 exemplum,

175 2496 350 2582 quippelqui
379 2515 446 2576 prae
475 2493 591 2552 caeteris
619 2494 678 2554 vim
703 2495 805 2554 amoris
832 2495 899 2574 puri
927 2509 954 2554 et
983 2494 1112 2554 coelestis
1135 2495 1314 2556 carminibus
1342 2493 1388 2552 suis

174 2596 335 2678 expressit,
356 2595 459 2672 cuique
479 2591 578 2666 Plato,
600 2607 630 2651 ut
647 2594 758 2673 saepius
776 2591 934 2651 identidem
950 2592 1179 2670 observavimus,
1200 2616 1285 2675 quam
1306 2591 1389 2674 pluri·
1429 2583 1430 2600 ¹

176 2717 254 2755 mum
275 2692 385 2752 debuit.
415 2693 486 2750 Nam
506 2691 545 2749 sic
565 2689 601 2750 de
620 2712 712 2750 amore
731 2691 911 2766 existimare,
932 2683 964 2750 ut
981 2691 1108 2752 Socrates
1127 2691 1322 2765 existimavit,
1341 2712 1388 2750 non

175 2792 285 2854 Socrati
304 2792 389 2850 unice
408 2789 555 2871 proprium
570 2803 644 2864 erat,
658 2789 707 2850 sed
726 2790 781 2870 ipsi
800 2787 885 2863 adeo,
898 2810 954 2867 qua
968 2791 1063 2866 visit,
1079 2792 1181 2852 aetati:
1196 2813 1253 2870 quo
1273 2791 1388 2860 factum,

176 2908 207 2952 ut
228 2891 339 2951 mediae
358 2897 504 2966 novaeque
524 2887 684 2948 comoediae
704 2873 854 2968 scriptrices
873 2888 979 2968 pariter
996 2889 1032 2950 de
1052 2911 1145 2948 amore
1162 2889 1388 2970 philosopharea·

176 3007 242 3066 tur,
263 2989 424 3050 Menander
445 2986 506 3048 τῶν
526 2985 662 3065 κωμικῶν
684 2977 901 3068 §permoratur
921 2987 1015 3048 dictus
1035 2989 1080 3048 sit.
1103 2985 1134 3070 3)
1157 2987 1242 3062 Quod
1263 2988 1350 3067 igitur
1364 2986 1388 3042 in

177 3091 284 3150 fabulis
303 3090 434 3149 fecerunt
454 3095 572 3170 poetae,
592 3089 788 3148 dubitabimus
806 3110 876 3146 num
896 3087 971 3146 idem
991 3089 1023 3146 in
1043 3086 1162 3168 dialogis
1181 3085 1281 3146 fecerit
1299 3085 1388 3146 Plato?

166 3183 211 3248 'In
230 3187 369 3268 dialogis,
389 3187 505 3267 inquam
516 3233 525 3262 ‚
546 3189 612 3266 qui,
632 3188 764 3267 quamvis
782 3185 957 3245 dramatibus
976 3185 1100 3260 similes,
1120 3186 1175 3243 imo
1193 3183 1249 3266 ipsi
1273 3183 1389 3243 dramata

176 3287 320 3363 vocandi,
340 3287 470 3367 proxime
490 3300 584 3346 tamen
604 3284 641 3346 ad
668 3283 882 3368 philosophicas
909 3282 1053 3344 referendi
1081 3299 1148 3343 sunt
1174 3281 1387 3362 disquisitiones.

181 3459 432 3474 μ-α--η--ιυ-οι

210 3554 556 3649 1)8ρωρ.182.0.ἔργῳ
578 3559 613 3624 δὲ
633 3559 721 3623 τοῦτο
748 3555 865 3640 ἔμαθον
885 3557 933 3620 καὶ
954 3555 982 3620 οἱ
1003 3552 1112 3621 ἐνθάδε
1134 3553 1277 3640 τύραννοι·
1301 3551 1321 3622 o‘
1340 3553 1387 3640 ysip

176 3659 415 3746 Ἀριστογεὴονος
436 3658 511 3747 ἔρως
537 3664 585 3726 καί
611 3659 632 3746 η’
657 3658 816 3746 Ἁρμοδίου
843 3657 925 3743 φιλία
948 3654 1065 3741 βέβαιος
1089 3657 1227 3746 γενομένη
1249 3657 1388 3724 κατέλυσεν

176 3762 275 3830 αδτων
295 3761 359 3850 τῆν’
373 3761 478 3851 α’ρχήν.
549 3793 552 3808 ·

207 3886 237 3953 ’2)
255 3889 337 3954 Symp.
359 3883 575 3936 179,Ε.18(1,Β.
593 3862 691 3948 ὥσπερ
712 3861 846 3948 Ἀχιλλέα
866 3861 919 3926 adr
938 3863 994 3947 τῆς
1014 3862 1137 3941 Θέτιδος
1156 3863 1222 3930 vida
1244 3865 1387 3950 ἐτίμησαν,

176 3972 228 4034 καὶ
248 3974 288 4047 εἰς
308 3963 451 4056 μακάρων
471 3969 576 4057 νήσους
597 3965 780 4050 ἀπέπεμψαν.
796 4008 835 4016 -
858 3961 910 4029 τδν
931 3962 1063 4048 Ἀχιλλέα
1084 3969 1124 4044 εἰς
1139 3964 1282 4053 μακάρων
1294 3963 1387 4052 νήσους

180 4072 414 4157 ἀποπέμψαντες.
437 4087 541 4138 Scolion
560 4091 649 4134 autem,
662 4082 725 4134 haec
745 4080 837 4133 habet:

392 4205 396 4216 ·
458 4168 580 4258 φίλταθ’
599 4165 740 4254 Ἁρμόδι’,
763 4168 798 4234 oli
817 4170 848 4234 τί
866 4197 923 4234 που
943 4170 1101 4257 τέθνηκας,

459 4270 557 4358 νήσοις
578 4271 605 4336 δ
626 4273 658 4336 ἓν
677 4267 818 4354 μακάρων
839 4272 873 4336 σε’
894 4297 981 4357 φασιν
1002 4269 1084 4352 εἶναι,

535 4375 584 4441 ἵνα
605 4400 658 4460 περ
679 4369 816 4458 ποδώκης
836 4373 965 4458 Ἀχιλῆος
988 4417 1024 4428 -

213 4486 239 4550 3)
258 4489 312 4540 vit.
334 4501 410 4554 supra
430 4501 453 4551 p
471 4481 505 4534 63
532 4481 578 4564 θλ·
591 4481 665 4533 Febr.
683 4480 746 4532 But.
764 4481 809 4532 dr.
831 4481 863 4532 ΙΙ.
882 4479 915 4529 22
