2872 5122
660 252 697 312 71

72 417 173 476 comedi
180 419 327 490 furorem
343 416 513 474 hominibus
529 436 549 472 c
566 413 640 476 ltro
658 417 699 474 cd
711 424 877 476 marimum
895 438 997 476 eorum
1007 419 1197 494 felicitatem
1212 423 1293 482 deri.

72 517 122 575 Nos
139 535 204 574 vero
222 512 409 573 subsistamus
427 514 476 573 hie
495 513 652 594 paulisper.

132 709 245 770 Divino
261 717 375 786 impetu
394 717 505 786 optimo
525 730 656 788 quaeque
674 709 879 768 inhominem
895 733 1005 791 genere
1022 720 1225 772 restiterunt:

484 810 519 868 de
546 799 730 868 ἑνθοοσιάσα
755 817 876 869 amorio.

106 1007 173 1066 Nam
189 1004 267 1083 quod
286 1003 370 1064 modo
388 1003 424 1064 de
449 1006 761 1087 Pythiamemoravit,
783 1005 923 1084 ejusmodi
948 1018 1008 1080 est,
1029 1018 1062 1064 ut
1088 1020 1213 1066 mentem
1240 1028 1298 1068 no-

72 1119 148 1164 suam
164 1117 252 1163 totam
269 1101 410 1164 advertat.
452 1105 542 1164 Multi
572 1106 613 1164 sic
643 1105 732 1188 loqui·
752 1103 797 1163 de
818 1103 943 1162 oraculis
962 1103 1074 1178 solent,
1103 1105 1184 1182 quasi
1203 1119 1295 1169 totum

21 1259 24 1274 ,
73 1203 205 1281 negotium
217 1200 371 1270 fraudibus
386 1201 576 1262 tribuendum
591 1203 628 1262 sit
644 1202 839 1276 sacerdotum,
853 1203 904 1280 qui
919 1200 1066 1282 Pythiam,
1084 1203 1181 1282 nescio
1196 1225 1296 1283 quam,

72 1297 267 1372 furibundam,
290 1299 351 1358 si've
377 1298 560 1359 simulantem
579 1295 705 1360 fuiorem
725 1298 841 1380 populis
859 1299 1079 1380 proposuerint:
1102 1321 1158 1377 quo
1186 1302 1299 1366 scilieet

73 1399 150 1477 magis
167 1397 222 1476 ipsi
240 1394 361 1454 consilia
380 1396 551 1476 perlicerent
573 1419 623 1457 sua
643 1397 748 1458 divini
771 1398 950 1457 auctoritate.
992 1398 1071 1470 Quae
1092 1398 1219 1478 vulgaris
1241 1400 1297 1460 ho-

72 1498 172 1554 minum
190 1493 332 1552 sententia
351 1514 405 1552 nec
425 1516 441 1552 a
464 1496 556 1575 poetis
582 1495 737 1576 probatur,
759 1497 810 1575 qui
829 1481 981 1574 Pythiam,
1002 1493 1163 1574 Sibyllam,
1190 1497 1298 1558 similes

74 1608 159 1668 vates,
182 1610 214 1654 ut
228 1585 366 1664 ἐνθέους,
387 1593 446 1662 Deo
461 1592 563 1673 plenas
581 1593 746 1662 celebrant:
765 1606 794 1652 et
813 1594 956 1652 refutatur
973 1591 1061 1673 plane
1077 1593 1195 1672 antiqua
1209 1595 1297 1655 Grae·

73 1712 159 1750 corum
177 1692 316 1768 histonii,
334 1693 367 1751 in
385 1712 440 1770 qua
464 1690 564 1750 eadem
588 1691 640 1750 illa
663 1691 768 1772 Pythia
792 1691 868 1750 rexit
887 1691 974 1773 plane
998 1711 1042 1749 res
1060 1690 1242 1754 Graecorum.
1268 1692 1298 1775 1)

72 1787 180 1850 Scilicet
196 1791 296 1870 negari
315 1790 434 1867 nequit,
460 1787 576 1847 fraudes
596 1811 679 1870 saepe
699 1789 860 1848 commissas
879 1809 937 1848 esse
956 1788 1110 1869 posteriore
1138 1791 1171 1848 in
1197 1792 1298 1872 primis

71 1901 172 1963 aetate,
189 1910 221 1948 ec
242 1889 330 1948 fuisse
349 1886 427 1967 apud
446 1885 588 1962 Graecos,
610 1901 642 1946 ut
660 1886 739 1968 apud
765 1886 863 1946 nullos
882 1907 942 1945 non
960 1887 1099 1968 populos,
1123 1887 1208 1948 falsos
1228 1911 1297 1971 pro-

71 1986 179 2066 phetas,
198 1989 249 2068 qui
269 1987 393 2046 afflatum
420 1985 590 2044 simularent
614 1984 768 2060 divinum,
790 1987 845 2066 ipsi
872 1985 1011 2064 frigerent
1037 1987 1100 2045 auri
1127 1986 1295 2067 cupiditate.

72 2087 105 2144 At
120 2107 184 2145 tero
204 2086 247 2144 uti
265 2083 345 2168 apud
362 2083 482 2163 tragicos
501 2084 626 2142 occurrit
644 2083 823 2159 Cassandra,
842 2079 875 2163 2)
893 2081 972 2163 apud
991 2083 1148 2163 Virgilium
1167 2082 1296 2165 Sibylla,

73 2183 108 2240 sic
133 2184 258 2263 profecto
287 2181 408 2262 Delphis
436 2180 596 2259 aliquando
620 2182 732 2262 politico
754 2181 850 2241 afflatu
870 2181 974 2262 agitata
992 2183 1049 2240 fuit
1066 2181 1179 2261 Pythia.
1230 2185 1295 2244 Car·

73 2282 141 2340 mina
153 2279 281 2340 'canebat
298 2281 378 2361 ipsa,
400 2294 428 2340 et
447 2293 523 2338 totus
541 2278 594 2338 ille
613 2279 692 2339 loeus
712 2279 791 2360 poesi
808 2279 896 2360 plane
913 2278 1096 2359 congruebat.
1138 2280 1213 2340 Ludi
1233 2281 1296 2343 illic

74 2379 204 2438 celebrari
223 2378 354 2438 solebant
368 2378 515 2458 gymnici,
537 2391 569 2436 ut
577 2377 747 2459 Olympiae,
769 2379 909 2454 Nemeae,
932 2379 965 2437 in
980 2377 1087 2436 Isthmo
1103 2379 1302 2456 Corinthiaco,

75 2478 118 2536 sed
142 2477 204 2536 illic
233 2478 266 2535 in
291 2477 393 2558 primis
421 2483 540 2535 musici.
592 2476 653 2535 lmo
679 2498 748 2536 vero
771 2477 804 2536 in
823 2477 933 2548 vicinia
952 2490 1012 2536 erat
1031 2497 1112 2535 mons
1130 2478 1296 2554 Parnassus,

76 2573 144 2634 sedes
160 2575 329 2650 Musarum,
349 2573 386 2634 ab
406 2573 540 2634 omnibus
569 2573 730 2634 celebratus
750 2575 842 2634 omnis
870 2575 934 2635 aevi
962 2576 1064 2656 poe'tis.
1085 2571 1118 2656 3)
1139 2576 1197 2634 Nec
1226 2577 1297 2637 sinit

77 2693 118 2731 nos
133 2672 265 2732 dubitare
285 2672 393 2732 dehac
414 2693 444 2730 re
464 2673 608 2732 sententia
628 2673 773 2748 Platonis,
793 2673 960 2754 gravissima
975 2695 1043 2732 sane
1063 2687 1091 2732 et
1110 2673 1296 2734 evidentissi-

76 2791 111 2830 uc
127 2771 288 2830 enunciata.
310 2771 381 2830 Nam
395 2769 473 2852 quod
493 2768 529 2828 de
551 2771 642 2851 poetis
661 2772 856 2851 pronunciat,
874 2770 952 2830 idem
971 2770 1123 2830 contendit
1141 2753 1177 2830 de
1192 2773 1296 2890 Pythia

77 2869 261 2948 similibusque
286 2869 422 2949 poetriis:
452 2870 586 2952 μανεῖσαι
612 2864 669 2947 μὲν
694 2863 787 2930 πολλοὶ
809 2862 849 2950 δη
870 2867 919 2930 καὶ
940 2863 1013 2929 καλοὶ
1034 2865 1097 2953 ἰδία
1117 2867 1218 2932 τεκαὶ
1240 2871 1297 2953 tq

78 2965 154 3053 μοσίρ
173 2962 228 3049 τήν
247 2960 370 3028 Ἑλλάδα
390 2963 573 3052 εἰργάσαντο·
596 2971 802 3055 σωφρονοῦσαι
825 2968 875 3047 δὲ,
899 2965 1031 3052 βραχέα,
1052 2965 1074 3052 ἢ
1095 2965 1232 3054 cithu)
1249 2976 1297 3035 Sic

78 3072 142 3148 polsi
169 3071 330 3131 intercessit
359 3071 519 3150 antiquitus
548 3094 612 3132 cum
641 3074 760 3156 politica
788 3074 975 3153 conjuncti03
1014 3074 1174 3133 intercessit
1203 3087 1297 3133 eutem

79 3171 189 3247 pariter,
226 3167 306 3248 qnod
341 3157 390 3227 htc
427 3169 513 3229 nobis
542 3171 851 3247 animadvertendum,
888 3194 954 3232 cnm
983 3171 1174 3254 philosophia.
1225 3173 1297 3231 Nam

80 3267 111 3326 sic
126 3289 213 3348 pono.
233 3267 307 3327 dicit
325 3265 361 3326 de
380 3287 474 3327 amore
494 3270 640 3344 Socrates,
669 3271 709 3329 sic
729 3271 821 3330 Deum
839 3271 965 3331 celebrat
985 3269 1103 3330 sublimi
1128 3269 1296 3350 palinodia,

82 3378 106 3422 ut
129 3368 185 3448 ipse
211 3363 365 3439 videatur,
395 3365 472 3426 vatis'
496 3369 607 3444 instar,
633 3367 737 3430 divino
761 3369 856 3429 afflatu
881 3370 1014 3450 agitatus.
1054 3366 1155 3442 Θεῖος,
1181 3368 1296 3448 inquit,

83 3453 155 3524 hotv
184 3456 202 3526 ri
233 3451 328 3536 τόσος
345 3454 442 3559 ‘altor‘
469 3465 592 3527 divinus
625 3469 758 3538 videtur
781 3469 830 3526 hic
865 3469 946 3527 locus
975 3492 1055 3529 esee:
1083 3470 1163 3530 haud
1192 3471 1297 3530 mirum

108 3641 129 3708 1)
143 3618 229 3698 hfonui
247 3644 296 3696 hoc
309 3643 342 3694 de
359 3659 388 3694 re
403 3644 429 3693 in
446 3643 530 3694 Dian.
541 3644 570 3694 io
585 3644 697 3696 civitates
710 3643 839 3711 ααιίᾳασο,
857 3644 1115 3696 commentationibus
1130 3645 1226 3696 inserte
1241 3653 1297 3696 ter-

85 3728 122 3779 tine
140 3731 228 3782 elassis
247 3728 328 3780 lustit.
343 3727 417 3796 Belg.
433 3729 465 3776 11.
479 3744 504 3794 p.
520 3725 562 3779 20.

110 3812 131 3878 2>
148 3815 199 3868 Cic.
211 3815 331 3868 deffinire.
345 3813 364 3864 l.
381 3811 423 3864 31.

111 3898 231 3970 31Εονίρ.
248 3900 315 3951 lone.
330 3897 372 3950 82.
391 3906 417 3949 et
436 3899 539 3964 passim.
582 3955 587 3966 ι

112 3984 133 4050 l)
149 3987 198 4040 Cic.
216 3989 246 4039 de
267 3986 351 4037 Dicin.
373 3983 392 4034 l.
417 3982 457 4034 18.
475 3981 517 4034 19.
536 3982 576 4034 31.
594 3957 635 4034 37.
653 3991 680 4034 et
697 3983 755 4036 loca
769 3992 886 4037 veterum
904 3985 1018 4038 nDcvc's.
1038 3986 1121 4038 allata.
1140 3987 1215 4039 Adde
1232 3989 1298 4042 Plan

92 4075 213 4133 ltnoeolf.
224 4081 258 4133 -.E
276 4063 376 4131 ἱαανον
403 4064 439 4129 δὲ
464 4071 601 4150 σημεῖον,
624 4061 666 4142 οἷς
689 4091 831 4151 μαντικην
852 4064 1007 4157 ἀφροσύνῃ
1028 4065 1102 4146 θεας
1123 4065 1299 4160 ἀνθρωπίνῃ

92 4161 208 4234 δέδωκεν·
239 4167 336 4245 οὐδεὶς
365 4165 422 4254 γοῖρ
455 4163 552 4244 ἐ’ννοσς
584 4164 744 4252 ἐφάπτεται
774 4172 916 4253 μαντικῆς
946 4168 1053 4236 ἐνθέου
1083 4173 1132 4235 καὶ
1157 4169 1299 4255 ἀληθοῦς.

93 4272 133 4330 hnc
151 4284 206 4336 iren
227 4286 355 4394 pertinet
365 4297 380 4336 ο
409 4267 533 4348 παλαιος
557 4272 673 4353 μῦθος,
702 4300 777 4352 quern
799 4293 925 4337 memorat
950 4285 1023 4338 Plato
1046 4287 1076 4336 de
1099 4285 1169 4352 Lepg.
1193 4284 1249 4336 719.
1269 4285 1298 4342 9.

95 4357 129 4428 du
144 4397 273 4459 ποιητης,
295 4369 408 4438 οπόταν
429 4373 461 4437 ἐν
481 4397 524 4462 τρο
514 4373 694 4459 ’τρίποδι
719 4373 784 4456 τῆς
808 4368 937 4458 Μούσης
963 4369 1197 4454 καθίζηται,’
1159 4398 1226 4436 τοτε
1248 4370 1299 4438 orit

96 4459 231 4558 ἔμφρον’
215 4477 309 4555 εστὶν,
331 4470 393 4542 οἷον
413 4474 449 4540 δὲ
469 4471 561 4562 κρήνη
583 4501 627 4553 τις
647 4501 682 4540 το
707 4470 790 4538 ἔπιον
809 4473 869 4560 ρεῖν
890 4473 1073 4562 ἓτοίμως’
1036 4497 1080 4536 ec.
