2898 5120
723 278 783 338 492

139 462 204 524 tur,
225 447 324 509 eadem
353 445 453 527 opinio
479 445 555 504 inest
561 445 697 524 ,quibus
726 445 839 504 deferre
869 443 1050 524 potissimum
1079 443 1230 524 imperium
1253 441 1353 515 deceat,

140 550 172 606 in
195 495 254 606 bac
279 544 356 604 illud
385 556 480 602 nostra
509 543 686 603 aderitl-
717 544 754 601 Et
783 542 907 600 maxime
937 541 1065 619 quidem
1087 577 1122 587 -
1142 542 1254 615 Quibus
1282 542 1355 620 igitur
1426 551 1427 636 q

137 644 289 705 civibus'
282 662 373 702 inesse
392 641 620 752 temperantiam
650 639 747 714 dices,
777 638 920 718 siquidem
951 640 990 699 ita
1021 661 1050 698 se
1077 639 1221 713 babeant,
1249 641 1298 713 iis,
1316 641 1356 717 qui

139 755 261 821 regunt,
290 763 327 800 an
357 761 443 816 vero,
476 740 526 819 qui
558 740 775 819 regunturl—
795 738 999 815 Utrisque-
1020 739 1123 797 Cernis
1152 739 1260 817 igitur,
1287 757 1357 816 quam

138 854 204 920 apte
223 839 373 900 vaticinati
397 840 504 912 simus,
533 838 699 898 harmoniae
719 837 836 896 cuidam
857 856 916 895 esse
935 834 1058 895 similem
1086 839 1302 917 temperantiam
1319 835 1357 893 di-

139 938 439 997 nearest—Curr-
451 937 526 1010 Quia
543 958 602 996 non
613 982 621 1010 ‚
642 937 739 1017 prouti
760 936 901 1015 sapientia
924 948 952 992 et
972 932 1130 1007 tortitudo,
1152 955 1225 1013 quae
1245 933 1358 1014 partibus

49 1031 56 1038 ’
140 1036 240 1094 insunt
251 1035 378 1094 civitatis
389 1048 473 1113 atque
489 1037 528 1095 ita
540 1056 601 1094 eam
612 1055 678 1093 cum
689 1035 849 1114 sapientem
868 1046 929 1092 tum
951 1034 1053 1092 fortem
1073 1030 1226 1106 efficiunt,
1248 1035 1286 1090 ita
1303 1031 1359 1089 haec

138 1153 200 1191 eam
227 1145 434 1211 temperantem
463 1132 579 1207 reddit,
609 1131 659 1192 sed
686 1154 738 1213 per
769 1153 831 1190 eam
860 1144 948 1190 totam
966 1131 1152 1210 singulasque
1173 1132 1236 1206 ejus
1261 1143 1359 1210 partes,

138 1245 275 1307 tanquam
302 1229 442 1304 chordas,
463 1230 585 1305 diffusa,
606 1229 714 1304 efficit,
737 1244 769 1289 ut
798 1232 829 1289 in
858 1230 937 1289 idem
965 1228 1123 1289 debiliores
1148 1227 1296 1300 homines,
1317 1228 1360 1285 lor·

138 1329 282 1406 tioresque
305 1341 333 1386 et
361 1326 469 1403 medii,
500 1328 677 1411 prudentia,
707 1329 855 1410 potentia,
877 1327 1085 1400 multitudine,
1107 1326 1243 1407 pecuniis
1261 1326 1324 1383 item
1341 1338 1362 1382 et
1427 1327 1428 1352 ³

138 1427 242 1504 quavis
260 1426 316 1486 alia
345 1447 375 1484 re
404 1427 580 1487 concinant:
612 1419 688 1487 ὥστε
715 1420 863 1504 ὀρθότατ’
885 1422 922 1488 dr
944 1428 1069 1506 φαῖμεν,
1091 1419 1206 1503 ταύτην
1226 1417 1281 1501 τήν
1300 1415 1361 1500 ὁμό-

138 1546 218 1584 νοιαν
252 1519 500 1606 σωφροσύνην
521 1519 611 1602 εἶναι,
637 1522 771 1608 χείρονός
796 1552 827 1590 τε
848 1529 898 1592 καὶ
920 1523 1072 1607 ἀμείνονος
1093 1521 1169 1588 nacci
1190 1520 1281 1606 φύσιν
1300 1523 1362 1602 ξομ-

138 1625 268 1707 φωνοάν,
286 1621 428 1710 ὁπότερον
443 1628 492 1689 δεῖ
509 1623 613 1709 ἄρχειν
633 1630 682 1691 καὶ
703 1629 734 1692 ἒν
756 1625 838 1692 πόλει
859 1631 908 1692 καὶ
930 1630 962 1692 ἒν
982 1623 1170 1716 beitendorp·
1195 1636 1362 1704 quapropter

138 1736 305 1788 rectissime
341 1740 489 1807 possimus
530 1733 609 1790 brena
635 1744 810 1796 concentum
841 1739 1176 1811 temperantiam
1205 1729 1361 1806 appellare,

137 1829 299 1887 deteriores
317 1838 346 1887 et
365 1831 505 1889 melioris·
519 1833 682 1890 seeundum
702 1842 849 1890 naturam
870 1839 1108 1903 consensionem,
1129 1839 1237 1886 utram
1249 1846 1362 1905 regnare

138 1936 290 2004 operteat,
308 1949 376 1984 eum
393 1935 428 1985 in
443 1936 584 2003 civitate,
605 1938 670 1987 tam
693 1938 726 1988 in
749 1952 923 2008 unaqueque
943 1931 1069 1988 bomine.
1091 1955 1126 1965 -
1146 1926 1194 1984 sic
1217 1926 1285 1983 item
1302 1921 1360 1980 mibi

139 2022 293 2084 videtur.»
320 2023 349 2104 l)

179 2123 254 2180 Tum
281 2121 411 2183 Socrates
442 2140 524 2185 «esto
553 2125 660 2206 igitur,
690 2127 808 2204 inquit,
832 2126 886 2184 tria
908 2126 969 2202 jam
989 2123 1073 2183 nobis
1102 2123 1134 2182 in
1165 2123 1283 2181 civitate
1302 2137 1361 2176 com·

139 2222 219 2299 perta
250 2235 335 2295 sunt,
367 2235 399 2279 ut
427 2241 463 2280 ex
490 2221 537 2281 bis
564 2237 702 2304 apparet,
736 2224 881 2304 reliquum
911 2235 1008 2280 autem
1038 2223 1186 2301 negotium
1205 2217 1299 2291 illud,
1317 2233 1361 2292 quo

137 2330 283 2396 praeterea
309 2319 426 2379 virtutis
453 2322 597 2402 particeps
623 2323 660 2380 sit
677 2323 798 2397 civitas,
819 2321 966 2400 quoduam
986 2321 1066 2379 erit?
1110 2319 1280 2377 Jnetitiam
1298 2332 1360 2380 esse,

139 2427 237 2493 patet,
258 2416 290 2472 ni
308 2415 404 2474 fallor.
425 2450 460 2460 -
480 2419 587 2478 Patet.»
612 2417 644 2497 2)
684 2420 740 2478 Hic
758 2434 856 2500 'autem
879 2418 931 2476 ille
954 2440 1019 2477 cum
1041 2414 1293 2484 adolescentibus,
1311 2409 1360 2490 pari

139 2532 205 2570 cum
235 2513 297 2592 ipso
325 2512 521 2573 inveniendae
544 2516 675 2592 justitiae
691 2516 796 2576 ardore
816 2517 930 2590 ductis,
952 2517 993 2574 rei
1023 2516 1105 2593 quasi
1128 2514 1307 2574 venationem
1324 2509 1361 2564 in·

139 2611 243 2670 stituit.
286 2611 446 2671 Audiamus
465 2633 530 2670 eum
552 2634 647 2693 porro.
687 2674 692 2682 ,

247 2807 416 2866 Ubinam
444 2793 610 2866 tandem
636 2817 678 2867 in
708 2817 896 2867 civitate
917 2816 1110 2885 justitia
1140 2806 1276 2865 latet?

183 3002 282 3082 «Ergo
311 3015 423 3083 oportet
451 3024 521 3077 nos,
551 3004 611 3078 ait,
638 3003 771 3078 Glauco,
792 2983 930 3082 tanquam
963 3014 1115 3062 venatores
1145 2999 1302 3080 quosdam,
1320 2999 1363 3056 eir·

140 3101 283 3160 cumcirca
308 3101 429 3181 cespites
466 3121 594 3180 ponere,
625 3103 910 3182 circumspicientes,
943 3121 979 3159 ne
1010 3121 1066 3178 qua
1095 3119 1132 3156 ex
1161 3114 1243 3178 parte
1267 3099 1364 3176 justitia

140 3196 331 3276 subterfugiat
359 3211 443 3276 atque
471 3219 646 3259 evanescens
677 3201 765 3258 lateat
794 3221 855 3259 nos.
874 3253 879 3261 ,
898 3201 978 3257 Patet
1006 3197 1104 3271 enim,
1137 3195 1187 3254 hie
1215 3217 1275 3255 eam
1301 3215 1364 3253 esse:

141 3293 210 3354 vide
238 3295 327 3372 igitur
353 3307 381 3353 et
410 3295 572 3374 conspicari
597 3299 751 3373 annitere,
783 3298 806 3356 si
838 3298 910 3356 forte
939 3311 970 3356 tu
997 3296 1097 3376 prius,
1118 3316 1204 3373 quam
1228 3315 1295 3374 ego,
1315 3311 1364 3349 eam

139 3411 240 3450 cernas
270 3391 399 3469 mihique
428 3389 550 3451 indices.
572 3395 748 3454 -Utinam
775 3416 843 3454 vero
868 3401 996 3475 possem!
1044 3394 1089 3451 Tu
1108 3406 1204 3452 autem
1221 3414 1266 3451 me
1285 3390 1367 3472 potius

140 3503 173 3548 ut
191 3490 294 3548 comite
315 3489 420 3563 uteris,
442 3491 492 3569 qui
518 3505 545 3550 et
575 3513 677 3571 sequar
704 3507 731 3551 te
761 3507 789 3551 et
817 3513 890 3572 quae
908 3493 1113 3554 monstraveris
1132 3492 1297 3574 conspicere
1314 3507 1366 3568 pos·

138 3589 203 3648 sim.
224 3633 259 3643 -.
278 3588 403 3667 Sequere
422 3588 529 3668 igitur,
551 3604 684 3669 precatus
706 3611 873 3650 mecum-
892 3589 1028 3650 Faciam:
1050 3604 1082 3649 tu
1097 3587 1182 3648 modo
1197 3588 1274 3662 duc,
1294 3606 1365 3666 quae·

139 3707 181 3747 so.
211 3713 246 3724 -
273 3686 412 3747 Difficilis
441 3707 510 3745 sane
540 3687 611 3745 mibi
641 3688 690 3747 hie
717 3689 797 3748 locus
827 3687 945 3749 videtur
973 3704 1001 3749 et
1031 3689 1199 3747 umbrosus:
1232 3699 1274 3745 est
1292 3684 1366 3765 plane

139 3784 278 3844 obscurus
297 3798 325 3843 et
344 3784 607 3866 imperscrutabilis
618 3810 626 3861 ;
649 3802 838 3847 veruntamen
861 3786 1116 3867 progrediendum.
1135 3822 1170 3831 —
1189 3782 1366 3864 Progredieu·

138 3881 210 3940 dum
237 3884 365 3944 omnino.
383 3912 421 3959 ‘·.
436 3885 481 3945 Io!
505 3884 550 3944 io!
583 3884 751 3960 oGlauco,
773 3887 926 3966 vestigium
945 3885 1080 3945 videmur
1099 3881 1246 3962 quoddam
1264 3895 1367 3946 tenere,

141 4002 195 4060 nec
224 3981 338 4059 effugiet
366 4004 418 4042 nos
446 3983 544 4059 illud,
575 3981 653 4061 quod
681 3984 854 4061 quaerimus.
876 3983 1010 4044 -Bene
1040 4003 1148 4042 mones.
1169 4022 1205 4030 -
1225 3979 1368 4038 Enimvero

128 4079 260 4140 -stultum
290 4080 376 4159 plaue
406 4084 552 4160 negotium
584 4081 638 4140 hoc
671 4095 810 4142 nostrum.
832 4110 866 4120 -
887 4081 967 4156 Quid
998 4079 1101 4140 istud?
1122 4107 1156 4116 -
1175 4078 1239 4137 Jam
1269 4073 1367 4156 pridem

176 4354 201 4418 r>
221 4359 257 4424 aa
275 4359 336 4426 nep.
355 4357 396 4407 rv.
416 4355 474 4408 reo.
494 4357 523 4410 c.
544 4389 574 4399 -.
594 4355 652 4409 aaa.
672 4357 701 4408 r.

176 4440 208 4504 a)
227 4442 288 4492 au.
308 4441 365 4492 rsa.
386 4441 417 4493 e.
