2898 5120
744 273 804 343 506

148 453 267 506 vicerit.
290 443 320 526 1)
360 444 567 526 Exspectamus
597 445 669 506 binc
700 447 807 523 focile,
830 445 980 530 politicam
996 443 1135 526 deinceps
1154 445 1288 528 princeps
1309 447 1378 506 iutu-

147 563 288 602 ramesse
308 541 457 602 scribendi
477 558 697 623 argumentum:
725 559 752 606 et
779 563 847 608 vero
857 592 866 621 ,
892 558 1042 626 postquam
1063 543 1096 602 in
1116 543 1262 624 principio
1278 543 1377 624 dialogi

146 639 244 722 Scipio
268 661 334 699 cum
359 639 479 716 amicis,
510 644 561 720 qui
587 641 790 719 advenerant,
820 643 965 703 Socratica
992 641 1105 700 radone
1130 639 1169 700 de
1198 643 1379 719 utroqueillo

145 737 223 813 sole,
253 737 460 816 mittendisque
489 740 629 800 inanibus
658 740 695 799 de
725 743 807 801 coelo
836 739 1086 821 quaestiunculis,
1117 758 1150 797 ac
1179 739 1379 818 pertractandis

144 834 231 895 rebus
258 836 413 910 humanis,
440 835 661 914 disseruerunt,
687 841 817 918 quaestio
844 839 985 900 continuo
1015 838 1177 910 excitatur,
1199 836 1266 914 quis
1285 837 1322 896 sit
1337 858 1378 917 op

143 934 232 994 timus
259 933 387 994 civitatis
415 949 514 995 status.
560 935 777 1016 Quamobrem,
804 939 845 998 eit
873 937 1007 1011 Laelius,
1029 945 1066 993 at
1091 936 1148 994 bae
1168 937 1279 1010 semaa
1307 939 1379 996 nolis

143 1033 184 1090 ad
199 1033 379 1091 utilissimos
397 1035 580 1112 reipublicae
600 1057 749 1095 sermones
764 1044 955 1113 potissimum
974 1037 1197 1110 conserantur,
1219 1032 1378 1110 Scipionem

141 1151 300 1210 rogemus,
328 1140 365 1188 ut
393 1133 539 1208 caplicet,
570 1151 656 1208 quem
672 1141 836 1204 2ecc'etimet
856 1155 917 1194 ecce
937 1141 1082 1211 optimum
1103 1141 1219 1190 statum
1240 1139 1377 1190 civitatis.

93 1257 95 1262 ·
141 1226 262 1287 Deinde
282 1230 348 1287 alia
371 1251 563 1308 quaeremus.
593 1231 626 1311 2)
666 1233 729 1292 Hoc
758 1234 848 1312 igitur
864 1233 1005 1292 continuo
1024 1243 1053 1288 et
1071 1229 1205 1310 Scipioni
1224 1241 1254 1288 ct
1272 1230 1379 1290 cacteris

98 1379 107 1386 ,
140 1325 234 1384 solum
256 1340 299 1386 est
325 1326 489 1387 disserendi
514 1345 734 1409 argumentum:
757 1344 933 1412 quapropter
953 1329 1079 1409 primum
1090 1373 1099 1403 ,
1118 1325 1191 1406 quid
1210 1326 1248 1385 sit
1267 1327 1378 1400 civitas,

139 1421 249 1484 deinde
276 1438 346 1504 quot
373 1445 479 1506 genera
507 1427 659 1488 civitatum
687 1429 765 1504 sint,
786 1442 868 1504 tum,
897 1426 976 1506 quod
1004 1427 1129 1484 maxime
1155 1437 1307 1506 spectant,
1323 1425 1379 1503 quis

139 1522 266 1604 optimus
295 1523 334 1582 sit
362 1525 492 1585 civitatis
520 1537 627 1602 status,
656 1541 810 1605 quaerunt.
853 1528 887 1586 ln
911 1523 1018 1606 quibus
1037 1523 1219 1584 sermonibus
1237 1522 1378 1584 tradendis

139 1621 256 1695 Cicero,
285 1622 417 1699 quamvis
451 1623 587 1684 universe
617 1624 767 1684 Platonem
793 1639 908 1685 secutus
937 1636 998 1698 est,
1027 1622 1081 1681 illo
1104 1633 1203 1680 tamen
1232 1620 1315 1696 loco,
1334 1620 1378 1680 ulti

138 1716 175 1776 de
191 1717 343 1779 civitatum
360 1718 517 1800 generibus
534 1741 571 1780 ac
590 1720 627 1780 de
644 1723 753 1804 optima
772 1722 892 1782 civitate
918 1721 996 1800 agit,
1018 1741 1106 1779 unam
1122 1719 1252 1778 maxime
1270 1717 1375 1798 Polybii

137 1817 312 1875 sententiam
337 1819 470 1898 exponit.
511 1821 577 1894 Quo
597 1832 701 1900 sponte
728 1819 767 1880 ad
794 1817 974 1901 reipublicae
994 1821 1139 1878 Romanae
1159 1817 1377 1898 descriptionem

137 1915 283 1994 pervenit,
336 1917 409 1975 Nam
437 1916 597 1998 Polybius,
628 1931 660 1976 ut
689 1937 704 1976 e
733 1918 806 1978 sexti
835 1917 907 1976 libri
938 1916 1109 1996 fragmentis
1133 1927 1233 1996 patet,
1264 1916 1297 1976 in
1322 1916 1375 1996 ipsa

137 1997 332 2071 Romanorum
360 2015 480 2074 civitate
509 2016 612 2096 optimi
641 2029 731 2076 status
760 2015 925 2097 exemplum
944 2016 1083 2096 reperisse
1102 2013 1159 2073 sihi
1181 2014 1264 2074 visus
1283 2013 1374 2072 luerat

135 2109 224 2170 Hunc
255 2111 345 2191 igitur
371 2112 403 2171 in
433 2111 515 2172 bisce
544 2127 660 2176 secutus
688 2115 809 2189 Cicero,
838 2133 904 2172 cum
932 2114 1057 2172 mixtum
1083 2112 1242 2192 imperium
1267 2110 1375 2170 caeteris

135 2208 265 2269 civitatis
291 2209 448 2290 generibus
474 2213 623 2292 praefert,
649 2225 711 2272 tum
741 2212 838 2272 locum
866 2211 953 2270 illum
982 2211 1019 2270 de
1040 2214 1186 2272 Romanae
1205 2209 1375 2292 reipublicae

135 2307 311 2386 praestantia
340 2308 404 2367 fuse
427 2323 457 2368 et
476 2308 579 2369 dedita
604 2310 692 2392 operi
720 2323 833 2371 tractat.
876 2312 911 2373 ln
937 2310 1018 2369 bisce
1048 2308 1185 2368 omnibus
1215 2306 1271 2368 vix
1294 2305 1374 2385 quid-

135 2421 221 2482 quam
248 2405 393 2479 occurrit,
421 2405 500 2484 quod
524 2407 652 2467 Platonis
678 2407 763 2468 nobis
787 2409 894 2468 referat
920 2407 1091 2466 Politiam:
1113 2405 1272 2485 Polybium
1289 2404 1373 2484 expri-

135 2501 189 2559 mit
216 2502 335 2577 Ciccro,
364 2514 427 2561 tum
458 2504 547 2564 etiam
576 2517 604 2564 et
631 2506 723 2566 Ennii
750 2521 780 2566 et
810 2525 880 2567 vero
907 2507 1025 2567 Catonis
1055 2505 1216 2564 sententias
1236 2503 1370 2585 explicat:
1439 2503 1440 2539 ³

134 2598 222 2678 hujus
241 2611 337 2658 autem
356 2599 412 2659 hoc
432 2603 560 2660 maxime
576 2603 704 2664 celebrat
725 2604 762 2665 de
778 2606 907 2665 Romana
922 2605 1043 2664 civitate
1062 2603 1195 2674 effetum,
1215 2621 1278 2660 non
1298 2603 1372 2660 unius

134 2717 197 2756 earn
216 2696 344 2757 hominis
364 2699 483 2778 ingenio
493 2746 502 2775 ,
525 2701 575 2760 sed
595 2702 771 2779 multorum,
797 2723 851 2762 nec
872 2703 930 2762 uni
949 2702 1076 2761 hominis
1097 2699 1179 2772 virt,
1198 2699 1251 2760 sed
1271 2700 1373 2778 aliquot
1438 2779 1439 2784 ἵ

82 2862 86 2869 ¹
133 2795 319 2855 constitutam
338 2797 461 2856 saeculis
479 2813 506 2858 et
523 2799 664 2858 aetatibus
688 2801 787 2862 fuisse.
829 2803 919 2877 Nam,
943 2815 974 2860 ut
993 2800 1195 2879 descripturus
1214 2797 1292 2858 hanc
1309 2817 1370 2856 rem·
1438 2795 1439 2833 l

134 2891 284 2972 publicam
312 2907 373 2969 est,
401 2894 455 2954 illa
483 2895 629 2956 dicentem
658 2897 823 2979 Scipionem
850 2901 929 2962 lacit.
973 2899 1097 2960 Catonis
1124 2899 1178 2956 bec
1220 2904 1303 2960 sanie
1320 2909 1370 2958 een

134 3009 236 3067 quem,
264 3001 301 3050 ut·
318 2999 425 3068 scitis,
451 3001 539 3053 urtice
557 2997 653 3054 dilect·
670 3006 857 3078 maximeque
886 3023 952 3060 eum
979 3002 1175 3074 admiratur,
1198 3010 1308 3082 cuique
1332 3001 1370 3060 acl
1437 3025 1438 3030 ¹

131 3097 236 3164 patris
264 3081 425 3170 utriusque
448 3094 592 3169 judicio,
622 3095 670 3152 cel
695 3103 788 3155 etiam
816 3118 877 3156 mco
907 3101 1010 3158 studio·
1027 3123 1073 3159 mc
1092 3113 1189 3165 totum
1210 3110 1247 3166 ad
1265 3109 1368 3166 adoles·

133 3194 236 3245 centia
251 3189 363 3248 ·dcdidi
372 3211 386 3260 ;
412 3198 503 3268 cujus
529 3213 576 3250 me
603 3213 761 3271 nunquam
783 3204 899 3254 satiare
917 3207 1021 3276 potuit
1042 3201 1170 3262 oratio.-¹
1184 3215 1294 3264 tantus
1310 3215 1368 3262 erat
1436 3201 1437 3210 ’

30 3353 33 3360 ¹
134 3291 169 3342 in
195 3286 312 3348 bomine
338 3286 371 3368 3)
400 3309 474 3349 usus
500 3293 703 3370 reipublicae,
725 3315 815 3370 quam
833 3297 959 3356 cedomi
979 3309 1008 3356 et
1026 3303 1160 3360 militiae
1180 3322 1250 3362 cum
1269 3313 1366 3382 optime

135 3393 201 3441 tum
230 3393 322 3444 etiam
351 3388 524 3448 diutissime
553 3401 709 3470 gesserat,
738 3401 768 3448 et
796 3395 901 3452 modus
929 3401 963 3453 in
991 3398 1132 3475 dicendo,
1162 3412 1194 3460 et
1220 3411 1367 3484 paritate
1435 3465 1436 3478 ἶ

134 3489 252 3542 mixtur
269 3485 365 3562 lepos,
381 3497 416 3550 et¹
429 3508 579 3546 summum
599 3491 646 3548 cel
664 3491 801 3550 discendi
821 3495 957 3553 studium
977 3497 1025 3554 cel
1043 3499 1167 3558 docendi
1178 3547 1187 3576 ,
1198 3511 1229 3560 ct
1246 3497 1368 3561 aaroni

135 3589 200 3640 vita
228 3585 385 3644 admodum
412 3609 590 3666 congruens.
632 3587 668 3647 le
693 3592 792 3649 dicere
815 3593 944 3668 solebat,
973 3598 1005 3654 od
1029 3597 1106 3657 banc
1128 3621 1269 3660 causeam
1283 3621 1366 3680 prac-

136 3690 218 3738 etare
248 3694 369 3744 nostrae
397 3691 536 3743 civitatis
564 3695 680 3745 etatum
711 3698 841 3748 casteria
861 3697 1056 3769 civitatibus,
1076 3699 1154 3775 quod
1172 3707 1206 3757 in
1226 3699 1290 3758 stlte
1308 3707 1364 3756 ein-

132 3779 204 3859 gulc'
223 3783 365 3856 fuissent
382 3786 473 3859 fere,
493 3805 621 3862 quorum
648 3806 735 3844 cuam
760 3795 885 3867 quicque
908 3795 1124 3870 rempublicam
1147 3803 1365 3856 conctitue’asent
1434 3787 1435 3818 l

135 3877 250 3957 legibue
275 3889 366 3960 atque
393 3887 551 3943 institutis
582 3889 647 3943 cais
658 3907 673 3956 ;
702 3895 738 3944 ut
768 3887 893 3948 Cretum
925 3888 1041 3968 Minos,
1068 3893 1363 3957 Lacedaemoniorum

144 4067 399 4084 *aa*

173 4187 199 4254 1)
219 4189 271 4244 Cic.
289 4193 327 4245 Dc
342 4191 404 4264 llep
424 4195 444 4247 l.
463 4197 487 4248 l.

170 4271 197 4339 2)
217 4275 278 4330 lilod.
296 4295 316 4331 c.
335 4275 378 4330 a).

170 4356 197 4423 3)
215 4360 387 4416 inserendum
411 4374 433 4416 et
454 4365 566 4418 videtm.
609 4367 667 4422 lter
690 4371 719 4422 m
736 4372 848 4441 reqsrirlt
864 4372 1015 4429 Ciceronis:
1033 4387 1058 4428 ct
1078 4395 1143 4430 ¹sessu
1158 4381 1199 4431 ees·
1213 4379 1322 4449 petam
1352 4405 1360 4410 ·

139 4447 1207 4523 umae—-apmaenmeeatesn-ummtoacoa-
