2872 5122
674 278 712 336 69

121 439 176 498 Hau
202 453 296 498 auteur
325 451 477 518 perspecta·
503 437 620 524 intima,
635 438 738 496 amoris
769 438 1000 514 necessitudine,
1032 438 1221 520 intelligimus
1245 444 1307 520 jam

85 537 178 618 plane,
199 559 271 616 quae
290 536 326 595 de
346 555 440 594 amore
459 535 536 594 dixit
554 533 715 610 Phaedrus,
734 531 895 596 tumeliam
914 536 1019 613 hocce,
1040 539 1119 617 quod
1136 539 1223 598 dictis
1243 541 1307 600 sub·

81 636 190 712 junxit,
212 636 263 694 uni
279 656 337 694 esse
356 633 445 692 amori
460 633 609 714 proprium
620 679 628 707 ,
651 647 682 692 ut
700 633 774 692 alter·
795 634 899 694 lubens
917 657 969 716 pro
989 637 1079 698 altero
1099 651 1216 696 mortem
1236 638 1308 698 sub-

84 747 132 793 eat.
164 735 277 792 «Nemo
306 733 346 790 ita
374 745 416 791 est
434 731 576 810 ignavus,
602 751 686 810 quem
715 753 794 792 amor
817 731 856 792 ad
879 733 1015 793 virtutem
1040 759 1099 796 non
1120 729 1224 796 ἔνθεον
1243 735 1308 796 effi-

84 833 150 892 ciat:
180 831 313 911 quodque
345 830 381 890 de
415 829 478 888 Diis
513 829 592 909 apud
624 830 780 890 Homerum
808 831 952 907 occurrit,
982 834 1118 897 heroibus
1145 858 1192 896 eos
1221 831 1309 916 μένος

84 928 246 1009 ἐμπνεῦσαι·
1000 933 1004 944 ’

167 1021 170 1030 ’
397 1067 437 1078 -·
460 1027 505 1113 τῷ
525 1024 554 1088 d'
575 1022 714 1108 ἔμπνιυσε
735 1023 824 1109 μεὐος
849 1030 1013 1110 γλαυκῶπις
1032 1029 1147 1120 Ἀθήνη
1174 1038 1202 1119 l)

84 1136 130 1194 boc
157 1136 252 1194 furore
280 1147 405 1193 amantes
434 1132 522 1211 agitat
553 1153 640 1192 amor.
682 1133 719 1192 Et
740 1154 807 1194 vero
834 1133 865 1192 bi
891 1134 944 1194 soli
961 1119 1015 1217 pro
1035 1139 1101 1199 aliis
1122 1157 1240 1202 mortem
1261 1167 1307 1204 ex-

85 1248 195 1314 petunt,
223 1255 276 1292 nee
301 1232 356 1291 viri
380 1244 513 1304 tantum,
534 1230 585 1291 sed
611 1232 697 1290 etiam
725 1233 875 1292 foeminae.
918 1235 1006 1312 Cujus
1035 1238 1075 1296 rei
1104 1240 1198 1300 Peliae
1228 1241 1308 1320 filia,

85 1331 211 1405 Alcestis,
241 1330 353 1388 illustre
383 1327 465 1387 dedit
494 1328 573 1408 apud
601 1328 724 1389 Graecos
754 1330 935 1411 exemplum,
957 1354 1028 1411 quae
1053 1336 1110 1395 sola
1138 1361 1190 1420 pro
1216 1356 1308 1402 amato

85 1431 145 1488 mori
171 1428 273 1488 voluit.
317 1427 408 1486 Erant
426 1426 548 1486 Admeto
569 1441 701 1507 parentes
720 1443 748 1487 et
767 1430 898 1508 cognati,
918 1430 968 1490 sed
988 1432 1039 1492 hos
1058 1434 1129 1511 illa,
1152 1440 1256 1498 amoris
1277 1441 1307 1499 vi

83 1542 106 1586 et
123 1525 265 1600 efficacia,
287 1527 326 1584 sic
355 1525 503 1606 superavit
529 1526 723 1615 caritate,¹ut¹
747 1548 794 1586 eos
822 1548 880 1587 esse
908 1543 1058 1591 extraneos
1082 1534 1232 1614 probaret,
1254 1558 1307 1597 nec

84 1626 131 1685 nisi
150 1627 264 1684 nomine
284 1623 494 1704 propinquos.»
519 1620 550 1702 2)

246 1821 389 1880 Homines
408 1812 532 1891 ἒνθὲους
549 1821 590 1878 od
610 1828 754 1879 virtutem
774 1824 867 1902 effim
883 1844 968 1882 amor
986 1829 1127 1887 eoelestis.

116 2020 171 2078 Diu
189 2039 240 2076 nos
252 2020 314 2095 jam
332 2019 427 2078 tenuit
446 2032 645 2098 argumentum
665 2017 752 2078 hocce
769 2018 966 2098 praeclarum:
988 2043 1041 2081 nec
1066 2043 1133 2084 vero
1152 2024 1229 2083 idern
1258 2025 1306 2086 di-

82 2119 167 2176 mittet
184 2138 233 2175 nos
263 2115 358 2175 facile.
401 2117 473 2175 Nam
500 2114 578 2197 quod
608 2115 755 2175 Phaedrus
780 2115 858 2174 dixit
887 2118 924 2176 de
953 2141 1065 2195 amore,
1091 2115 1214 2196 ἐνθέους
1242 2145 1307 2184 eum

82 2213 185 2274 efficere
207 2213 338 2273 homines
361 2214 399 2275 ad
425 2216 581 2289 virtutem,
606 2213 719 2273 reducit
742 2212 820 2272 illud
845 2237 898 2274 nos
922 2232 1022 2297 sponte
1046 2220 1083 2280 ad
1108 2222 1184 2282 Ilissi
1209 2225 1306 2304 ripas,

84 2312 125 2370 ubi
142 2313 264 2372 eundern
282 2312 443 2372 Phaedrum
467 2314 635 2393 reliquimus
658 2308 757 2393 paullo
782 2326 866 2387 ante,
891 2315 1075 2377 recubantem
1102 2342 1167 2379 cum
1191 2321 1305 2381 Socrate

84 2411 109 2468 in
125 2410 203 2470 molli
223 2411 369 2491 gramine,
390 2412 443 2470 sub
462 2412 585 2492 tegmine
610 2409 726 2491 patulae
746 2408 877 2489 platani,
898 2427 926 2472 et
955 2435 970 2472 a
1002 2414 1124 2477 Socratis
1151 2421 1231 2498 quasi
1258 2441 1305 2479 ore

84 2509 266 2588 pendentem,
284 2509 335 2567 ubi
356 2509 380 2568 is
399 2511 557 2569 orationem
580 2507 718 2571 recitabat
738 2506 874 2567 adversus
893 2531 1024 2572 amorem.
1067 2516 1127 2575 Vix
1147 2517 1234 2576 finem
1254 2517 1305 2575 ille

84 2607 142 2665 iecit
158 2607 296 2682 dicendi,
313 2628 402 2687 quum
421 2613 502 2668 eece!
532 2608 673 2686 aufugere
687 2619 807 2666 conatur
826 2627 894 2686 prae
914 2609 1023 2687 pudore
1033 2659 1042 2687 ,
1065 2615 1173 2695 quippe
1191 2616 1305 2674 facinus

83 2725 156 2764 ausus
173 2704 310 2765 audaciae
329 2719 356 2764 et
375 2705 530 2786 impietatis
548 2705 676 2786 plenum.
704 2723 718 2754 t(
730 2697 847 2778 Διινδν,
870 2697 897 2765 ὦ
918 2705 1047 2790 Φαῖδρε,
1073 2712 1188 2791 inquit,
1211 2707 1306 2774 δεινόυ

84 2801 159 2887 λόγον
179 2802 268 2882 αὐτός
290 2830 319 2869 τι
342 2802 496 2887 ἐκόμισας,
519 2803 575 2887 ἐμέ
594 2830 625 2868 τε
646 2799 811 2888 ἤνᾶραασας
831 2806 925 2869 εἰπεῖν.
952 2811 1065 2874 Jussisti
1090 2837 1133 2874 me
1156 2816 1252 2875 dicere
1271 2817 1304 2875 in

85 2932 206 2986 amorem,
222 2933 282 2970 rem
296 2911 448 2986 divinam,
463 2912 519 2969 imo
535 2911 635 2969 Deum.
657 2909 694 2968 Et
710 2910 784 2985 feei,
799 2910 912 2990 Lysiam
928 2912 1055 2972 imitatus
1085 2928 1113 2973 et
1127 2915 1200 2990 tibi,
1212 2915 1305 2974 Phae-

85 3008 143 3083 dre,
162 3010 387 3090 gratificaturus:
418 3001 589 3088 quamquam
617 3007 682 3067 dixi
710 3021 784 3066 tecto
814 3009 921 3088 capite:
944 3031 1010 3068 nam
1029 3011 1167 3086 verebar,
1196 3034 1250 3087 ne,
1272 3027 1303 3072 ut

84 3105 174 3187 lbycus
187 3111 228 3168 ait
237 3155 245 3184 ,
256 3110 289 3168 in
303 3109 377 3167 Deos
386 3107 584 3185 delinquerem
593 3151 601 3180 ,
611 3104 681 3164 dum
690 3105 808 3185 gratiam
818 3106 893 3165 inire
911 3107 989 3188 apud
1007 3108 1138 3168 mortales
1158 3112 1299 3192 gestirem.

85 3203 257 3286 Expiandum
277 3207 364 3285 igitur
380 3206 494 3265 facinus
513 3219 572 3264 est:
596 3225 662 3263 nam
677 3205 812 3283 aufugere
827 3225 871 3262 me
890 3227 949 3264 non
969 3205 1040 3265 sinit
1058 3209 1158 3287 genius
1176 3229 1256 3268 mens
1273 3223 1302 3268 et

86 3318 165 3364 metuo
181 3325 322 3378 amorem,
340 3305 372 3362 in
392 3324 476 3381 quern
495 3303 612 3382 peccavi
631 3302 804 3382 gravissime.
834 3305 909 3382 Age,
929 3303 1107 3384 palinodiam
1130 3328 1247 3382 canam,
1268 3321 1300 3367 ut
1386 3321 1388 3326 ’

85 3403 177 3462 cecinit
197 3403 381 3462 vStesichorus
391 3446 399 3474 ‚
419 3399 489 3480 qui,
508 3400 625 3480 culpare
645 3421 728 3458 ausus
749 3399 909 3476 Helenam,
929 3402 993 3461 visu
1011 3393 1140 3482 privatus
1158 3419 1218 3480 est,
1237 3405 1303 3482 sed,

87 3515 187 3578 peccato
205 3502 338 3582 cognito,
358 3499 499 3560 continuo
518 3498 614 3558 dixit:
635 3499 718 3556 houd
731 3520 819 3558 verus
837 3509 882 3559 cet
897 3521 991 3560 sermo
1008 3507 1084 3560 iste:
1105 3517 1133 3563 et
1151 3503 1302 3564 decantata

87 3598 237 3676 palinodia,
268 3621 350 3659 usum
377 3598 559 3678 recuperavit
586 3597 743 3660 oculorum
794 3597 841 3656 sic
871 3619 921 3679 ego
944 3601 1023 3678 jam,
1050 3599 1161 3667 detecto
1188 3602 1301 3682 capite,

88 3696 236 3759 solemniter
252 3699 337 3758 dico:
357 3719 417 3756 non
437 3717 515 3756 meus
530 3710 572 3755 est
587 3717 691 3770 sermo,
705 3694 737 3775 3)
756 3717 840 3774 quem
858 3695 954 3756 dicere
973 3718 1017 3755 me
1035 3703 1186 3778 coegerunt
1203 3700 1302 3780 Lysias

478 3917 575 4004 οὔριος
597 3916 760 4001 ἐμπνεύσας
781 3915 897 3995 ναύταις

324 4021 436 4100 Νότος,
459 4019 484 4087 ui
506 4021 682 4107 δυσέρωτες,
705 4018 796 4107 putori
817 4047 873 4104 μευ
894 4023 997 4104 ψυχᾶς
1016 4018 1146 4110 ἅρσασιυ

323 4123 521 4212 οἷνὸράγαθον.

122 4228 141 4292 l)
157 4233 183 4283 ll.
199 4235 225 4285 ll.
246 4233 304 4286 482.

120 4312 142 4376 2)
156 4319 229 4389 Symp.
245 4319 302 4372 179.
318 4319 348 4371 Α.

122 4405 143 4471 3)
158 4398 213 4464 Οὔκ
238 4398 313 4483 &tatic
339 4397 356 4464 o‘
381 4403 502 4482 μῦθος,
534 4392 594 4463 ἄλλ’
625 4400 700 4483 ἒμῆς
729 4395 848 4488 μητρδς
872 4395 960 4487 παρά.
989 4412 1075 4478 llurip,
1099 4410 1242 4480 Menalippa.
1262 4411 1302 4472 Cf,

98 4495 212 4559 Stellbaum
229 4507 263 4561 ad
280 4507 351 4577 Apol.
369 4510 424 4560 Sec.
443 4525 468 4576 p.
486 4507 527 4559 et.
545 4505 601 4558 Vid.
620 4508 700 4574 ὅροις).
719 4523 744 4573 p.
764 4505 820 4558 ttt.
838 4506 869 4558 Α.
