2838 5120
664 256 723 316 307

75 418 238 499 pulcerest
253 436 307 476 neo
325 414 420 476 honus
435 435 528 475 amor:
550 436 617 476 nam
633 417 771 497 pulcrum
788 417 955 495 bonumque
974 417 1102 496 appetit3
1125 437 1198 494 quae
1217 428 1311 478 autem

18 543 22 554 ¹
74 515 185 597 appetit
212 513 317 588 homo,
345 529 389 572 ea
409 535 471 572 non
499 513 599 575 habet.
640 515 718 574 Haec
745 534 814 576 vero
842 526 872 573 et
890 528 1001 593 caetera
1021 514 1117 574 omnia
1145 515 1312 596 praeclara,

74 635 150 693 quae
169 613 226 694 ipsi
243 612 333 671 amori
352 610 480 672 tribuere
496 615 599 690 po'e'tae
616 611 731 687 solent,
752 611 865 670 effectui
887 601 949 689 eju‘s
968 610 1126 672 tribuenda
1144 627 1222 672 sunt.
1243 610 1314 673 Effi-

74 711 116 770 cit
135 709 246 771 scilicet
264 730 361 783 amor,
380 723 413 768 ut
432 722 534 768 nactus
552 708 625 782 illa,
644 709 711 768 talis
730 709 791 790 ipse
811 707 897 767 homo
916 707 976 767 fiat.
1018 708 1191 788 Quibus'ita
1208 709 1313 770 discre-

73 809 132 882 tis,
153 806 226 887 quid
246 806 317 867 inde
336 805 456 866 duxerit
474 805 605 872 Socrates
625 806 747 866 eumad
772 807 832 866 vim
858 805 962 864 amoris
988 805 1021 865 in
1047 826 1092 864 res
1115 805 1268 866 hominum
1286 821 1315 868 et

72 906 249 979 civitatum,
269 917 332 962 tum
348 891 420 964 vero
433 903 520 963 etiam
539 903 644 963 adhoc
664 901 878 984 explorandum
896 903 1020 962 interius
1038 916 1156 962 naturae
1172 904 1315 964 humanae

72 1001 253 1061 desiderium
264 1045 273 1076 ,
294 1021 382 1081 supra
410 1000 600 1060 attendimus.
641 1002 822 1060 Documento
846 1012 942 1058 autem
968 1013 996 1059 et
1015 1012 1092 1060 totus
1112 999 1161 1060 hic
1181 999 1315 1081 dialogus

72 1112 115 1158 est
131 1113 162 1157 et
182 1099 214 1156 hi
234 1111 304 1158 sunt
319 1097 446 1157 maxime
465 1083 532 1156 cum
550 1098 642 1178 ipsius
663 1097 806 1170 Socratis,
827 1111 889 1156 tum
908 1097 1073 1172 Diotimae,
1094 1119 1166 1176 quos
1183 1113 1313 1172 enarrat,
1335 1152 1339 1160 ,

72 1217 238 1270 sermones,
259 1216 332 1274 quae
354 1196 391 1255 sit
415 1193 454 1256 ad
486 1205 531 1254 rc's
560 1196 685 1255 interius
712 1192 921 1275 perquirendas
942 1194 1103 1274 analyticae
1131 1195 1252 1256 rationis
1271 1197 1316 1257 vis

73 1305 103 1351 et
122 1291 290 1354 efficacitas.
313 1290 342 1371 1)

150 1485 205 1544 Do
228 1494 267 1543 vi
295 1487 553 1564 analyticae
586 1493 852 1564 scriptionis
879 1489 929 1546 ad
958 1487 1232 1544 excitandum

201 1592 245 1640 in
269 1585 1059 1662 legantiumaerianiseapteadomqae
1092 1592 1181 1642 aeri

603 1703 787 1740 actorem.

112 1872 197 1950 Quid
216 1871 295 1934 illud
313 1873 368 1947 sit,
389 1871 468 1950 quod
489 1873 521 1933 in
538 1872 671 1934 Phaedro
690 1874 821 1934 Socrates
840 1875 973 1955 scriptori
993 1875 1163 1954 praescribit
1173 1920 1191 1950 „
1209 1883 1242 1934 in
1262 1887 1313 1954 ip·

71 1980 116 2032 sis
134 1973 291 2032 hominum
311 1973 461 2030 cientibus
479 1973 627 2046 scribare,
648 1985 711 2030 tum
731 1972 944 2051 explicuimus,
965 1992 1072 2049 quum,
1094 1972 1168 2052 quid
1187 1975 1313 2034 maxime

70 2068 155 2128 Plato
175 2067 332 2128 scribendo
351 2068 544 2149 spectaverit,
566 2067 786 2148 indagabamus.
807 2068 838 2148 2)
872 2068 957 2127 Nihil
977 2067 1061 2127 aliud
1069 2083 1142 2150 pst,
1163 2071 1221 2130 nisi
1249 2087 1313 2131 stu-

70 2165 155 2226 dium
174 2164 387 2244 cognoscendi,
409 2165 471 2225 veri
495 2185 618 2224 amorem
638 2165 793 2225 scribendo
812 2161 968 2226 inanimis
995 2167 1147 2226 hominum
1174 2169 1312 2229 excitare.

70 2261 160 2322 Effici
196 2275 292 2320 autem
326 2260 405 2321 illud
437 2261 490 2318 hac
523 2262 671 2342 analytica
704 2263 815 2322 ratione
851 2263 1051 2343 potissimum,
1080 2264 1167 2324 facile
1200 2279 1242 2325 est
1274 2265 1313 2328 ad

70 2357 318 2440 perspiciendum.
361 2360 433 2418 Nam
463 2343 592 2439 aperitur
619 2360 662 2418 ita
686 2358 850 2438 legentibus
878 2361 961 2439 quasi
989 2362 1207 2441 spectaculum,
1232 2363 1313 2442 quod
1374 2387 1378 2394 ·

69 2457 126 2538 ipsi
153 2469 286 2536 spectent
305 2453 522 2534 diligenterque
550 2475 720 2536 cognoscere
747 2455 902 2534 studeant3
935 2458 1058 2537 scriptor
1087 2481 1156 2522 vero
1181 2459 1259 2540 ipsos
1279 2461 1312 2520 in

69 2550 274 2614 discordendis
292 2551 428 2614 omnibus
449 2552 677 2632 judicandisque
693 2556 788 2632 juvat.
830 2555 895 2628 Quo
914 2555 1040 2630 accidit,
1063 2570 1095 2615 ut
1121 2557 1154 2616 in
1179 2556 1313 2636 legendis

69 2656 221 2732 metarum
241 2648 420 2710 dramatibus
435 2663 463 2708 et
481 2649 605 2729 dialogis
624 2650 754 2710 Platonis
772 2652 878 2713 mentis
897 2652 972 2712 acies
988 2651 1123 2712 hebescat
1144 2674 1309 2732 nunquam,

70 2746 120 2808 sed
137 2759 261 2806 acuatur
280 2766 362 2804 mens
379 2747 583 2822 continenter,
609 2748 718 2828 quippe
732 2747 797 2827 ipsa
818 2768 871 2828 per
890 2769 919 2808 se
943 2749 1022 2808 inter
1041 2749 1197 2830 legendum
1215 2752 1310 2812 scisci·

69 2857 154 2921 tans,
182 2843 352 2922 inquirens,
378 2843 526 2920 judicans.
573 2827 769 2924 intelligimus
796 2857 893 2905 autem
919 2846 979 2920 ita,
1005 2860 1183 2928 quantopere
1207 2849 1309 2928 philo·

5 2967 9 2977 ¹
70 2942 208 3023 sophiae,
228 2940 262 2999 in
281 2939 384 3020 primis
397 2939 560 3004 Socraticae,
572 2955 600 3002 et
615 2941 796 3016 Platonicae,
816 2962 889 3020 quae
903 2957 962 3004 tota
971 2943 1148 3022 inquirendo
1160 2945 1308 3025 procedit,

70 3053 136 3120 apta
158 3039 196 3099 sit
213 3037 283 3096 haec
304 3036 387 3098 ratio.
429 3037 490 3098 Imo
509 3059 596 3115 vero,
626 3034 682 3098 nisi
704 3054 868 3119 usurpasset
890 3039 1013 3101 eandem
1030 3061 1136 3122 parens
1154 3042 1311 3118 historiae,

71 3135 253 3209 Herodotus,
272 3121 333 3194 hoc
345 3133 398 3194 ille
417 3137 536 3197 nomine
555 3157 572 3194 a
589 3137 711 3218 posteris
729 3137 782 3198 rix
802 3137 904 3199 fuisset
921 3137 1092 3198 celebratus.
1114 3140 1212 3218 Neque
1231 3123 1309 3198 enim

70 3233 192 3296 historia
212 3231 339 3290 narratio
366 3243 409 3290 est
438 3248 715 3314 rerumgestarum,
744 3234 840 3312 qualis
868 3234 948 3315 apud
976 3236 1129 3296 annalium
1156 3233 1311 3318 scriptores

72 3345 129 3407 est,
159 3328 310 3410 qualisque
339 3326 418 3407 apud
446 3349 493 3390 cos
521 3331 598 3406 fuit,
623 3331 674 3409 qui
700 3343 768 3392 ante
794 3331 976 3394 Herodotum
1006 3319 1156 3394 historiam
1185 3336 1311 3415 scripse·-

72 3444 159 3490 runt:
179 3426 212 3510 3)
241 3421 391 3507 ἱστορία
423 3443 483 3504 est,
508 3430 528 3491 i.
556 3453 581 3490 e.
608 3431 796 3508 disquisitio,
822 3433 997 3510 indagatio,
1021 3439 1240 3513 pervestigatio
1260 3453 1310 3513 rte-7

72 3547 151 3604 rum3
173 3525 206 3606 l)
237 3528 286 3586 cui
320 3526 478 3609 respondet
509 3527 623 3588 notioni
653 3540 746 3588 totum
784 3548 856 3608 opus
884 3527 1103 3602 Herodoteum,
1131 3528 1311 3608 respondent

71 3625 179 3704 pariter
206 3624 380 3684 immortalia
405 3638 464 3683 tam
483 3637 614 3684 veterum
632 3645 720 3702 quam
737 3625 931 3684 recentiorum
959 3625 1162 3685 historicorum
1190 3626 1310 3705 scripta.

72 3719 260 3798 Exquirendo
280 3734 402 3780 nutant
413 3766 422 3795 ,
444 3719 591 3780 narrando
619 3720 704 3780 alunt
724 3720 901 3802 explentque
928 3721 1103 3800 exquirendi
1132 3742 1311 3802 eognoscen-

72 3815 159 3896 dique
177 3815 306 3878 studium
323 3818 473 3899 principes
492 3817 641 3876 historici:
673 3817 728 3878 hoc
748 3819 931 3880 sermonibus
955 3825 990 3879 et'
1012 3819 1210 3896 orationibus,
1231 3819 1311 3880 illud

105 4071 130 4138 1)
148 4077 230 4144 Syrop.
248 4074 314 4139 209,
337 4073 396 4126 210.
422 4071 469 4126 ct.
492 4074 569 4126 Initio
587 4091 613 4142 p.
632 4074 691 4125 101.

105 4155 131 4222 2)
149 4158 226 4210 Initia
242 4176 268 4226 p.
285 4157 344 4210 116.

105 4239 131 4306 3)
149 4243 207 4293 vid.
231 4243 394 4305 Crenaee,
420 4243 450 4292 de
473 4241 563 4294 draeo.
585 4242 710 4294 historicis
735 4247 761 4294 et
784 4241 839 4294 hist.
857 4245 938 4296 Kanst
955 4247 1000 4297 der
1018 4246 1154 4309 Grieeteo,
1173 4255 1309 4314 utrumque

76 4340 138 4391 opus
161 4328 264 4378 criticae
287 4327 320 4378 ad
344 4327 477 4378 historiam
502 4326 665 4378 adhibendus
690 4327 844 4394 exemplum.

107 4411 131 4472 tl
151 4413 244 4475 Wytt.
268 4411 316 4462 set.
338 4411 400 4461 Hire.
425 4411 507 4470 Praei.
529 4428 554 4479 p.
578 4411 608 4462 Χ.
634 4420 659 4462 et
680 4410 774 4462 henot.
798 4429 823 4477 p.
843 4410 901 4463 339.

1046 4498 1101 4554 20*
