2832 5120
685 247 688 262 '
772 269 827 328 ise

177 440 284 519 quique
303 437 412 518 animos
426 428 638 512 desponderent
654 429 760 510 plane,
786 432 886 509 quales
901 433 1033 496 Thebani
1059 449 1141 496 eraut
1159 452 1222 516 post
1247 439 1312 498 belli
1328 439 1386 498 Pho·

176 539 270 597 censis
293 533 402 604 clades,
432 530 633 618 Theopompus
657 545 801 587 enarrasse
827 530 932 592 diserte
954 533 1084 609 videtur,
1112 537 1195 610 cujus
1221 535 1287 596 haec
1311 537 1383 596 verba

176 637 301 694 servavit
322 630 503 692 Plutarchus:
530 620 550 706 η’
577 622 612 684 δὲ
638 620 842 706 τοῦῥήτορος
869 625 1205 713 ι)“ὐναμις,ἕκριπίζουσα
1226 629 1277 694 τόν
1297 629 1384 711 θυμόν

176 728 273 794 αὐτῶν
298 728 345 790 καὶ
372 726 543 789 διακαίουσα
570 722 625 808 τήν
652 727 837 808 φιλοτιμίαν,
867 729 1045 815 ἐπεσκότησε
1072 739 1133 809 τοῖς
1161 730 1258 811 ἄλλοις
1284 731 1386 810 ἅπασιν,

175 831 244 900 ὥστ’
264 833 304 909 εἰς
325 820 423 914 φόβον
443 829 491 893 καὶ
511 823 651 910 λογιομόν
669 828 718 890 καὶ
731 825 822 916 χάριν
837 833 968 916 ἐκβαλεῖν
986 832 1107 911 αὐτους,
1130 836 1387 912 ἐνθουσιῶντας

174 933 244 1002 ini
265 929 460 1014 τοῦλόγου
480 929 571 1014 προς
592 930 635 996 tri
657 930 777 996 καλόν·
809 949 843 996 at
871 941 964 1016 bajas
993 947 1211 1016 siceratoris,
1234 965 1306 1020 quae
1324 951 1386 1002 esci·

175 1047 259 1102 tabat
283 1047 397 1098 animos
415 1059 516 1096 eoram
536 1047 566 1095 ci
582 1039 758 1097 incendebat
777 1041 823 1097 ad
834 1041 968 1121 gloriam
978 1085 987 1115 ,
1008 1041 1159 1099 obstrusit
1178 1043 1311 1100 omnibns
1324 1044 1387 1100 relt-

176 1149 267 1220 qais:
297 1150 333 1196 ut
353 1144 477 1215 quasi
507 1137 738 1214 lymphati,
766 1145 901 1196 oratione
924 1145 991 1214 qius
1018 1146 1107 1216 rapti,
1132 1140 1172 1197 ad
1198 1141 1388 1214 honestum,

172 1250 303 1313 anetam,
323 1244 488 1309 rationem,
508 1243 646 1316 gratiam
670 1239 846 1312 abjicerent.
888 1236 1019 1312 Scilicet
1028 1237 1061 1296 id
1084 1238 1117 1296 in
1133 1238 1235 1317 primis
1254 1259 1276 1296 .e
1301 1237 1387 1298 Socra-

172 1339 229 1398 tica
256 1335 413 1416 disciplina
438 1332 589 1392 hominum
617 1335 736 1394 animis·
751 1333 928 1410 adhibebat,
950 1348 982 1394 ut
1009 1356 1070 1395 non
1087 1347 1199 1394 tantum
1219 1355 1280 1396 non
1296 1335 1386 1416 gratifi-

128 1495 130 1505 ,
172 1450 284 1496 caretur
308 1453 404 1508 eorum
430 1431 561 1490 sensibus
580 1431 759 1512 studiisque,
781 1432 832 1490 sed
848 1455 885 1492 ne
906 1435 988 1496 vitiis
1005 1434 1122 1512 quidem
1137 1453 1235 1494 eorum
1255 1447 1385 1514 parceret:

170 1537 309 1596 fateretur
325 1531 396 1590 adeo
415 1529 524 1609 palam:
547 1521 630 1607 ὑμεῖς
658 1528 739 1609 ἐμοὶ,
767 1523 793 1592 oi
818 1523 924 1613 ἄνδρες
950 1525 1119 1612 Ἀθηναῖοι,
1147 1525 1306 1617 συμβούλῳ
1330 1528 1386 1610 μὲν,

169 1628 223 1719 κᾷν
249 1627 294 1713 μή
321 1625 444 1710 θέλητε,
469 1624 635 1711 χρήσεσθε·
661 1627 832 1720 συκοφάντῃ
859 1628 900 1708 δ’,
936 1628 1007 1694 ciet
1033 1627 1086 1694 iric
1115 1627 1238 1714 θέλητε·
1264 1661 1315 1697 vos
1335 1657 1386 1708 me,

172 1737 387 1806 Athenienses,
417 1735 627 1792 consiliarium
656 1739 815 1810 babebitis,
845 1745 967 1795 etiamsi
992 1737 1121 1806 nolitis}
1150 1739 1388 1810 calumniatorem

170 1858 238 1894 vero
249 1880 257 1909 ‚
277 1839 399 1891 etiami
417 1833 463 1889 rel
481 1842 612 1892 manime
631 1837 749 1909 velitis,
770 1857 827 1894 nun
849 1838 1003 1896 babebitis.
1035 1835 1161 1894 Oninino
1172 1881 1180 1911 ,
1202 1849 1234 1894 ut
1256 1833 1386 1906 Socrates,
1411 1903 1412 1910 ἵ

166 1936 208 1995 ita
226 1933 277 1993 ille
287 1978 296 2009 ,
316 1929 395 2010 quod
411 1931 452 1989 ait
470 1930 660 2010 Plutarchus,
682 1923 813 1994 inomni
833 1935 961 1994 oratione
980 1948 1099 2015 apparet
1126 1928 1203 2011 μετα
1235 1928 1387 2016 παῤῥηοίυς
1411 1957 1412 2000 j

166 2026 294 2111 μάλιστα
320 2029 365 2115 τῷ
391 2022 479 2112 δήμῳ
506 2024 722 2110 διαλεγόμενος,
750 2029 798 2092 nai
824 2025 902 2113 πρός
927 2025 981 2105 τοίς
1010 2029 1173 2112 ἐπιθυμίας
1199 2033 1263 2096 ταῖν
1283 2034 1386 2095 πολλῶν

166 2129 342 2206 divertimur,
364 2130 413 2192 nai
434 2131 497 2204 τοῖς
518 2125 729 2214 ἁμαρτήμασιν
751 2127 849 2194 αὐτῶν
871 2127 1081 2215 ἐπιφυόμενος·
1105 2137 1195 2196 iibere
1208 2146 1384 2215 praesertin

166 2238 206 2295 ad
231 2237 373 2313 populum
402 2248 511 2318 egisse,
539 2237 694 2295 reluctans
720 2237 815 2314 piebis
846 2237 968 2293 libidini
973 2241 996 2310 ,'
1010 2246 1189 2314 peccataque
1220 2243 1287 2312 ejm
1316 2245 1384 2294 inse·
1410 2231 1412 2280 ἕ

165 2346 261 2393 ctans.
286 2332 315 2412 l)
342 2334 399 2393 Sed
426 2359 478 2397 nos
507 2333 576 2394 haec
600 2337 760 2393 accuratius
790 2333 969 2413 exploranda
1001 2335 1140 2394 lectorum
1170 2333 1275 2392 studiis
1304 2333 1384 2392 relin-

165 2434 299 2512 quimus,
335 2433 385 2512 qui
413 2431 481 2493 hinc
511 2455 560 2492 sua
589 2441 689 2512 sponte
724 2431 924 2491 intellexerint
949 2435 1150 2513 Anaxagoreae
1175 2444 1203 2490 et
1233 2431 1383 2494 Socraticae

166 2531 367 2613 philosophiae
404 2532 547 2592 diversam
575 2513 661 2612 plane
694 2532 726 2589 in
755 2530 948 2609 eloquentiam
977 2529 1183 2590 efficacitatem.
1236 2529 1385 2590 Sublimior

140 2635 222 2690 'erat
252 2629 319 2690 illa:
355 2629 425 2690 haec
453 2631 620 2712 popularior
634 2655 642 2706 3
676 2629 728 2688 illa
756 2629 926 2688 excellentis
954 2631 1065 2710 ingenii
1095 2627 1264 2688 hominibus
1289 2649 1383 2688 eonve-

163 2728 288 2787 niebat:
315 2728 385 2787 haec
413 2727 546 2809 placebat
573 2728 716 2788 omnihus.
768 2729 812 2788 Ex
845 2727 898 2787 illa
926 2729 1047 2808 profecti
1078 2740 1313 2804 suntoratores,
1342 2727 1382 2806 qui

162 2827 292 2884 acumine
313 2827 423 2906 ingenii
444 2827 609 2906 judiciique
631 2826 791 2885 subtilitate
810 2826 1004 2900 excellerent,
1025 2825 1075 2884 sed
1095 2827 1127 2902 el
1147 2838 1239 2886 essent
1257 2825 1381 2906 eloquen·
1408 2837 1410 2888 l

161 2924 202 2984 tit
214 2970 222 2999 ,
243 2945 313 3002 quae
338 2945 432 2983 rerum
458 2927 598 3006 gravitate
626 2926 733 3003 magis,
754 2945 839 3003 quam
866 2925 947 3004 copia
972 2925 1109 2983 orationis
1138 2938 1165 2982 et
1186 2925 1380 3004 perspicuitate

161 3021 425 3082 commendaretur:
447 3026 529 3101 cujm
550 3025 590 3081 rei
615 3023 694 3081 testis
711 3035 751 3080 est
767 3035 826 3081 tota
845 3021 1028 3103 Thucydidis
1052 3021 1180 3081 historia.
1222 3021 1247 3080 E
1265 3022 1379 3082 Socratis

70 3137 73 3154 ¹
160 3141 228 3180 vero
251 3117 408 3200 disciplina
437 3117 665 3202 Xenophonteae
690 3119 839 3179 fluxerunt
863 3119 1023 3195 orationes,
1049 3141 1121 3200 quae
1151 3121 1284 3200 exempla
1311 3121 1377 3181 omni

160 3237 230 3276 aevo
256 3217 370 3276 habitae
391 3232 458 3276 sunt
482 3219 712 3299 perspicuitatis,
741 3220 909 3294 suavitatiS‚
931 3218 1107 3303 elegantiae:
1130 3217 1280 3278 fluxerunt
1302 3219 1378 3278 histo·

159 3315 218 3372 rica
237 3315 342 3395 scripta
363 3337 427 3374 cum
447 3313 671 3397 Xenophontis,
691 3330 752 3376 tum
770 3337 884 3390 eorum,
906 3317 955 3394 qui
979 3316 1066 3394 hujus
1088 3315 1194 3375 imitari
1221 3315 1304 3376 dotes
1331 3331 1379 3376 stu·

159 3409 304 3487 dcerunt,
327 3413 457 3494 Ephori,
479 3416 614 3489 Arriani,
639 3413 786 3474 evidentii
814 3436 882 3473 sane
907 3413 1045 3493 singulari
1068 3413 1273 3492 Thucydidem
1300 3435 1378 3494 supc-

158 3511 262 3570 rantia.
305 3511 466 3570 Fluxerunt
477 3559 485 3586 ‚
507 3533 579 3591 quae
599 3513 728 3571 omnium
750 3514 874 3592 primum
893 3526 921 3572 et
938 3511 1264 3571 maxime‘memoranda
1286 3524 1377 3584 erant,

157 3608 284 3668 Platonis
313 3611 442 3692 scripta,
463 3630 547 3688 quem
570 3612 716 3685 omnium,
738 3611 788 3689 qui
815 3631 941 3690 unquam
969 3611 1163 3694 scripserunt,
1185 3608 1374 3687 eloquentissi-

156 3725 233 3764 mum
256 3707 402 3786 judicavit
430 3711 538 3769 Cicero.
590 3707 646 3768 Sed
672 3708 831 3768 Socraticae
859 3708 972 3769 scholae
992 3707 1153 3786 eloquentia
1183 3721 1215 3767 ut
1239 3707 1328 3788 plane
1348 3707 1373 3764 in

156 3802 249 3862 lucem
271 3807 417 3885 prodiret,
446 3821 555 3866 oratore
580 3821 640 3865 erat
667 3827 757 3888 opus,
788 3807 970 3886 qui„instar
997 3805 1132 3879 Periclis,
1163 3803 1211 3868 vel
1242 3817 1373 3885 praeesset

154 3903 287 3977 civitati,
315 3904 363 3964 vel
388 3919 463 3964 totus
487 3919 563 3965 certe
584 3921 655 3965 esset
682 3907 713 3964 in
741 3904 825 3964 rebus
851 3904 988 3966 civilibus
1015 3918 1150 3964 versatus.
1176 3904 1273 3962 Talis
1294 3903 1372 3983 plane
1405 3937 1406 3966 ι

154 4002 357 4062 Demosthenes
381 4005 456 4079 fuit,
479 3993 612 4082 idemque
633 4005 671 4062 sic
691 4006 742 4066 toti
760 4003 929 4062 excitandae
948 4001 1224 4081 commovendaeque
1243 4001 1370 4061 Graeciae
1405 3967 1406 4013 l

155 4099 344 4160 Socraticam
363 4101 498 4161 adhibuit
515 4101 746 4183 Philosophiam,
771 4116 801 4160 ut
828 4115 894 4160 ante
913 4122 976 4159 eum
993 4085 1211 4159 Atheniensium
1234 4099 1369 4180 regendae

62 4273 65 4282 Ι
153 4198 265 4258 civitati
286 4199 520 4281 Anaaagcream
539 4201 710 4261 adhibuerat
731 4200 863 4260 Pericles.
1404 4211 1405 4257 t

185 4406 210 4470 1)
230 4408 294 4460 Plut.
317 4412 369 4460 cita
386 4411 454 4461 unc.
474 4427 496 4462 c.
515 4409 556 4461 18.
575 4409 616 4459 ll.
636 4412 727 4462 Persius
743 4412 862 4464 tractavit
879 4411 929 4464 hoc
951 4418 1126 4480 argtrmentum
1144 4408 1165 4460 l.
1186 4411 1214 4461 ll.
1234 4407 1363 4460 Schulten.

151 4494 221 4560 utiq.
235 4495 264 4544 ds
282 4493 349 4546 Dein
370 4496 429 4563 eloq.
450 4497 560 4547 charact.
580 4497 646 4561 Traj.
666 4495 740 4547 1835.
