2872 5122
755 273 810 330 132

171 435 241 492 Nam
262 435 294 492 in
315 433 466 492 Phaedone
486 434 539 494 hoe
558 433 696 515 placitum
716 453 747 492 eo
770 434 890 492 consilio
909 430 1292 515 expositum'prolratumque
1310 437 1373 496 inve·

177 535 288 606 nimus,
316 545 364 606 ut,
384 536 456 590 'ante
482 533 569 592 fuisse
594 532 702 590 animos
730 546 858 606 nostros,
879 551 964 610 quam
994 549 1194 608 nasceremur,
1215 548 1317 615 pateret
1325 558 1332 610 ;
1350 537 1373 593 in
1421 526 1422 534 ¹

173 628 301 694 Phaedro
321 641 415 689 autem
434 631 512 688 etin
532 629 666 691 universa
686 629 815 689 Platonis
829 629 1012 711 philosophia
1034 640 1110 691 arct‘e
1130 631 1207 690 idem
1225 653 1287 692 cum
1303 632 1389 712 placi·¹

171 730 207 788 tis
226 726 262 787 de
280 727 382 812 pulcro
397 741 425 786 et
444 749 537 786 amore
562 715 750 806 conjunctum
763 741 829 803 est,
852 742 883 786 ut
901 749 961 787 non
982 729 1074 787 solum
1084 775 1092 802 ,
1113 728 1186 806 quid
1205 731 1243 790 sit
1263 733 1373 806 discere,

172 824 221 884 sed
240 827 327 900 item,
350 811 430 884 unde
447 826 620 906 repetendus
647 828 683 886 sit
712 829 805 910 ardor
824 826 875 884 ille
905 828 1058 902 discendi,
1079 840 1135 905 quo
1163 826 1265 907 flagrat
1290 828 1375 903 homo,

146 905 148 912 ,
169 923 327 983 efficiatur:
349 923 427 1002 quod
444 925 581 1005 perspicit
599 935 700 1004 sponte
719 925 770 1004 qui
790 924 931 1004 hymnum
951 925 1080 984 Platonis
1098 925 1132 983 in
1153 943 1295 1000 amorem,
1308 947 1375 1004 quae·

169 1044 223 1101 que
243 1043 295 1081 nos
314 1023 350 1082 de
368 1043 401 1081 eo
421 1021 566 1096 diximus,
588 1023 724 1082 memoria
743 1036 840 1098 tenet3
864 1022 913 1082 sed
932 1045 988 1102 quo
1013 1045 1045 1082 ea
1064 1022 1180 1082 facilius
1195 1023 1307 1101 jamin
1328 1024 1376 1083 teri

169 1103 390 1201 philosophiam*
401 1119 606 1194 adhibeamus,
628 1141 697 1201 age,
717 1120 860 1200 hymnum
877 1120 962 1179 illum
989 1111 1169 1180 attendamus
1189 1120 1303 1196 denuo,
1322 1121 1377 1178 mis-

169 1220 262 1298 sisque
280 1219 398 1300 poeticis
426 1218 618 1298 imaginibus,
640 1219 702 1280 sive
712 1265 720 1292 ,
743 1217 820 1304 quod
843 1219 959 1293 malim,
973 1206 1127 1300 'explicitis
1147 1219 1228 1294 illis,
1253 1233 1303 1293 ut,
1321 1217 1377 1297 quid

81 1332 83 1342 ’
169 1319 354 1391 contineant,
371 1316 574 1396 intelligatur,
603 1337 662 1375 rem
690 1316 780 1397 ipsam
808 1337 843 1375 ex
865 1317 927 1398 ipsa
950 1309 1193 1376 Platonisment'e
1218 1331 1247 1376 et
1272 1316 1377 1399 philoso·
1423 1307 1424 1394 l

169 1415 239 1495 plaia
258 1411 403 1490 declarare
423 1415 557 1474 nitamur.
601 1398 604 1407 ⁴
722 1413 724 1420 '
926 1425 930 1434 “
1094 1433 1095 1436 ’
1232 1428 1234 1431 ·
1423 1407 1424 1414 ¹

308 1602 528 1672 Paroraia
560 1619 693 1670 antaeo
723 1619 921 1669 recitant
952 1631 1127 1682 amorem
1149 1605 1251 1672 vari.

211 1807 334 1882 Sensus,
360 1789 456 1887 prouti
484 1806 569 1866 modo
597 1805 742 1880 vidimus,
765 1805 832 1864 licet
862 1827 922 1864 non
946 1825 1065 1881 verum,
1086 1808 1148 1868 siue
1168 1790 1199 1866 id
1223 1810 1305 1888 quod
1331 1817 1380 1879 eet,
1418 1817 1421 1841 ⁵

170 1894 407 1986 conspiciendum
434 1903 518 1964 nobis
546 1905 719 1986 praebeant,
740 1917 837 1963 tamen
860 1901 1011 1979 efficiunt,
1034 1917 1065 1964 ut
1090 1905 1292 1987 percipiendis
1311 1905 1381 1964 rebus

93 2012 97 2020 '
169 2004 296 2084 pulcris,
317 2004 421 2078 bonis,
447 2005 482 2061 iis
510 1991 628 2063 omnino
656 2023 729 2081 quac
756 2021 814 2061 esse
842 1999 1004 2077 videntur,
1026 2003 1202 2062 instauretur
1230 2005 1265 2062 in
1293 2005 1382 2064 animis
1423 2022 1424 2036 ¹

170 2103 274 2162 nostris
293 2103 382 2183 ipsius
402 2099 517 2180 pulcri,
538 2099 609 2159 boni
620 2146 628 2174 ,
650 2119 839 2178 eorumquae
858 2110 949 2176 aunt,
970 2107 1099 2178 quaeque
1118 2101 1181 2160 illic
1202 2101 1314 2161 fuimus
1329 2123 1381 2161 con·

169 2198 318 2278 templati,
332 2185 481 2256 memoria.
522 2197 558 2256 Id
577 2212 671 2256 autem
692 2198 792 2256 nullus
810 2196 900 2257 efficit
926 2216 1025 2261 sensus
1044 2197 1189 2258 efficacius
1207 2200 1382 2282 pleniusque,
1423 2201 1424 2204 ’

107 2299 117 2306 ’
170 2315 255 2372 quam
274 2295 352 2357 visus
380 2309 484 2354 noster.
526 2295 577 2354 Est
605 2297 682 2354 edim
707 2295 754 2354 hic
775 2294 812 2355 ad
831 2297 945 2373 pulcro
964 2305 1140 2382 'conversura
1162 2293 1277 2378 pulcris
1305 2315 1384 2361 autem
1418 2299 1424 2356 l

171 2392 249 2451 nihil
268 2407 308 2451 est
327 2393 405 2471 quod
417 2406 515 2472 tangat
532 2407 657 2452 mentem
675 2394 768 2453 acrius
787 2395 1040 2474 vehementiusque
1056 2410 1176 2456 moveat.
1197 2397 1271 2457 Nam
1289 2400 1384 2459 habent
1420 2437 1421 2440 =

77 2543 79 2548 .
170 2489 295 2559 caeterae
323 2488 404 2549 ideae
423 2491 455 2548 in
478 2489 564 2548 rebus
588 2490 666 2550 hisce
686 2492 791 2550 nostris
813 2493 964 2552 simulacra
992 2493 1150 2571 quaedam,
1173 2507 1204 2554 ut
1235 2496 1385 2558 bonumir
1420 2547 1421 2550 ,

170 2589 268 2663 honis,
284 2591 394 2666 justum
413 2590 444 2646 in
460 2589 562 2665 justis,
584 2604 714 2670 sanctum
732 2591 765 2649 in
783 2591 889 2650 sanctis
918 2592 975 2650 tam'
1002 2592 1142 2670 negotiis,
1163 2613 1250 2670 quam
1273 2596 1385 2657 homini·
1420 2629 1421 2636 κ

170 2687 223 2744 bus
241 2671 274 2744 ac
293 2685 489 2762 facinoribus,
512 2686 562 2746 sed
581 2687 732 2747 simulacra
760 2689 818 2746 tam
846 2688 942 2764 clara,
965 2702 1022 2747 tam
1051 2688 1193 2766 illustria,
1215 2714 1305 2771 quam
1328 2695 1386 2776 pnl—
1421 2711 1424 2728 ‘¹

170 2805 269 2858 crum,
290 2806 349 2842 non
372 2783 489 2845 habent.
532 2786 568 2845 Et
587 2807 654 2848 vero
670 2787 750 2846 ideae
768 2785 855 2862 illae,
870 2783 975 2866 ¹quales
988 2787 1070 2861 sint,
1092 2789 1247 2868 cogitando
1268 2794 1386 2872 assequi·
1423 2793 1424 2796 ’

171 2903 234 2939 mur
251 2903 350 2962 aegre:
372 2905 438 2940 narn
457 2883 664 2976 sensibus'non
682 2879 785 2966 patent
800 2884 904 2960 lona,
931 2888 1026 2964 justa,
1049 2893 1145 2946 sancta
1157 2909 1168 2944 :-
1186 2908 1240 2947 nee
1265 2891 1385 2954 videmus

170 2981 239 3054 illa,
260 2998 352 3060 neque
370 2980 503 3040 audimus
524 2982 619 3041 ullove
637 3002 720 3042 sensu
739 2985 938 3065 percipimusu
970 2984 1121 3042 Pulcrum
1148 2985 1233 3065 quale
1259 2992 1316 3067 sit,
1335 2994 1386 3072 ipso
1423 2991 1424 3072 l

171 3083 235 3142 risu
256 3081 365 3158 assequi
384 3079 470 3139 lieet:
491 3079 682 3160 oculis'cnim
704 3095 804 3163 patent
823 3083 943 3164 pulcra,
965 3097 1061 3163 estque
1080 3075 1127 3143 hic
1148 3095 1247 3146 sensus'
1267 3093 1386 3150 omnium

77 3229 80 3236 .
170 3199 303 3236 sensuum
327 3179 410 3258 longe
439 3177 688 3260 acutissimam
708 3181 810 3240 Pulcra
833 3181 938 3241 iccirco
956 3181 989 3240 in
1018 3182 1072 3240 hac
1100 3183 1270 3246 conditione
1301 3204 1387 3249 nostra

171 3277 230 3334 vim
247 3275 355 3334 habent
374 3279 546 3357 praecipue,
577 3291 608 3336 ut
635 3279 788 3358 superioris
807 3279 1025 3338 reminiscamur
1054 3279 1148 3356 vitae,
1174 3303 1306 3364 quaeque
1333 3287 1386 3346 illic

172 3373 297 3434 vidimus
308 3421 316 3448 ‚
338 3389 432 3434 mente
453 3375 536 3434 nobis
564 3389 774 3458 repraesentare
801 3374 897 3437 denuo
924 3379 1082 3457 possimus,
1099 3371 1328 3463 ,eitardescatque
1353 3385 1387 3443 ita

144 3545 149 3560 .
171 3473 201 3530 in
230 3473 334 3532 animis
354 3473 458 3532 nostris
483 3474 618 3546 scientiae
640 3474 786 3555 ipsiusque
805 3475 933 3535 ueritatis
954 3475 1069 3557 cupido.
1092 3473 1125 3556 2)

210 3569 327 3630 Scilicet
345 3593 405 3630 non
424 3573 464 3631 ita
483 3572 567 3632 nobis
586 3571 622 3630 de
641 3589 709 3634 vero
725 3571 950 3633 existimandum
960 3618 969 3650 ,
984 3575 1065 3654 quasi
1085 3571 1231 3640 diversum
1250 3579 1289 3636 sit
1307 3578 1386 3659 plane

202 3854 226 3919 1)
245 3856 273 3908 ln
293 3859 416 3922 proximis
440 3858 556 3935 nonnihil
576 3860 724 3911 mutandum
742 3858 852 3910 videtur.
870 3841 958 3925 ’Όψις
976 3842 1043 3933 ’γᾶρ
1069 3844 1142 3932 ημῖν
1169 3847 1299 3936 σ’ξυτάτη
1333 3854 1387 3916 τῶν
1423 3869 1424 3872 ’

169 3944 220 4010 dai
245 3949 299 4009 τοῦ
311 3943 463 4028 ,σώματος
489 3945 607 4031 ἔρχεται
633 3945 818 4034 definierunt,
839 3941 864 4038 ᾗ
884 3945 1029 4034 φρόνησις
1050 3947 1107 4032 οὐχ
1129 3947 1242 4036 ὁρᾶται.
1286 3969 1385 4038 Legen-

168 4063 226 4112 dum
247 4071 299 4112 est:
326 4041 509 4132 αἰσθήσεων·
532 4047 610 4134 ἠδὲ
631 4049 776 4136 φρόνησις
797 4091 836 4102 --
905 4135 906 4140 1

201 4161 226 4228 2)
249 4165 349 4214 Plaedr
375 4162 433 4214 250.
457 4164 494 4215 ct.
522 4182 599 4232 supra
613 4181 640 4231 p.
657 4165 697 4234 72,
717 4164 831 4217 Platonis
858 4166 891 4216 de
905 4145 1064 4236 ἀναμνήσει
1078 4167 1221 4217 doctrinam
1241 4175 1313 4218 arcte
1331 4182 1384 4219 esse

167 4273 224 4306 cum
250 4256 366 4308 doctrina
389 4257 421 4307 de
446 4257 536 4324 pulcro
560 4257 737 4322 conjunctam,
761 4258 838 4313 docte
860 4267 1046 4326 accurateque,
1067 4258 1191 4321 attolat,
1215 4262 1384 4326 posteriorum

164 4343 225 4392 item
248 4343 400 4409 scriptorum
423 4345 573 4394 auctoritate
594 4343 780 4396 demonstravit
799 4344 913 4396 Creator.
933 4344 966 4396 ad
984 4343 1049 4396 Plot.
1071 4343 1103 4396 de
1116 4343 1197 4410 pulcre
1214 4362 1239 4411 p.
1261 4344 1312 4398 166
1329 4360 1379 4412 sqq.

164 4427 221 4478 Vid.
235 4428 296 4480 item
315 4428 361 4479 Ast
376 4427 408 4480 ad
424 4427 532 4480 Phaedr.
547 4426 605 4480 249.
622 4427 650 4480 Ο.
