2950 5134
760 253 799 312 ts

164 422 247 482 nulla
265 419 391 480 fierent?
413 429 461 473 aut
480 415 549 495 ipsis
568 415 653 472 etiarn
669 413 851 475 virtutibus?
873 417 931 476 Nec
950 419 1028 476 euim
1046 417 1391 500 fortitudine-egeremus,

164 520 247 580 nullo
271 517 418 600 proposito
439 527 488 572 aut
507 511 622 586 labore,
643 526 692 571 aut
714 513 862 595 periculo:
886 536 938 573 nee
955 517 1087 593 justitia,
1115 537 1179 574 cum
1209 533 1280 577 esset
1300 519 1391 593 nihil,

162 618 240 697 quod
258 628 458 698 appeteretur,
480 611 583 672 alieni:
606 632 658 668 nee
677 614 884 692 temperantia,
905 634 977 693 quae
993 615 1100 693 regeret
1119 635 1164 672 eas
1174 661 1182 689 ,
1204 636 1275 694 quae
1297 618 1392 676 nullae

162 729 272 789 essent,
295 712 452 772 libidines:
476 732 512 769 ne
532 709 687 790 prudentia
708 711 825 788 quidem
853 733 1013 791 egeremus,
1035 713 1118 772 nullo
1144 712 1259 773 delectu
1289 737 1392 795 propo-

161 815 215 872 sito
236 813 375 872 bonorum
397 824 424 868 et
443 808 603 867 malorum:
628 807 691 865 Uno
712 815 815 888 igitur
834 833 961 870 οιιιιιιαι
981 813 1060 868 beati
1077 819 1244 891 cognitione
1263 823 1392 870 naturae

160 922 189 969 et
210 918 337 970 seientia
349 955 357 983 ,
379 929 438 986 quo
459 907 520 990 τρία
540 914 631 964 etiam
654 903 786 965 Deorum
806 917 850 966 ost
871 916 934 966 vito
955 910 1117 968 derodendo.
1127 934 1141 965 ιι
1159 908 1187 988 l)

492 1101 539 1162 De
558 1110 691 1179 pristino
712 1111 808 1160 animi
830 1114 859 1162 et
874 1125 954 1180 puro
975 1116 1067 1164 stota.

203 1303 266 1376 Quo
284 1300 373 1379 magis
391 1298 460 1358 haee
480 1299 586 1379 placita
611 1319 647 1357 ex
669 1300 728 1379 ipsa
754 1297 881 1358 Platonis
900 1311 994 1358 mente
1016 1287 1244 1382 perceperimus,
1266 1325 1301 1362 eo
1331 1293 1391 1382 ple-

162 1401 229 1460 nius
248 1397 448 1476 intelligemus
461 1397 531 1471 illa,
553 1419 624 1476 quae
648 1396 685 1456 de
708 1398 832 1478 pristino
860 1398 949 1456 animi
969 1411 996 1456 et
1016 1420 1088 1478 puro
1107 1413 1181 1459 statu
1199 1403 1232 1459 in
1262 1401 1391 1460 Phaedro

159 1497 375 1578 pronunciavit.
427 1495 484 1556 Sed
514 1517 546 1553 eo
580 1495 745 1575 priusquam
779 1509 977 1570 transeamus,
1008 1497 1083 1556 hane
1113 1499 1196 1558 etiam
1225 1498 1389 1580 philosophi

160 1595 342 1654 attendamus
361 1593 397 1652 de
417 1592 515 1652 indole
535 1608 631 1652 nostra
652 1607 679 1652 et
698 1607 799 1652 natura
819 1594 999 1653 sententiam.

198 1694 248 1752 Nil
276 1691 359 1752 homo
387 1690 513 1772 possidet
540 1691 636 1750 animo
664 1691 805 1752 divinius.
858 1685 987 1752 Hilarior
1017 1687 1073 1774 γάρ
1105 1694 1166 1754 torio
1197 1687 1290 1756 αι’τοῦ
1322 1717 1389 1776 κτρ-

156 1783 260 1869 μάτων
291 1784 366 1868 μετά
398 1782 488 1862 θεοὺς
520 1783 607 1869 ψυχά
640 1782 803 1849 θειότατον.
836 1791 867 1874 2)
914 1795 1041 1870 Verum,
1079 1797 1173 1874 qualis
1201 1796 1251 1854 ille
1281 1799 1337 1868 sit,
1367 1798 1388 1853 si

143 1895 323 1974 <cognoscere
353 1892 492 1965 velimus,
514 1890 593 1950 haud
622 1892 728 1952 intueri
757 1913 821 1949 eum
845 1906 954 1972 oportet
978 1892 1121 1973 pollutum
1150 1896 1389 1974 inquinatumque

157 1992 284 2072 corporis
302 1991 502 2048 communione
523 2003 551 2068 et
569 1989 687 2050 caeteris
708 1988 808 2064 malis3
832 1989 882 2048 sed
893 2036 900 2063 ,
924 2004 954 2050 ut
980 1993 1081 2050 natura
1110 1992 1262 2065 sehabet,
1285 2013 1387 2074 purum
1415 2053 1420 2063 ,

157 2103 185 2148 et
203 2090 346 2148 sincerum
367 2087 529 2148 discernere
548 2109 600 2145 nos
616 2109 680 2145 earm
699 2101 809 2168 oportet
830 2089 939 2148 ratione
958 2103 985 2148 et
1004 2089 1173 2171 perspicere.
1200 2090 1272 2165 'Qui
1296 2092 1388 2151 Glau-

158 2208 223 2246 cum
251 2187 393 2246 marinum
420 2184 541 2259 vident,
562 2183 641 2244 haud
667 2200 784 2264 possunt
809 2186 854 2244 illi
883 2207 918 2244 ex
947 2203 1095 2268 praesente
1123 2190 1215 2269 specie
1240 2193 1386 2270 antiquam

157 2287 217 2364 ejus
237 2298 368 2343 naturam
389 2285 517 2362 assequi:
541 2305 605 2342 nam
631 2285 756 2363 corporis
780 2298 874 2366 partes
892 2284 964 2344 aliae
993 2297 1061 2346 sunt
1083 2287 1205 2360 fractae,
1227 2287 1302 2346 aliae
1323 2309 1385 2346 con·

156 2383 257 2455 tritae,
284 2396 405 2442 cunctae
435 2381 521 2440 undis
552 2381 742 2460 fluctibusque
772 2396 944 2462 corruptae:
976 2384 1185 2444 adhaerescunt
1207 2387 1273 2445 item
1293 2385 1385 2444 aliena

153 2480 235 2556 illis,
256 2480 432 2559 conchylia,
454 2479 536 2562 alga,
558 2479 669 2560 lapides
680 2527 687 2553 ,
709 2501 765 2557 quo
785 2479 836 2554 fit,
858 2495 889 2540 ut
919 2483 1013 2540 cuivis
1030 2483 1125 2555 ferae,
1151 2504 1235 2561 quam
1254 2484 1385 2544 sibimet-

153 2579 228 2659 ipsi,
267 2577 388 2638 similior
419 2580 464 2638 sit.
517 2571 605 2640 Οὕτω
632 2575 680 2637 καί
711 2571 765 2659 τήν
791 2572 895 2658 ψυχάν
922 2572 1005 2659 ἡμεῖς
1030 2574 1178 2658 θεώμεθα
1204 2576 1386 2660 διακειμένην

153 2670 213 2736 ino*
236 2673 352 2757 μυρίων
373 2676 476 2738 κακῶν.
499 2680 529 2760 3)
559 2681 642 2739 Pori
660 2701 710 2738 ιιοι
730 2703 841 2759 quoquo
856 2683 1023 2741 conditione
1033 2691 1168 2741 αειιίιιιιιιι
1177 2707 1257 2742 nuno
1266 2693 1384 2762 conopi-

153 2788 268 2853 οιόιιιο,
295 2780 429 2856 infinitio
456 2780 600 2858 offertum
624 2781 723 2839 molto.
772 2780 832 2838 Hac
864 2781 1072 2860 comparatione
1100 2780 1179 2840 Plato
1207 2793 1383 2861 praesentem

153 2877 281 2943 declarat
300 2879 389 2938 animi
408 2893 525 2954 statum,
544 2900 601 2959 quo
621 2879 708 2958 magis
728 2899 898 2957 auguremur
922 2879 1010 2953 inde,
1039 2879 1180 2958 quaeolim
1200 2881 1261 2957 ejus
1278 2881 1383 2941 eondi-

152 2977 194 3035 tio
213 2976 319 3051 fuerit,
340 2997 411 3055 quae
431 2975 538 3037 deinde
559 2978 595 3036 sit
615 2977 719 3037 lutura.
742 2975 826 3049 Quod
845 2997 881 3033 ex
902 2974 999 3034 indole
1018 2980 1078 3054 ejus
1096 2991 1124 3036 et
1142 2979 1268 3037 naturali
1288 2980 1383 3040 studio

154 3072 251 3135 efficit.
282 3075 352 3133 Nam
387 3076 479 3155 pergit
512 3074 656 3134 Socrates:
698 3068 769 3134 άλλά
802 3072 865 3146 δεῖ,
899 3065 925 3134 ol
951 3069 1108 3150 Γλαύκων,
1142 3074 1230 3136 ἐκεῖσε
1260 3073 1381 3156 βλέπειν.

152 3175 234 3244 Παῖς
262 3168 283 3254 ἦ
311 3167 338 3232 d’
369 3165 411 3245 ὅς.
445 3171 509 3246 ,Εἰς
540 3169 594 3254 τήν
627 3174 801 3256 φιλοσοφίαν
834 3171 942 3258 αὐτῆς,
972 3175 1022 3237 καὶ
1054 3176 1158 3239 ἐννοεῖν
1191 3167 1232 3238 ὦν
1262 3171 1381 3240 ἅπτεται

153 3274 202 3336 καί
232 3271 304 3338 οἵων
332 3271 443 3354 ἐφίεται
476 3268 616 3353 ὁμιλιῶν,
651 3272 691 3352 οἷς
722 3273 857 3360 §ayrardo
889 3273 966 3352 οὖσα,
994 3281 1037 3364 τρῖ
1067 3304 1097 3341 τε
1125 3279 1199 3365 deiru
1225 3281 1272 3341 καὶ
1300 3277 1380 3343 oido-

152 3371 232 3462 νάτιμ
263 3376 311 3438 καί
336 3376 382 3462 τῷ
408 3371 452 3438 tiri
480 3371 560 3452 ὄντι,
591 3379 639 3440 καὶ
667 3377 717 3443 o‘o'a
743 3377 780 3441 άν
805 3375 913 3461 γένοιτο
939 3382 983 3468 τῷ
1007 3371 1128 3468 Ιτοιούτω
1154 3385 1233 3443 πᾶσα
1260 3382 1378 3444 ἐπιστο-

152 3473 246 3562 μένη,
279 3477 327 3540 καὶ
357 3473 417 3540 cinti
447 3474 556 3562 ταύτης
587 3482 641 3563 τῆς
678 3477 775 3565 ὁρμῆς
806 3481 1013 3562 ἐκκομισθεῖσα
1044 3483 1075 3544 ἐκ
1104 3485 1160 3546 τοῦ
1188 3479 1316 3562 πόντου,
1349 3483 1379 3545 ἒν

151 3575 176 3669 ᾦ
207 3583 260 3644 νῦν
292 3576 352 3642 ἔστι
363 3631 372 3657 ,
404 3581 452 3643 καὶ
482 3590 726 3667 περικρουσθεῖσα
757 3581 865 3668 πέτρας
892 3607 920 3646 τε
948 3586 996 3646 καὶ
1023 3582 1150 3667 ὄστρεα,
1172 3587 1189 3648 ἃ
1212 3589 1263 3677 νῦν
1283 3584 1376 3674 αὐτῇ,

152 3679 202 3747 du
235 3685 290 3766 γῆν
322 3681 503 3772 ἑστιωμένῃ,
533 3682 625 3769 γεηρά
657 3688 705 3748 καὶ
736 3683 873 3768 τιετριόιλη
901 3683 993 3748 πολλά
1014 3689 1061 3751 καὶ
1082 3685 1168 3774 άγρια
1189 3686 1376 3773 περιπέφυκεν

149 3783 210 3850 dud
240 3789 301 3849 τοῖν
326 3781 511 3868 εὐδαιμόνων
538 3785 699 3870 λεγομένοιν
726 3779 890 3851 ἑστιάσεων.
935 3791 993 3852 Sed
1015 3795 1108 3868 illuc,
1129 3818 1143 3853 ο
1165 3795 1293 3869 Glauco,
1313 3817 1375 3854 σοιι-

151 3895 192 3952 loc
209 3904 377 3950 convertere
395 3895 537 3952 debemus,
566 3893 700 3951 Insitom
720 3903 819 3952 οιιιίιιο
838 3895 989 3968 etodium,
1003 3901 1099 3952 insito
1119 3895 1199 3952 nobis
1218 3894 1374 3970 spectando
1454 3965 1455 3970 Ἰ

151 4003 196 4051 eat
214 3999 280 4068 ejus
294 3993 492 4069 philosophia.
535 3992 786 4052 Animadverterat
806 4003 936 4070 oportet,
958 4013 1032 4071 quoe
1059 4002 1194 4069 eapatot,
1215 4013 1289 4070 quoa
1310 4013 1373 4048 om-

146 4094 318 4169 plectotur‚
339 4093 513 4168 quibuscum
533 4113 561 4149 se
574 4099 672 4172 jungi
686 4101 800 4172 gestiat
809 4139 817 4166 ,
838 4104 874 4150 ut
892 4095 991 4151 divino
1007 4102 1036 4150 et
1051 4092 1216 4150 immortali
1227 4103 1256 4150 et
1266 4097 1372 4168 sempi-

159 4233 199 4242 -ο
203 4231 412 4240 ——-.—---

184 4300 208 4366 ll
228 4303 326 4371 Froptn.
345 4302 385 4354 37.
404 4321 429 4369 p.
449 4300 506 4352 482.
527 4300 604 4353 Orell.

183 4387 209 4454 2)
229 4391 264 4440 De
281 4391 352 4456 Loqq.
371 4389 402 4438 V·
422 4386 478 4438 726.
497 4386 527 4438 Α.

182 4471 208 4537 3)
226 4479 263 4527 De
281 4477 340 4543 ttep.
358 4475 387 4524 Χ.
405 4473 462 4523 611.
481 4471 511 4524 D.
