2872 5122
635 305 704 374 rus

60 491 170 553 ureret,
190 477 283 552 oculis
311 476 380 536 haec
409 476 470 534 fere
498 465 637 534 lectorum
661 475 804 551 subjicere
832 474 963 550 studuit,
994 487 1081 555 utque
1107 489 1167 536 tum
1196 476 1281 538 nobis
1340 479 1343 488 '

59 575 205 635 Phaedrus
222 573 358 657 apparuit
380 566 399 634 o'
425 565 602 656 φιλόκαλος,
625 567 644 635 o'
671 566 869 655 φιλόμουσος,
897 566 915 633 ὁ
944 565 1097 654 ἐρωτικός·
1130 573 1171 632 ita
1200 593 1280 636 nunc

63 675 240 733 thoracam
259 661 474 755 explorablmus
483 723 491 752 ,
504 669 560 736 τόν
572 670 709 758 εὐμαθῆ,
727 669 782 736 adr
797 674 971 756 φιλομαθῆ,
984 669 1038 736 uuir
1054 668 1140 756 φύσει
1156 661 1281 754 φιλόσο-

60 773 298 855 pauperumque
318 795 397 833 nunc
418 776 502 836 nobis
521 778 693 839 Theaetetus
713 777 796 836 hicce
814 777 1027 859 philosophiam
1043 786 1110 837 cari
1130 775 1281 850 recludet,

60 890 84 934 ut
100 880 162 933 ante
179 893 231 931 nos
250 869 337 930 duxit
357 873 389 932 in
404 877 511 950 pulcra
530 877 745 958 philosophiam
765 875 921 936 Phaedrus.

90 970 237 1049 Dialogus,
265 990 351 1048 quem
380 971 595 1051 significamus,
617 975 767 1036 Theaeteti
796 975 913 1035 nomine
933 975 1110 1055 inscriptus,
1140 971 1281 1052 eiusmodi

58 1067 131 1128 habet
156 1067 326 1143 exordium,
358 1083 408 1146 ut,
435 1092 523 1151 quam
544 1074 679 1134 eximiam
698 1073 870 1133 Theaetetus
888 1093 905 1133 a
925 1073 1040 1132 teneris·
1057 1072 1187 1132 indolem
1213 1093 1282 1152 pro-

58 1165 171 1240 diderit,
192 1185 228 1224 ex
254 1165 387 1226 Euclidis
416 1189 482 1230 cum
507 1173 666 1254 Terpsione
696 1170 876 1232 sermonibus
903 1171 1102 1251 intelligamus
1130 1172 1280 1230 continuo.

58 1266 118 1324 llam
133 1264 258 1344 Megaris
277 1264 328 1324 ille
347 1265 380 1325 in
399 1266 479 1329 huuc
504 1269 658 1345 incidens,
680 1270 712 1330 in
739 1284 825 1352 portu
850 1289 879 1329 se
899 1283 997 1328 narrat
1021 1268 1210 1330 Theaetetum
1238 1269 1281 1330 vi·

25 1421 30 1438 ,
57 1362 138 1438 disse,
157 1361 366 1424 moribundum
388 1366 466 1441 fere,
486 1389 576 1447 quum
597 1368 788 1444 uulneribus,
809 1387 883 1448 quae
910 1368 943 1426 in
967 1368 1028 1426 acie
1055 1378 1223 1446 acceperat,
1253 1379 1282 1428 st

57 1462 133 1540 magis
148 1462 234 1520 etiam
252 1460 418 1542 dysenterid
436 1464 589 1542 laborans,
610 1467 751 1527 Corintho
782 1466 910 1526 Athenas
938 1463 1182 1527 transveheretur.
1222 1464 1280 1524 Htc

57 1559 206 1641 Terpsion:
232 1560 340 1634 «Quem
361 1582 448 1638 vero,
480 1565 594 1644 inquit,
626 1567 723 1626 virum
740 1567 773 1625 in
792 1566 893 1624 mortis
907 1563 1038 1646 periculo
1058 1563 1167 1623 versari
1187 1561 1279 1624 dacis!

9 1661 10 1668 ’
56 1651 149 1719 Καλόν
167 1680 199 1719 τε
221 1656 271 1720 καὶ
291 1652 423 1738 ἀγαθόν,
453 1661 650 1745 oTerpsion,
672 1664 788 1744 reponit
816 1662 972 1740 Euclides,
995 1677 1023 1721 et
1040 1683 1110 1722 sane
1128 1663 1280 1722 comitatus
1330 1705 1331 1708 η

56 1782 110 1820 eum
126 1775 348 1844 prosecutusque
367 1762 406 1822 ad
424 1761 546 1822 Erinum
569 1761 598 1842 l)
625 1783 731 1842 usquc,
763 1784 828 1822 cum
851 1762 909 1822 huc
933 1760 1077 1836 redirem,
1096 1761 1129 1820 in
1155 1773 1281 1820 mentem

56 1859 115 1918 mihi
133 1858 259 1920 Socratis
278 1860 379 1935 uenit,
400 1859 613 1940 admiratusque
633 1881 714 1935 sum,
735 1883 821 1941 quam
840 1881 908 1921 vere
934 1859 987 1918 ille
1015 1873 1043 1919 et
1071 1859 1107 1920 dc
1126 1858 1192 1923 aliis
1210 1857 1281 1918 alias

56 1957 126 2018 etde
144 1957 198 2018 hoc
217 1959 248 2018 in
269 1959 371 2038 primis
392 1959 568 2020 vaticinatus
586 1959 632 2019 sit
669 1959 796 2043 Videtur
813 1957 982 2032 enimumihi
1002 1959 1102 2039 paucis
1121 1971 1188 2016 ante
1207 1977 1280 2016 mor·

56 2069 102 2116 tem
118 2055 223 2116 diebus
241 2055 528 2131 illi,adolescentulo
548 2059 724 2132 etiamtunc,
745 2058 861 2118 obviam
880 2057 973 2116 factus
983 2102 991 2131 ,
1013 2077 1159 2135 quumque
1178 2055 1279 2114 fuisset

57 2173 110 2212 cum
138 2174 171 2213 eo
200 2135 378 2230 collicutus,
398 2177 535 2238 perquam
563 2157 624 2234 ejus
650 2155 779 2218 indolem
805 2156 964 2217 admiratus
991 2175 1067 2214 esse:
1089 2153 1163 2213 mihi
1187 2167 1282 2213 autem

8 2243 10 2254 ²
57 2251 173 2313 Athenas
191 2254 323 2315 venienti
341 2274 408 2314 cum
426 2275 570 2314 sermones
590 2255 755 2330 enarravit,
775 2275 846 2334 quos
864 2275 930 2314 cum
948 2274 980 2312 eo
998 2252 1157 2326 habuerat,
1179 2250 1283 2331 dignos

9 2337 10 2344 ἵ
57 2349 148 2410 auditu
171 2371 257 2427 sane,
279 2366 342 2411 tum
366 2351 501 2428 addidit,
521 2367 713 2434 praestantem
738 2354 853 2429 virum,
874 2352 898 2412 si
922 2350 1110 2426 adolevisset,
1131 2371 1197 2410 eum
1219 2350 1282 2410 sine

57 2445 135 2508 dubio
163 2449 321 2510 futurum.»
346 2447 378 2530 2)
397 2493 429 2506 ...
457 2451 534 2510 Haec
560 2451 593 2512 iu
621 2449 758 2527 exordio,
791 2450 842 2511 sed
869 2450 973 2526 nobis,
1004 2451 1099 2530 qualis
1118 2448 1170 2508 illa
1190 2460 1282 2508 aetate

7 2549 9 2554 '
57 2545 217 2608 Theaetetus
235 2549 341 2625 fuerit,
362 2569 399 2609 eu
416 2548 461 2608 his
480 2549 551 2630 ipsis
567 2550 791 2628 maxime,qu0s
804 2548 943 2610 Euclides
963 2563 1118 2624 memorat,
1139 2545 1282 2608 sermoni-

7 2651 9 2654 '
57 2642 102 2704 bus
120 2646 284 2727 intelligere
310 2647 388 2708 licet.
429 2648 508 2716 Nam¹
525 2646 629 2707 lacrum
653 2648 728 2708 facta
753 2648 919 2723 mentione,
939 2661 1019 2728 rogat
1039 2668 1104 2706 euru
1122 2644 1281 2726 Terpsion,

7 2749 8 2754 ’
59 2756 84 2801 ut
99 2764 193 2806 secum
210 2767 257 2806 eos
275 2746 487 2806 communicet:
508 2746 560 2806 ille
586 2766 656 2807 vero
674 2745 814 2825 idfacile
835 2746 930 2806 amico
946 2745 1109 2826 recipiens,
1130 2756 1281 2825 postquam

7 2833 8 2836 ¹
58 2842 129 2902 ambo
147 2857 311 2926 opportuno
331 2845 393 2906 loco
413 2844 622 2921 consederant,
643 2866 725 2906 servo
740 2845 850 2904 librum
869 2842 977 2919 tradit,
992 2865 1049 2922 quo
1069 2865 1116 2902 eos
1134 2843 1194 2925 ipse
1213 2863 1280 2903 con·

55 2941 199 3020 scripserat
212 2942 299 3018 olim,
321 2957 349 3004 et
367 2942 528 3026 praelegere
542 2943 637 3020 jubet.
668 2942 772 3003 Habiti
792 2957 888 3002 autem
906 2964 922 3002 a
941 2941 1057 3002 Socrate
1077 2943 1194 3002 lucrant
1213 2961 1279 3002 cum

60 3037 199 3100 Theodoro
215 3043 393 3122 Cyrenaico,
413 3056 441 3102 et
459 3043 583 3123 primum
602 3043 721 3122 quidem
738 3042 775 3101 de
793 3042 962 3116 Theaeteto,
976 3055 1038 3100 tum
1058 3039 1192 3116 absente5
1214 3061 1280 3100 mox

60 3156 117 3197 rero
134 3140 196 3221 ipse
225 3154 379 3200 accesserat
397 3140 573 3202 adolescens.
615 3141 651 3200 Et
674 3140 853 3220 sicquidem
876 3161 994 3202 exorsus
1018 3138 1148 3199 Socrates
1175 3138 1280 3198 fuerat.

63 3235 109 3295 usi
136 3239 278 3319 Cyrenaei
301 3260 369 3320 prae
397 3239 516 3300 caeteris
544 3239 616 3300 milri
643 3242 730 3299 curae
754 3254 865 3316 essent,
896 3239 1103 3312 oTheudore,
1133 3235 1170 3296 de
1194 3235 1280 3296 rebus

61 3352 144 3394 eorum
161 3349 190 3394 te
208 3334 301 3416 deque
318 3339 354 3396 iis
374 3339 444 3418 ipsis
466 3357 613 3418 rogarem,
635 3359 707 3398 num
730 3339 780 3422 qui
800 3338 863 3398 illic
888 3337 1083 3399 adolescentes
1108 3337 1139 3399 in
1171 3357 1278 3416 geome·

61 3432 133 3491 triam
150 3434 245 3495 aliare
266 3433 362 3494 studia
382 3435 599 3512 incumberent,
626 3457 706 3494 nunc
726 3457 794 3496 vero
814 3438 911 3496 minus
928 3436 1013 3511 illos,
1042 3456 1128 3522 quam
1154 3435 1206 3495 hos
1230 3456 1279 3494 no·

62 3543 122 3589 stros
138 3553 219 3607 amo,
239 3534 391 3613 magisque·
402 3521 622 3609 novisse'avm,
643 3535 763 3614 quinam
782 3535 861 3616 apud
885 3555 938 3596 nos
957 3534 1153 3614 adolescentes
1171 3533 1280 3596 virtute

63 3627 204 3690 rideantur
221 3631 350 3710 insignes
369 3632 470 3692 futuri.
512 3633 574 3692 Hoc
594 3653 644 3714 ego
663 3634 770 3714 etipse
794 3633 914 3715 exploro
936 3654 988 3714 pro
1013 3631 1128 3694 viribus
1156 3645 1185 3690 et
1207 3631 1280 3691 alios
1367 3695 1372 3710 ¹

63 3745 133 3805 rogo,
152 3727 326 3807 quibuscum
337 3730 461 3807 juvenes
485 3730 572 3792 video
596 3730 730 3794 lubenter
754 3753 811 3792 esse
835 3753 906 3807 una;
928 3745 957 3790 te
976 3744 1072 3790 autem
1090 3728 1171 3790 baud
1194 3731 1279 3812 pauci

7 3817 8 3856 3
63 3839 210 3885 secuntur:
233 3847 286 3885 nec
306 3827 464 3888 immerito:
487 3850 554 3888 nam
573 3828 680 3910 dignus
695 3851 791 3889 eorum
810 3829 914 3890 studiis
934 3845 961 3889 et
979 3830 1097 3888 omnino
1117 3843 1192 3888 eset
1212 3849 1280 3911 geo-

64 3923 164 3981 metriae
178 3925 286 4006 grati33
309 3926 332 3985 si
351 3947 435 4006 quem
450 3928 539 4009 igitur
556 3941 657 3988 nactus
676 3949 705 3988 es
729 3942 884 3988 memoratu
909 3926 1048 4008 dignum,
1069 3926 1205 3986 lubenter
1225 3949 1280 3991 au-

65 4015 138 4080 diam.
177 4024 231 4084 Cui
251 4024 437 4102 Theodorus,
464 4028 561 4108 atqui,
593 4018 776 4103 oSocrates,
807 4025 980 4109 respondet,
1010 4040 1039 4085 et
1062 4047 1105 4085 me
1125 4028 1232 4086 referre
1251 4041 1279 4087 et

65 4127 87 4172 tr
104 4120 197 4180 audire
216 4125 405 4205 maximopere
423 4124 522 4202 decet,
544 4124 657 4208 qualem
677 4147 692 4184 e
711 4127 813 4188 vestris
833 4124 948 4185 civibus
965 4123 1174 4185 adolescentem
1193 4124 1279 4183 inre-

67 4215 161 4275 nerim:
182 4221 232 4299 qui
253 4223 277 4282 si
296 4223 437 4283 formosus
457 4239 547 4300 esset,
572 4225 691 4285 laudare
709 4247 774 4284 eum
799 4245 913 4285 vererer
924 4270 932 4300 ‚
954 4245 990 4282 ne
1011 4225 1058 4283 cui
1080 4224 1177 4284 forsan
1196 4220 1279 4280 illius

69 4351 304 4370 Ἢ

97 4422 117 4488 l)
134 4428 191 4482 Loci
213 4435 238 4484 in
257 4433 342 4484 Attica
361 4450 471 4498 nomen,
492 4443 518 4486 ut
537 4451 552 4486 e
570 4434 697 4487 Pausania
714 4436 800 4487 effecit
814 4435 947 4487 Heindorf.
978 4434 1010 4486 ud
1029 4434 1053 4486 b.
1082 4433 1100 4484 l.

97 4507 119 4572 ²)
139 4511 229 4569 rusa.
258 4517 308 4570 142
328 4517 356 4570 c.
558 4509 561 4518 “
