2908 5114
669 315 727 374 stt

88 497 178 538 sumus
195 477 323 557 captiui,
342 490 374 536 ut
392 477 488 558 prouti
508 476 649 536 hactenus
667 475 802 538 admirati
829 483 1046 542 sublimatam
1066 480 1232 541 Platonicae
1246 473 1317 557 plai-
1343 551 1349 562 ι

89 574 227 655 losophiae
242 595 358 649 sumus,
376 576 416 636 ita
435 595 514 635 nunc
544 573 672 653 ejusdem
701 578 947 656 simplicitatem,
977 584 1040 642 sine
1067 600 1124 660 qua
1142 597 1210 639 vera
1230 574 1320 635 subli-

88 674 164 732 nitas
182 671 264 732 nulla
284 685 343 748 est,
364 693 550 752 agnoscamus
567 686 596 732 et
616 693 753 734 amemus.

131 866 427 948 Quidprcprie
447 879 509 929 est
529 869 877 945 opudPlutonem
897 865 1262 953 meandusvoq1653

87 981 405 1041 [discernuntur
423 1005 442 1040 ο
458 991 744 1044 recentiorum
762 991 1048 1067 substantiis,
1069 991 1319 1061 monadibus,

242 1109 467 1177 assentiis,
485 1095 717 1179 νοονμένοις,
740 1096 784 1163 roi
806 1098 916 1185 roqrei
937 1106 1147 1167 Platonis.

120 1293 180 1350 Dici
201 1298 322 1356 omnino
340 1297 489 1358 Platonica
508 1322 578 1360 voce
598 1295 691 1381 νοητιὶ
709 1293 830 1384 possunt
848 1326 955 1383 quasa
984 1303 1195 1364 recentioribus
1213 1299 1313 1382 philo-

84 1390 174 1469 sophis
184 1392 289 1469 variis,
308 1417 381 1474 quae
391 1401 632 1478 memoravimus,
653 1403 822 1462 nominibus
837 1417 988 1463 vocantur.
1010 1403 1083 1462 Nam
1101 1423 1161 1461 non
1182 1399 1239 1458 nisi
1254 1397 1317 1478 ipsa

83 1501 186 1566 mente,
217 1485 301 1576 αὐτῷ
320 1493 365 1577 τῷ
384 1493 444 1579 νῷ,
468 1495 596 1579 intelligi
626 1504 834 1576 substantiae,
863 1505 1019 1576 monades,
1048 1500 1155 1560 similia
1185 1509 1315 1578 possunt.

84 1585 243 1651 Videantur
258 1592 331 1654 adeo
349 1594 516 1678 philosophi
537 1595 604 1673 illi,
632 1621 750 1680 prorsus
772 1600 900 1659 Platonis
920 1601 1013 1660 instar
1022 1645 1031 1675 ,
1051 1597 1194 1657 mundum
1209 1586 1318 1674 νοητδν

83 1687 224 1764 spectabili
236 1691 347 1753 mundo
366 1695 550 1776 opposuisse,
573 1711 604 1756 ut
623 1720 684 1758 non
702 1699 871 1757 miraremur
889 1719 1081 1779 magnopere,
1102 1697 1126 1756 si
1144 1698 1317 1776 quiseorum

83 1783 189 1862 placitis
205 1787 350 1850 Platonici
365 1791 468 1873 specius
486 1794 641 1873 imaginem
659 1794 820 1856 adhiberet.
864 1798 971 1856 Rerum
991 1795 1104 1855 scilicet
1124 1793 1315 1868 substantiam

81 1881 113 1940 ab
129 1904 176 1959 ea,
194 1907 270 1964 quae
290 1890 375 1949 nobis
389 1905 527 1972 apparet,
550 1893 647 1972 specie
667 1893 869 1956 discreverunt
879 1919 893 1976 3¹
909 1907 940 1954 ut
958 1906 1053 1952 autem
1068 1893 1139 1951 haec
1157 1891 1318 1972 nobisspe-

81 1980 132 2038 cies
146 1998 281 2063 apparet,
301 1987 342 2044 ita
361 1987 552 2047 substantiam
571 1991 633 2051 sive
651 1993 804 2052 essentiam
830 1990 1046 2050 contenderunt
1060 1989 1114 2048 soli
1125 1990 1186 2047 Deo
1207 2002 1316 2070 patere.

81 2077 159 2138 Unde
179 2081 339 2144 efficiamus
355 2085 460 2161 facile,
478 2085 567 2144 latere
589 2088 621 2146 iu
641 2088 688 2148 his
706 2089 794 2170 plane
813 2089 996 2148 Platonicum
1006 2085 1095 2162 illud,
1114 2086 1193 2164 quod
1214 2087 1326 2159 fertur,

82 2177 186 2238 umbras
198 2203 252 2242 nos
271 2206 367 2243 rerum
386 2204 522 2256 cernere,
542 2206 587 2244 res
597 2187 672 2266 ipsas
689 2208 743 2246 neo
761 2207 878 2245 cernere
899 2207 952 2244 uec
972 2185 1107 2264 cogitare.
1129 2183 1176 2242 Le
1189 2182 1228 2241 ib
1239 2205 1259 2240 n
1270 2183 1279 2240 i
1289 2195 1319 2241 t-
1392 2183 1402 2204 ⁴

82 2277 159 2336 zius
179 2277 253 2340 adeo
271 2280 308 2340 de
327 2282 374 2341 his
393 2281 563 2343 substantiis
594 2284 769 2342 vocabulum
795 2283 955 2356 Graecum,
976 2303 1035 2341 non
1056 2280 1174 2361 quidem
1191 2279 1319 2339 Platoni·

81 2391 156 2450 cum,
184 2376 236 2436 sed
266 2379 477 2460 Pythagoreum
509 2394 624 2457 tamen,
653 2403 746 2461 neque
789 2382 895 2440 iccirco
927 2403 944 2440 a
975 2379 1105 2439 Platonis
1135 2376 1320 2460 philosophia

82 2469 218 2549 alienum,
239 2478 409 2557 usurpavit,
436 2500 528 2556 quum
547 2480 686 2538 monades
708 2501 754 2538 eas
784 2478 956 2561 appellaret.
999 2477 1059 2536 Sed
1078 2474 1170 2535 multo
1200 2474 1320 2556 propius

80 2571 221 2632 etiamad
253 2575 402 2652 antiquam
433 2574 517 2635 illam
550 2577 690 2635 rationem
722 2575 897 2635 Kantius
927 2589 954 2632 et
993 2570 1321 2632 Hemsterhusius

80 2685 259 2731 accesserunt.
300 2670 427 2730 Kantius
456 2649 503 2731 ries
535 2671 668 2731 sensibus
697 2672 904 2754 percipiendas
933 2670 1175 2750 diligentissime,
1203 2679 1235 2724 ut
1257 2667 1318 2725 ani·

83 2769 281 2829 madvertimus
308 2768 355 2850 l),
391 2770 514 2830 archus
539 2771 658 2849 νοηταΐς
684 2768 887 2848 distinguens,
917 2769 1004 2850 plane
1034 2766 1184 2825 Platonica
1208 2765 1320 2824 tutione

79 2862 136 2928 illas
171 2862 208 2927 roi
233 2857 411 2950 φαινόμενα,
444 2874 497 2933 has
526 2865 565 2931 ed
596 2861 739 2946 νοούμενα
776 2867 914 2943 vocavit,
940 2866 1094 2944 idemque,
1119 2865 1142 2922 si
1162 2859 1317 2921 minusad

79 2961 140 3026 haec
149 2968 358 3049 distinguenda
377 2971 545 3052 speluncam
564 2972 707 3046 Platonis,
720 2963 859 3048 ejusmodi
880 2979 956 3024 certe
980 2963 1135 3042 imaginem
1155 2959 1320 3040 usurpavit,

79 3084 143 3140 quae
159 3066 255 3127 videri
276 3089 292 3126 a
310 3068 439 3128 Platonis
455 3069 643 3151 philosophia
672 3090 732 3128 uon
752 3066 849 3127 aliena
881 3063 984 3145 possit,
1027 3057 1174 3118 Mundum
1196 3056 1320 3137 adspec-

79 3161 188 3222 tabilem
208 3166 322 3225 insulae
344 3188 403 3226 esse
421 3167 548 3226 similem
568 3166 666 3242 dixit,
693 3179 774 3226 vasto
793 3183 900 3223 oceano
919 3158 1134 3220 circumdatae:
1154 3155 1242 3213 licere
1262 3154 1319 3213 ho-

79 3259 144 3318 miui
163 3263 194 3321 in
212 3263 269 3322 h‘ac
299 3263 416 3339 insula,
445 3286 581 3324 sensuum
601 3265 633 3324 in
665 3265 824 3345 primisque
852 3281 942 3342 purae
967 3257 1087 3317 rationis
1108 3276 1182 3336 ope,
1203 3252 1318 3333 singula

78 3377 141 3433 quae
160 3361 290 3436 adsunt,
310 3383 495 3442 cognoscere:
517 3383 589 3442 quae
610 3384 680 3424 vero
701 3375 786 3421 extra
807 3381 869 3419 eam
897 3371 982 3432 sunt,
1013 3376 1066 3414 neo
1086 3352 1218 3413 sensibus
1237 3372 1321 3433 posse

79 3474 124 3512 uec
143 3460 214 3536 pura
234 3461 294 3520 sive
313 3459 491 3536 theoretica,
512 3460 563 3520 sed
586 3460 645 3521 und
664 3458 792 3542 practica
812 3458 944 3529 ratione,
965 3456 1097 3532 quaead
1114 3452 1153 3512 τά
1176 3439 1321 3528 νοούμενα

78 3570 207 3614 conversa
227 3547 269 3616 ist
279 3603 288 3631 ,
308 3559 439 3638 percipi:
462 3559 567 3639 quodsi
587 3559 652 3637 quis
670 3579 702 3616 ea
724 3555 857 3616 sensibus
885 3555 959 3615 uelit
985 3554 1118 3633 assequi,
1137 3552 1217 3632 quod
1233 3550 1320 3631 plen'·

78 3668 128 3725 que
145 3653 319 3715 studuerunt
338 3657 545 3739 metaphysici,
566 3656 635 3715 huic
655 3653 819 3716 verendum
846 3673 1021 3734 magnopere
1040 3672 1113 3724 esse,
1136 3671 1190 3724 ne,
1211 3649 1322 3731 pariter

80 3759 157 3826 atque
176 3751 241 3827 illi,
261 3753 293 3812 in
321 3754 375 3814 isto
403 3755 617 3837 metaphysicae
649 3774 757 3813 oceano
787 3751 972 3830 naufragium
1000 3748 1136 3828 patiatur.
1178 3744 1236 3805 Sed
1256 3747 1319 3828 ipsa

77 3843 242 3931 philosophi
266 3852 355 3912 verba
381 3875 568 3934 apponamus,
611 3852 647 3911 In
666 3850 813 3932 prooemio
844 3846 1058 3927 disquisitionis
1079 3845 1116 3902 de
1138 3847 1321 3922 phaenome-

79 3964 197 4024 norum,
229 3971 301 4028 quae
332 3965 434 4026 vocat,
464 3965 493 4010 et
522 3971 737 4010 neomeniarum
768 3949 936 4008 discrimine
956 3945 996 4003 sic
1017 3943 1203 4024 pronunciat.
1249 3943 1322 4003 Wir

79 4041 166 4104 tuton
178 4054 262 4123 jetzt
280 4051 335 4109 dua
363 4048 519 4109 handen
547 4057 653 4107 reinan
676 4046 707 4106 V
705 4048 861 4106 arctandos
879 4045 965 4102 nicht
985 4043 1080 4100 allaim
1109 4044 1319 4115 durchreiaat3

80 4144 136 4200 und
145 4147 238 4219 sedon
264 4147 353 4206 Tacit
370 4149 466 4206 dauon
484 4148 654 4227 rorgfr'ilta'g
673 4154 706 4203 in
736 4145 951 4225 Aegeosclaain
969 4163 1164 4222 ganommen,
1192 4141 1320 4199 eandm

82 4260 109 4298 ar
127 4245 202 4302 euch
222 4247 433 4306 durcdmamn
443 4292 452 4322 ,
479 4249 542 4304 und
550 4247 654 4322 jodam
672 4243 777 4324 Dirige
796 4244 861 4318 cus
872 4243 1035 4301 damaalben
1055 4249 1136 4300 aeine
1157 4239 1251 4297 Stella
1271 4239 1321 4294 le-

80 4393 322 4410 ----.-.,...,..

108 4482 135 4547 1)
152 4487 227 4539 lnits'u
242 4507 267 4557 p.
281 4487 341 4540 335.
