<?xml version="1.0" encoding="UTF-8"?>
<!DOCTYPE html PUBLIC "-//W3C//DTD XHTML 1.0 Transitional//EN"
    "http://www.w3.org/TR/xhtml1/DTD/xhtml1-transitional.dtd">
<html xmlns="http://www.w3.org/1999/xhtml" xml:lang="en" lang="en">
 <head>
  <title>
</title>
<meta http-equiv="Content-Type" content="text/html;charset=utf-8" />
  <meta name='ocr-system' content='tesseract 3.04.00' />
  <meta name='ocr-capabilities' content='ocr_page ocr_carea ocr_par ocr_line ocrx_word'/>
</head>
<body>
  <div class='ocr_page' id='page_1' title='image "./initiaphilosoph02heusgoog_0542.png"; bbox 0 0 2898 5120; ppageno 0'>
   <div class='ocr_carea' id='block_1_1' title="bbox 642 297 754 364">
    <p class='ocr_par' dir='ltr' id='par_1_1' title="bbox 642 297 754 364">
     <span class='ocr_line' id='line_1_1' title="bbox 642 297 754 364; baseline 0.063 -7"><span class='ocrx_word' id='word_1_1' title='bbox 642 297 697 357; x_wconf 83' lang='lat'><strong>521</strong></span> <span class='ocrx_word' id='word_1_2' title='bbox 753 355 754 364; x_wconf 70' lang='grc'>,</span> 
     </span>
    </p>
   </div>
   <div class='ocr_carea' id='block_1_2' title="bbox 76 461 1288 2713">
    <p class='ocr_par' dir='ltr' id='par_1_2' title="bbox 78 461 1277 740">
     <span class='ocr_line' id='line_1_2' title="bbox 78 461 1277 546; baseline -0.003 -22"><span class='ocrx_word' id='word_1_3' title='bbox 78 465 160 546; x_wconf 76' lang='lat' dir='ltr'><strong>pergit</strong></span> <span class='ocrx_word' id='word_1_4' title='bbox 176 463 320 537; x_wconf 80' lang='lat' dir='ltr'><strong>Socrates,</strong></span> <span class='ocrx_word' id='word_1_5' title='bbox 340 461 411 520; x_wconf 91' lang='lat' dir='ltr'><strong>huic</strong></span> <span class='ocrx_word' id='word_1_6' title='bbox 428 461 539 522; x_wconf 84' lang='lat' dir='ltr'><strong>civitati</strong></span> <span class='ocrx_word' id='word_1_7' title='bbox 557 461 695 540; x_wconf 84' lang='lat' dir='ltr'>similem,</span> <span class='ocrx_word' id='word_1_8' title='bbox 715 461 946 524; x_wconf 87' lang='lat' dir='ltr'><strong>describendum.</strong></span> <span class='ocrx_word' id='word_1_9' title='bbox 988 465 1077 540; x_wconf 83' lang='lat' dir='ltr'><strong>Quem</strong></span> <span class='ocrx_word' id='word_1_10' title='bbox 1097 483 1165 524; x_wconf 85' lang='lat' dir='ltr'><strong>sane</strong></span> <span class='ocrx_word' id='word_1_11' title='bbox 1184 463 1277 522; x_wconf 90' lang='lat' dir='ltr'><strong>locum</strong></span> 
     </span>
     <span class='ocr_line' id='line_1_3' title="bbox 78 561 1276 644; baseline -0.003 -21"><span class='ocrx_word' id='word_1_12' title='bbox 78 563 203 623; x_wconf 89' lang='lat' dir='ltr'><strong>attentius</strong></span> <span class='ocrx_word' id='word_1_13' title='bbox 221 561 339 642; x_wconf 83' lang='lat' dir='ltr'>legisse,</span> <span class='ocrx_word' id='word_1_14' title='bbox 359 561 383 620; x_wconf 89' lang='lat' dir='ltr'><strong>si</strong></span> <span class='ocrx_word' id='word_1_15' title='bbox 407 561 527 621; x_wconf 80' lang='lat' dir='ltr'><strong>interius</strong></span> <span class='ocrx_word' id='word_1_16' title='bbox 546 561 693 642; x_wconf 81' lang='lat' dir='ltr'><strong>explorare</strong></span> <span class='ocrx_word' id='word_1_17' title='bbox 714 562 802 622; x_wconf 89' lang='lat' dir='ltr'><strong>animi</strong></span> <span class='ocrx_word' id='word_1_18' title='bbox 827 561 945 621; x_wconf 89' lang='lat' dir='ltr'><strong>humani</strong></span> <span class='ocrx_word' id='word_1_19' title='bbox 966 562 1212 644; x_wconf 79' lang='lat' dir='ltr'><strong>cupiditatumque</strong></span> <span class='ocrx_word' id='word_1_20' title='bbox 1236 580 1276 620; x_wconf 87' lang='lat' dir='ltr'><strong>ra·</strong></span> 
     </span>
     <span class='ocr_line' id='line_1_4' title="bbox 78 657 556 740; baseline -0.004 -20"><span class='ocrx_word' id='word_1_21' title='bbox 78 662 176 720; x_wconf 87' lang='lat' dir='ltr'><strong>tionem</strong></span> <span class='ocrx_word' id='word_1_22' title='bbox 196 660 337 734; x_wconf 82' lang='lat' dir='ltr'><strong>velimus,</strong></span> <span class='ocrx_word' id='word_1_23' title='bbox 357 680 417 718; x_wconf 91' lang='lat' dir='ltr'><strong>non</strong></span> <span class='ocrx_word' id='word_1_24' title='bbox 438 657 556 740; x_wconf 83' lang='lat' dir='ltr'><strong>pigebit.</strong></span> 
     </span>
    </p>

    <p class='ocr_par' dir='ltr' id='par_1_3' title="bbox 76 755 1288 2713">
     <span class='ocr_line' id='line_1_5' title="bbox 113 755 1278 846; baseline -0.003 -28"><span class='ocrx_word' id='word_1_25' title='bbox 113 759 270 839; x_wconf 61' lang='lat' dir='ltr'><strong>Sio‘igitur</strong></span> <span class='ocrx_word' id='word_1_26' title='bbox 297 757 389 839; x_wconf 85' lang='lat' dir='ltr'><strong>pergit</strong></span> <span class='ocrx_word' id='word_1_27' title='bbox 418 755 553 817; x_wconf 80' lang='lat' dir='ltr'><strong>Socrates.</strong></span> <span class='ocrx_word' id='word_1_28' title='bbox 597 756 698 822; x_wconf 72' lang='lat' dir='ltr'><strong>‹tliide</strong></span> <span class='ocrx_word' id='word_1_29' title='bbox 723 766 802 837; x_wconf 81' lang='lat' dir='ltr'><strong>jam,</strong></span> <span class='ocrx_word' id='word_1_30' title='bbox 831 757 946 837; x_wconf 87' lang='lat' dir='ltr'><strong>inquit,</strong></span> <span class='ocrx_word' id='word_1_31' title='bbox 976 757 1048 846; x_wconf 76' lang='lat' dir='ltr'><strong>quis¹</strong></span> <span class='ocrx_word' id='word_1_32' title='bbox 1066 757 1133 817; x_wconf 87' lang='lat' dir='ltr'><strong>talis</strong></span> <span class='ocrx_word' id='word_1_33' title='bbox 1161 757 1208 818; x_wconf 80' lang='lat' dir='ltr'><strong>vir</strong></span> <span class='ocrx_word' id='word_1_34' title='bbox 1226 757 1278 816; x_wconf 87' lang='lat' dir='ltr'><strong>sit:</strong></span> 
     </span>
     <span class='ocr_line' id='line_1_6' title="bbox 78 854 1281 938; baseline -0.003 -21"><span class='ocrx_word' id='word_1_35' title='bbox 78 856 120 917; x_wconf 82' lang='lat' dir='ltr'><strong>rel</strong></span> <span class='ocrx_word' id='word_1_36' title='bbox 145 858 286 938; x_wconf 87' lang='lat' dir='ltr'><strong>primum,</strong></span> <span class='ocrx_word' id='word_1_37' title='bbox 314 856 409 938; x_wconf 92' lang='lat' dir='ltr'><strong>prouti</strong></span> <span class='ocrx_word' id='word_1_38' title='bbox 437 856 468 915; x_wconf 92' lang='lat' dir='ltr'><strong>in</strong></span> <span class='ocrx_word' id='word_1_39' title='bbox 496 854 644 937; x_wconf 84' lang='lat' dir='ltr'><strong>republica</strong></span> <span class='ocrx_word' id='word_1_40' title='bbox 664 855 807 934; x_wconf 53' lang='lat' dir='ltr'><strong>decimus,</strong></span> <span class='ocrx_word' id='word_1_41' title='bbox 827 854 1059 936; x_wconf 81' lang='lat' dir='ltr'><strong>investigandum</strong></span> <span class='ocrx_word' id='word_1_42' title='bbox 1079 868 1138 929; x_wconf 87' lang='lat' dir='ltr'><strong>est,</strong></span> <span class='ocrx_word' id='word_1_43' title='bbox 1158 873 1281 934; x_wconf 88' lang='lat' dir='ltr'><strong>quonam</strong></span> 
     </span>
     <span class='ocr_line' id='line_1_7' title="bbox 78 951 1281 1036; baseline -0.003 -22"><span class='ocrx_word' id='word_1_44' title='bbox 78 968 152 1036; x_wconf 90' lang='lat' dir='ltr'><strong>pacto</strong></span> <span class='ocrx_word' id='word_1_45' title='bbox 176 956 301 1016; x_wconf 75' lang='lat' dir='ltr'><strong>exsistat.</strong></span> <span class='ocrx_word' id='word_1_46' title='bbox 342 954 431 1015; x_wconf 79' lang='lat' dir='ltr'><strong>Avari</strong></span> <span class='ocrx_word' id='word_1_47' title='bbox 458 965 542 1032; x_wconf 83' lang='lat' dir='ltr'><strong>atque</strong></span> <span class='ocrx_word' id='word_1_48' title='bbox 561 953 727 1034; x_wconf 83' lang='lat' dir='ltr'><strong>oligarcbici</strong></span> <span class='ocrx_word' id='word_1_49' title='bbox 745 954 834 1035; x_wconf 88' lang='lat' dir='ltr'><strong>patris</strong></span> <span class='ocrx_word' id='word_1_50' title='bbox 852 952 931 1012; x_wconf 87' lang='lat' dir='ltr'><strong>filius</strong></span> <span class='ocrx_word' id='word_1_51' title='bbox 950 953 1074 1034; x_wconf 88' lang='lat' dir='ltr'><strong>primum</strong></span> <span class='ocrx_word' id='word_1_52' title='bbox 1093 951 1209 1031; x_wconf 85' lang='lat' dir='ltr'><strong>quidem</strong></span> <span class='ocrx_word' id='word_1_53' title='bbox 1228 973 1281 1010; x_wconf 86' lang='lat' dir='ltr'><strong>cu·-</strong></span> 
     </span>
     <span class='ocr_line' id='line_1_8' title="bbox 78 1050 1281 1133; baseline -0.002 -22"><span class='ocrx_word' id='word_1_54' title='bbox 78 1053 203 1133; x_wconf 87' lang='lat' dir='ltr'><strong>piditates</strong></span> <span class='ocrx_word' id='word_1_55' title='bbox 222 1051 382 1128; x_wconf 79' lang='lat' dir='ltr'><strong>coercebit,</strong></span> <span class='ocrx_word' id='word_1_56' title='bbox 402 1071 474 1132; x_wconf 91' lang='lat' dir='ltr'><strong>quae</strong></span> <span class='ocrx_word' id='word_1_57' title='bbox 491 1071 550 1112; x_wconf 89' lang='lat' dir='ltr'><strong>non</strong></span> <span class='ocrx_word' id='word_1_58' title='bbox 568 1053 742 1114; x_wconf 87' lang='lat' dir='ltr'><strong>necessariae</strong></span> <span class='ocrx_word' id='word_1_59' title='bbox 768 1065 836 1112; x_wconf 90' lang='lat' dir='ltr'><strong>sunt</strong></span> <span class='ocrx_word' id='word_1_60' title='bbox 846 1095 854 1126; x_wconf 92' lang='lat'><strong>,</strong></span> <span class='ocrx_word' id='word_1_61' title='bbox 875 1071 931 1131; x_wconf 90' lang='lat' dir='ltr'><strong>quo</strong></span> <span class='ocrx_word' id='word_1_62' title='bbox 949 1052 1037 1132; x_wconf 83' lang='lat' dir='ltr'><strong>magis</strong></span> <span class='ocrx_word' id='word_1_63' title='bbox 1054 1071 1120 1132; x_wconf 91' lang='lat' dir='ltr'><strong>opes</strong></span> <span class='ocrx_word' id='word_1_64' title='bbox 1138 1050 1281 1110; x_wconf 87' lang='lat' dir='ltr'><strong>cumulet:</strong></span> 
     </span>
     <span class='ocr_line' id='line_1_9' title="bbox 79 1148 1284 1242; baseline -0.002 -32"><span class='ocrx_word' id='word_1_65' title='bbox 79 1149 146 1210; x_wconf 88' lang='lat' dir='ltr'><strong>idem</strong></span> <span class='ocrx_word' id='word_1_66' title='bbox 173 1171 260 1228; x_wconf 81' lang='lat' dir='ltr'><strong>vero,</strong></span> <span class='ocrx_word' id='word_1_67' title='bbox 292 1151 360 1226; x_wconf 90' lang='lat' dir='ltr'><strong>ubi,</strong></span> <span class='ocrx_word' id='word_1_68' title='bbox 389 1169 473 1232; x_wconf 87' lang='lat' dir='ltr'><strong>parca</strong></span> <span class='ocrx_word' id='word_1_69' title='bbox 500 1169 531 1209; x_wconf 92' lang='lat' dir='ltr'><strong>ac</strong></span> <span class='ocrx_word' id='word_1_70' title='bbox 557 1148 625 1232; x_wconf 88' lang='lat' dir='ltr'><strong>rudi</strong></span> <span class='ocrx_word' id='word_1_71' title='bbox 654 1150 764 1210; x_wconf 89' lang='lat' dir='ltr'><strong>ratione</strong></span> <span class='ocrx_word' id='word_1_72' title='bbox 793 1148 946 1224; x_wconf 86' lang='lat' dir='ltr'><strong>educatus,</strong></span> <span class='ocrx_word' id='word_1_73' title='bbox 973 1149 1095 1208; x_wconf 90' lang='lat' dir='ltr'><strong>aliorum</strong></span> <span class='ocrx_word' id='word_1_74' title='bbox 1123 1148 1284 1242; x_wconf 66' lang='lat' dir='ltr'><strong>uoluptates</strong></span> 
     </span>
     <span class='ocr_line' id='line_1_10' title="bbox 80 1235 1283 1330; baseline -0.003 -23"><span class='ocrx_word' id='word_1_75' title='bbox 80 1248 270 1330; x_wconf 84' lang='lat' dir='ltr'><strong>luxuriemque</strong></span> <span class='ocrx_word' id='word_1_76' title='bbox 300 1248 446 1309; x_wconf 87' lang='lat' dir='ltr'><strong>attendere</strong></span> <span class='ocrx_word' id='word_1_77' title='bbox 473 1268 505 1308; x_wconf 90' lang='lat' dir='ltr'><strong>ac</strong></span> <span class='ocrx_word' id='word_1_78' title='bbox 523 1245 672 1327; x_wconf 81' lang='lat' dir='ltr'><strong>degustare</strong></span> <span class='ocrx_word' id='word_1_79' title='bbox 691 1248 834 1329; x_wconf 89' lang='lat' dir='ltr'><strong>coeperit,</strong></span> <span class='ocrx_word' id='word_1_80' title='bbox 854 1245 942 1306; x_wconf 83' lang='lat' dir='ltr'><strong>facile</strong></span> <span class='ocrx_word' id='word_1_81' title='bbox 960 1259 1036 1306; x_wconf 88' lang='lat' dir='ltr'><strong>totus</strong></span> <span class='ocrx_word' id='word_1_82' title='bbox 1054 1235 1283 1306; x_wconf 86' lang='lat' dir='ltr'><strong>commutabitur</strong></span> 
     </span>
     <span class='ocr_line' id='line_1_11' title="bbox 81 1343 1282 1440; baseline -0.003 -34"><span class='ocrx_word' id='word_1_83' title='bbox 81 1347 214 1407; x_wconf 84' lang='lat' dir='ltr'><strong>Continuo</strong></span> <span class='ocrx_word' id='word_1_84' title='bbox 244 1345 451 1428; x_wconf 82' lang='lat' dir='ltr'><strong>repugnabit&#39;</strong></span> <span class='ocrx_word' id='word_1_85' title='bbox 442 1365 503 1427; x_wconf 80' lang='lat' dir='ltr'><strong>ipse</strong></span> <span class='ocrx_word' id='word_1_86' title='bbox 521 1345 650 1421; x_wconf 90' lang='lat' dir='ltr'><strong>sibimet,</strong></span> <span class='ocrx_word' id='word_1_87' title='bbox 671 1366 759 1425; x_wconf 88' lang='lat' dir='ltr'><strong>quum</strong></span> <span class='ocrx_word' id='word_1_88' title='bbox 772 1345 829 1406; x_wconf 90' lang='lat' dir='ltr'><strong>alio</strong></span> <span class='ocrx_word' id='word_1_89' title='bbox 849 1358 973 1440; x_wconf 87' lang='lat' dir='ltr'><strong>tempore</strong></span> <span class='ocrx_word' id='word_1_90' title='bbox 993 1345 1109 1426; x_wconf 88' lang='lat' dir='ltr'><strong>patris,</strong></span> <span class='ocrx_word' id='word_1_91' title='bbox 1120 1345 1178 1404; x_wconf 90' lang='lat' dir='ltr'><strong>alio</strong></span> <span class='ocrx_word' id='word_1_92' title='bbox 1197 1343 1282 1403; x_wconf 87' lang='lat' dir='ltr'><strong>luxu·</strong></span> 
     </span>
     <span class='ocr_line' id='line_1_12' title="bbox 79 1441 1285 1523; baseline -0.002 -19"><span class='ocrx_word' id='word_1_93' title='bbox 79 1446 206 1506; x_wconf 86' lang='lat' dir='ltr'><strong>riosorum</strong></span> <span class='ocrx_word' id='word_1_94' title='bbox 222 1443 372 1506; x_wconf 89' lang='lat' dir='ltr'><strong>bominum</strong></span> <span class='ocrx_word' id='word_1_95' title='bbox 393 1445 454 1506; x_wconf 80' lang='lat' dir='ltr'><strong>vita</strong></span> <span class='ocrx_word' id='word_1_96' title='bbox 473 1465 537 1504; x_wconf 91' lang='lat' dir='ltr'><strong>eum</strong></span> <span class='ocrx_word' id='word_1_97' title='bbox 556 1457 669 1504; x_wconf 87' lang='lat' dir='ltr'><strong>teneat·</strong></span> <span class='ocrx_word' id='word_1_98' title='bbox 689 1458 750 1505; x_wconf 91' lang='lat' dir='ltr'><strong>tum</strong></span> <span class='ocrx_word' id='word_1_99' title='bbox 766 1467 852 1523; x_wconf 87' lang='lat' dir='ltr'><strong>vero,</strong></span> <span class='ocrx_word' id='word_1_100' title='bbox 881 1441 1071 1503; x_wconf 88' lang='lat' dir='ltr'><strong>subeuntibus</strong></span> <span class='ocrx_word' id='word_1_101' title='bbox 1096 1441 1285 1502; x_wconf 88' lang='lat' dir='ltr'><strong>adolescentis</strong></span> 
     </span>
     <span class='ocr_line' id='line_1_13' title="bbox 79 1538 1284 1625; baseline -0.002 -25"><span class='ocrx_word' id='word_1_102' title='bbox 79 1543 213 1620; x_wconf 89' lang='lat' dir='ltr'><strong>animum,</strong></span> <span class='ocrx_word' id='word_1_103' title='bbox 245 1543 347 1604; x_wconf 89' lang='lat' dir='ltr'><strong>rudem</strong></span> <span class='ocrx_word' id='word_1_104' title='bbox 372 1543 458 1625; x_wconf 91' lang='lat' dir='ltr'><strong>plane</strong></span> <span class='ocrx_word' id='word_1_105' title='bbox 487 1555 515 1602; x_wconf 92' lang='lat' dir='ltr'><strong>et</strong></span> <span class='ocrx_word' id='word_1_106' title='bbox 543 1541 674 1603; x_wconf 69' lang='lat' dir='ltr'><strong>donnini</strong></span> <span class='ocrx_word' id='word_1_107' title='bbox 703 1564 843 1620; x_wconf 86' lang='lat' dir='ltr'><strong>vacuum,</strong></span> <span class='ocrx_word' id='word_1_108' title='bbox 874 1541 967 1601; x_wconf 92' lang='lat' dir='ltr'><strong>nullis</strong></span> <span class='ocrx_word' id='word_1_109' title='bbox 987 1562 1047 1601; x_wconf 89' lang='lat' dir='ltr'><strong>non</strong></span> <span class='ocrx_word' id='word_1_110' title='bbox 1067 1538 1284 1621; x_wconf 79' lang='lat' dir='ltr'><strong>voluptatibus,</strong></span> 
     </span>
     <span class='ocr_line' id='line_1_14' title="bbox 79 1632 1284 1724; baseline -0.002 -26"><span class='ocrx_word' id='word_1_111' title='bbox 79 1640 239 1721; x_wconf 90' lang='lat' dir='ltr'><strong>cupiditates</strong></span> <span class='ocrx_word' id='word_1_112' title='bbox 264 1640 382 1702; x_wconf 88' lang='lat' dir='ltr'><strong>tandem</strong></span> <span class='ocrx_word' id='word_1_113' title='bbox 410 1634 568 1720; x_wconf 72' lang='grc' dir='ltr'><em>κατέλαβον</em></span> <span class='ocrx_word' id='word_1_114' title='bbox 597 1663 652 1724; x_wconf 74' lang='grc' dir='ltr'><strong>την</strong></span> <span class='ocrx_word' id='word_1_115' title='bbox 681 1639 735 1723; x_wconf 81' lang='grc' dir='ltr'><strong>τῆς</strong></span> <span class='ocrx_word' id='word_1_116' title='bbox 756 1639 862 1722; x_wconf 74' lang='grc' dir='ltr'><strong><em>ψυχῆς</em></strong></span> <span class='ocrx_word' id='word_1_117' title='bbox 889 1632 1061 1722; x_wconf 75' lang='grc' dir='ltr'><strong><em>ἀκρόπολιν,</em></strong></span> <span class='ocrx_word' id='word_1_118' title='bbox 1092 1661 1192 1699; x_wconf 86' lang='lat' dir='ltr'><strong>orcam</strong></span> <span class='ocrx_word' id='word_1_119' title='bbox 1218 1639 1284 1696; x_wconf 73' lang='lat' dir='ltr'><strong>atter</strong></span> 
     </span>
     <span class='ocr_line' id='line_1_15' title="bbox 80 1741 1285 1840; baseline -0.001 -38"><span class='ocrx_word' id='word_1_120' title='bbox 80 1746 206 1824; x_wconf 86' lang='lat' dir='ltr'><strong>ceperint</strong></span> <span class='ocrx_word' id='word_1_121' title='bbox 246 1743 358 1820; x_wconf 89' lang='lat' dir='ltr'><strong>Quodsi</strong></span> <span class='ocrx_word' id='word_1_122' title='bbox 388 1746 424 1805; x_wconf 92' lang='lat' dir='ltr'><strong>ab</strong></span> <span class='ocrx_word' id='word_1_123' title='bbox 448 1746 546 1840; x_wconf 78' lang='lat' dir='ltr'><strong>apricis</strong></span> <span class='ocrx_word' id='word_1_124' title='bbox 573 1741 734 1818; x_wconf 86' lang='lat' dir='ltr'><strong>subsidium</strong></span> <span class='ocrx_word' id='word_1_125' title='bbox 752 1741 874 1804; x_wconf 90' lang='lat' dir='ltr'><strong>subinde</strong></span> <span class='ocrx_word' id='word_1_126' title='bbox 893 1744 1011 1824; x_wconf 89' lang='lat' dir='ltr'><strong>aliquod</strong></span> <span class='ocrx_word' id='word_1_127' title='bbox 1028 1743 1172 1806; x_wconf 87' lang='lat' dir='ltr'><strong>laboranti</strong></span> <span class='ocrx_word' id='word_1_128' title='bbox 1189 1741 1285 1801; x_wconf 89' lang='lat' dir='ltr'><strong>animo</strong></span> 
     </span>
     <span class='ocr_line' id='line_1_16' title="bbox 79 1834 1285 1950; baseline -0.002 -49"><span class='ocrx_word' id='word_1_129' title='bbox 79 1841 270 1920; x_wconf 83' lang='lat' dir='ltr'><strong>submittatur,</strong></span> <span class='ocrx_word' id='word_1_130' title='bbox 297 1821 468 1919; x_wconf 69' lang='grc' dir='ltr'><em>κλείσαντες</em></span> <span class='ocrx_word' id='word_1_131' title='bbox 484 1841 512 1906; x_wconf 79' lang='grc' dir='ltr'><strong>οἱ</strong></span> <span class='ocrx_word' id='word_1_132' title='bbox 539 1835 675 1917; x_wconf 75' lang='grc' dir='ltr'><strong>ἀλαζόνες</strong></span> <span class='ocrx_word' id='word_1_133' title='bbox 703 1834 783 1921; x_wconf 81' lang='grc' dir='ltr'><strong><em>λόγοι</em></strong></span> <span class='ocrx_word' id='word_1_134' title='bbox 803 1836 857 1917; x_wconf 76' lang='grc' dir='ltr'><strong>τὰς</strong></span> <span class='ocrx_word' id='word_1_135' title='bbox 877 1841 931 1905; x_wconf 78' lang='grc' dir='ltr'><strong>τοῦ</strong></span> <span class='ocrx_word' id='word_1_136' title='bbox 951 1843 1099 1950; x_wconf 77' lang='grc' dir='ltr'><strong><em>βασιλικοῦ</em></strong></span> <span class='ocrx_word' id='word_1_137' title='bbox 1117 1837 1234 1922; x_wconf 76' lang='grc' dir='ltr'><strong><em>τείχους</em></strong></span> <span class='ocrx_word' id='word_1_138' title='bbox 1254 1837 1285 1900; x_wconf 74' lang='grc' dir='ltr'><strong>ἐν</strong></span> 
     </span>
     <span class='ocr_line' id='line_1_17' title="bbox 80 1933 1286 2028; baseline -0.001 -28"><span class='ocrx_word' id='word_1_139' title='bbox 80 1933 151 2026; x_wconf 71' lang='grc' dir='ltr'><strong>αὐτῷ</strong></span> <span class='ocrx_word' id='word_1_140' title='bbox 152 1933 277 2026; x_wconf 78' lang='grc' dir='ltr'><em>πύλας·</em></span> <span class='ocrx_word' id='word_1_141' title='bbox 301 1936 442 2023; x_wconf 79' lang='lat' dir='ltr'><strong>superbae</strong></span> <span class='ocrx_word' id='word_1_142' title='bbox 459 1947 685 2026; x_wconf 81' lang='lat' dir='ltr'><strong>petulanterque</strong></span> <span class='ocrx_word' id='word_1_143' title='bbox 706 1950 854 2022; x_wconf 79' lang='lat' dir='ltr'><strong>rationes,</strong></span> <span class='ocrx_word' id='word_1_144' title='bbox 879 1943 1016 2006; x_wconf 69' lang='lat' dir='ltr'><strong>elautae</strong></span> <span class='ocrx_word' id='word_1_145' title='bbox 1010 1954 1090 2028; x_wconf 73' lang='lat' dir='ltr'><strong>regit</strong></span> <span class='ocrx_word' id='word_1_146' title='bbox 1107 1953 1142 2004; x_wconf 82' lang='lat' dir='ltr'><strong>in</strong></span> <span class='ocrx_word' id='word_1_147' title='bbox 1158 1967 1189 2003; x_wconf 91' lang='lat' dir='ltr'><strong>eo</strong></span> <span class='ocrx_word' id='word_1_148' title='bbox 1203 1949 1286 2001; x_wconf 78' lang='lat' dir='ltr'><strong>nturi</strong></span> 
     </span>
     <span class='ocr_line' id='line_1_18' title="bbox 76 2043 1288 2127; baseline -0.002 -27"><span class='ocrx_word' id='word_1_149' title='bbox 76 2050 182 2120; x_wconf 79' lang='lat' dir='ltr'><strong>portis,</strong></span> <span class='ocrx_word' id='word_1_150' title='bbox 213 2065 307 2125; x_wconf 89' lang='lat' dir='ltr'><strong>neque</strong></span> <span class='ocrx_word' id='word_1_151' title='bbox 339 2044 499 2105; x_wconf 87' lang='lat' dir='ltr'><strong>subsidium</strong></span> <span class='ocrx_word' id='word_1_152' title='bbox 528 2044 685 2104; x_wconf 89' lang='lat' dir='ltr'><strong>admittunt</strong></span> <span class='ocrx_word' id='word_1_153' title='bbox 712 2063 804 2122; x_wconf 91' lang='lat' dir='ltr'><strong>neque</strong></span> <span class='ocrx_word' id='word_1_154' title='bbox 831 2043 954 2124; x_wconf 86' lang='lat' dir='ltr'><strong>legatos,</strong></span> <span class='ocrx_word' id='word_1_155' title='bbox 984 2045 1161 2127; x_wconf 81' lang='lat' dir='ltr'><strong>privatorum</strong></span> <span class='ocrx_word' id='word_1_156' title='bbox 1187 2060 1288 2101; x_wconf 91' lang='lat' dir='ltr'><strong>senum</strong></span> 
     </span>
     <span class='ocr_line' id='line_1_19' title="bbox 80 2140 1285 2225; baseline -0.001 -27"><span class='ocrx_word' id='word_1_157' title='bbox 80 2141 177 2202; x_wconf 88' lang='lat' dir='ltr'><strong>nonita</strong></span> <span class='ocrx_word' id='word_1_158' title='bbox 185 2143 384 2224; x_wconf 81' lang='lat' dir='ltr'><strong>,excipiunt,</strong></span> <span class='ocrx_word' id='word_1_159' title='bbox 405 2143 492 2203; x_wconf 89' lang='lat' dir='ltr'><strong>sed</strong></span> <span class='ocrx_word' id='word_1_160' title='bbox 484 2163 560 2225; x_wconf 79' lang='lat' dir='ltr'><strong>ipsae</strong></span> <span class='ocrx_word' id='word_1_161' title='bbox 585 2141 695 2224; x_wconf 82' lang='lat' dir='ltr'><strong>proelio</strong></span> <span class='ocrx_word' id='word_1_162' title='bbox 712 2155 864 2222; x_wconf 86' lang='lat' dir='ltr'><strong>superant:</strong></span> <span class='ocrx_word' id='word_1_163' title='bbox 886 2157 914 2203; x_wconf 93' lang='lat' dir='ltr'><strong>et</strong></span> <span class='ocrx_word' id='word_1_164' title='bbox 941 2143 1079 2225; x_wconf 88' lang='lat' dir='ltr'><strong>pudorem</strong></span> <span class='ocrx_word' id='word_1_165' title='bbox 1108 2140 1224 2221; x_wconf 91' lang='lat' dir='ltr'><strong>quidem</strong></span> <span class='ocrx_word' id='word_1_166' title='bbox 1238 2158 1285 2218; x_wconf 92' lang='lat' dir='ltr'><strong>ap·</strong></span> 
     </span>
     <span class='ocr_line' id='line_1_20' title="bbox 81 2237 1287 2322; baseline -0.002 -26"><span class='ocrx_word' id='word_1_167' title='bbox 81 2237 210 2318; x_wconf 80' lang='lat' dir='ltr'><strong>pellentes</strong></span> <span class='ocrx_word' id='word_1_168' title='bbox 227 2243 443 2317; x_wconf 79' lang='lat' dir='ltr'><strong>stoliditatem,</strong></span> <span class='ocrx_word' id='word_1_169' title='bbox 464 2241 497 2300; x_wconf 91' lang='lat' dir='ltr'><strong>in</strong></span> <span class='ocrx_word' id='word_1_170' title='bbox 515 2240 648 2300; x_wconf 84' lang='lat' dir='ltr'><strong>exsilium</strong></span> <span class='ocrx_word' id='word_1_171' title='bbox 667 2237 785 2298; x_wconf 90' lang='lat' dir='ltr'><strong>mittunt</strong></span> <span class='ocrx_word' id='word_1_172' title='bbox 796 2241 1029 2322; x_wconf 86' lang='lat' dir='ltr'><strong>,temperantiam</strong></span> <span class='ocrx_word' id='word_1_173' title='bbox 1047 2260 1115 2302; x_wconf 87' lang='lat' dir='ltr'><strong>vero</strong></span> <span class='ocrx_word' id='word_1_174' title='bbox 1133 2244 1287 2319; x_wconf 72' lang='lat' dir='ltr'><strong>ignoratam</strong></span> 
     </span>
     <span class='ocr_line' id='line_1_21' title="bbox 81 2319 1288 2426; baseline 0 -32"><span class='ocrx_word' id='word_1_175' title='bbox 81 2319 261 2417; x_wconf 84' lang='lat' dir='ltr'><strong>appellantes</strong></span> <span class='ocrx_word' id='word_1_176' title='bbox 276 2340 539 2426; x_wconf 77' lang='lat' dir='ltr'><strong>conviciantesque</strong></span> <span class='ocrx_word' id='word_1_177' title='bbox 550 2337 684 2417; x_wconf 82' lang='lat' dir='ltr'><strong>ejiciunt,</strong></span> <span class='ocrx_word' id='word_1_178' title='bbox 714 2335 880 2397; x_wconf 88' lang='lat' dir='ltr'><strong>modestiam</strong></span> <span class='ocrx_word' id='word_1_179' title='bbox 907 2359 1019 2419; x_wconf 91' lang='lat' dir='ltr'><strong>quoque</strong></span> <span class='ocrx_word' id='word_1_180' title='bbox 1046 2339 1078 2399; x_wconf 91' lang='lat' dir='ltr'><strong>in</strong></span> <span class='ocrx_word' id='word_1_181' title='bbox 1106 2334 1233 2398; x_wconf 88' lang='lat' dir='ltr'><strong>moribus</strong></span> <span class='ocrx_word' id='word_1_182' title='bbox 1260 2347 1288 2394; x_wconf 90' lang='lat' dir='ltr'><strong>et</strong></span> 
     </span>
     <span class='ocr_line' id='line_1_22' title="bbox 80 2432 1287 2524; baseline 0.001 -33"><span class='ocrx_word' id='word_1_183' title='bbox 80 2432 107 2492; x_wconf 91' lang='lat' dir='ltr'><strong>iu</strong></span> <span class='ocrx_word' id='word_1_184' title='bbox 138 2436 278 2496; x_wconf 86' lang='lat' dir='ltr'><strong>sumtibus</strong></span> <span class='ocrx_word' id='word_1_185' title='bbox 314 2436 552 2512; x_wconf 87' lang='lat' dir='ltr'><strong>moderationem,</strong></span> <span class='ocrx_word' id='word_1_186' title='bbox 581 2449 718 2514; x_wconf 87' lang='lat' dir='ltr'><strong>tanquam</strong></span> <span class='ocrx_word' id='word_1_187' title='bbox 741 2443 946 2524; x_wconf 72' lang='lat' dir='ltr'><strong>rusticitatem</strong></span> <span class='ocrx_word' id='word_1_188' title='bbox 976 2451 1004 2498; x_wconf 88' lang='lat' dir='ltr'><strong>et</strong></span> <span class='ocrx_word' id='word_1_189' title='bbox 1029 2438 1287 2513; x_wconf 80' lang='lat' dir='ltr'><strong>illiberolttotem,</strong></span> 
     </span>
     <span class='ocr_line' id='line_1_23' title="bbox 80 2532 1287 2617; baseline 0.001 -27"><span class='ocrx_word' id='word_1_190' title='bbox 80 2532 183 2610; x_wconf 86' lang='lat' dir='ltr'><strong>penitus</strong></span> <span class='ocrx_word' id='word_1_191' title='bbox 211 2534 392 2596; x_wconf 88' lang='lat' dir='ltr'><strong>detestantur</strong></span> <span class='ocrx_word' id='word_1_192' title='bbox 422 2556 454 2594; x_wconf 92' lang='lat' dir='ltr'><strong>ac</strong></span> <span class='ocrx_word' id='word_1_193' title='bbox 484 2535 603 2617; x_wconf 83' lang='lat' dir='ltr'><strong>fugant:</strong></span> <span class='ocrx_word' id='word_1_194' title='bbox 625 2535 702 2616; x_wconf 90' lang='lat' dir='ltr'><strong>ipsae</strong></span> <span class='ocrx_word' id='word_1_195' title='bbox 729 2553 793 2593; x_wconf 89' lang='lat' dir='ltr'><strong>vero</strong></span> <span class='ocrx_word' id='word_1_196' title='bbox 820 2555 885 2594; x_wconf 90' lang='lat' dir='ltr'><strong>cum</strong></span> <span class='ocrx_word' id='word_1_197' title='bbox 903 2535 993 2595; x_wconf 90' lang='lat' dir='ltr'><strong>nullis</strong></span> <span class='ocrx_word' id='word_1_198' title='bbox 1012 2557 1071 2596; x_wconf 89' lang='lat' dir='ltr'><strong>non</strong></span> <span class='ocrx_word' id='word_1_199' title='bbox 1088 2533 1223 2595; x_wconf 82' lang='lat' dir='ltr'><strong>futilibus</strong></span> <span class='ocrx_word' id='word_1_200' title='bbox 1239 2554 1287 2592; x_wconf 90' lang='lat' dir='ltr'><strong>cu·</strong></span> 
     </span>
     <span class='ocr_line' id='line_1_24' title="bbox 80 2616 1286 2713; baseline 0.001 -25"><span class='ocrx_word' id='word_1_201' title='bbox 80 2629 241 2708; x_wconf 85' lang='lat' dir='ltr'><strong>piditatibus</strong></span> <span class='ocrx_word' id='word_1_202' title='bbox 269 2633 460 2694; x_wconf 84' lang='lat' dir='ltr'><strong>invalescunt.</strong></span> <span class='ocrx_word' id='word_1_203' title='bbox 502 2635 576 2693; x_wconf 85' lang='lat' dir='ltr'><strong>&#39;Post</strong></span> <span class='ocrx_word' id='word_1_204' title='bbox 602 2632 672 2692; x_wconf 89' lang='lat' dir='ltr'><strong>baec</strong></span> <span class='ocrx_word' id='word_1_205' title='bbox 700 2627 908 2712; x_wconf 86' lang='lat' dir='ltr'><strong>petulantiam,</strong></span> <span class='ocrx_word' id='word_1_206' title='bbox 938 2616 1103 2708; x_wconf 82' lang='lat' dir='ltr'><strong>licentiam,</strong></span> <span class='ocrx_word' id='word_1_207' title='bbox 1133 2629 1286 2713; x_wconf 82' lang='lat' dir='ltr'><strong>prodigali-</strong></span> 
     </span>
    </p>
   </div>
   <div class='ocr_carea' id='block_1_3' title="bbox 80 2717 1356 2812">
    <p class='ocr_par' dir='ltr' id='par_1_4' title="bbox 80 2717 1356 2812">
     <span class='ocr_line' id='line_1_25' title="bbox 80 2717 1356 2812; baseline 0.001 -27"><span class='ocrx_word' id='word_1_208' title='bbox 80 2738 174 2806; x_wconf 87' lang='lat' dir='ltr'><strong>tatem,</strong></span> <span class='ocrx_word' id='word_1_209' title='bbox 213 2729 423 2811; x_wconf 85' lang='lat' dir='ltr'><strong>impudentiam</strong></span> <span class='ocrx_word' id='word_1_210' title='bbox 463 2731 575 2812; x_wconf 81' lang='lat' dir='ltr'><strong>ingenti</strong></span> <span class='ocrx_word' id='word_1_211' title='bbox 605 2728 719 2790; x_wconf 70' lang='lat' dir='ltr'><strong>catervi</strong></span> <span class='ocrx_word' id='word_1_212' title='bbox 746 2717 891 2790; x_wconf 78' lang='lat' dir='ltr'><strong>coronatas</strong></span> <span class='ocrx_word' id='word_1_213' title='bbox 919 2728 1087 2805; x_wconf 89' lang='lat' dir='ltr'><strong>deducunt,</strong></span> <span class='ocrx_word' id='word_1_214' title='bbox 1117 2728 1288 2788; x_wconf 85' lang='lat' dir='ltr'><strong>extollentes</strong></span> <span class='ocrx_word' id='word_1_215' title='bbox 1353 2804 1356 2808; x_wconf 18' lang='grc' dir='ltr'>Ι</span> 
     </span>
    </p>
   </div>
   <div class='ocr_carea' id='block_1_4' title="bbox 80 2823 1290 3495">
    <p class='ocr_par' dir='ltr' id='par_1_5' title="bbox 80 2823 1288 3200">
     <span class='ocr_line' id='line_1_26' title="bbox 80 2823 1287 2910; baseline 0.002 -29"><span class='ocrx_word' id='word_1_216' title='bbox 80 2823 137 2885; x_wconf 82' lang='lat' dir='ltr'><strong>illas</strong></span> <span class='ocrx_word' id='word_1_217' title='bbox 163 2828 445 2910; x_wconf 84' lang='lat' dir='ltr'><strong>applaudentesque:</strong></span> <span class='ocrx_word' id='word_1_218' title='bbox 475 2827 666 2908; x_wconf 85' lang='lat' dir='ltr'><strong>petulantiam</strong></span> <span class='ocrx_word' id='word_1_219' title='bbox 697 2834 861 2907; x_wconf 81' lang='lat' dir='ltr'><strong>ingenuom</strong></span> <span class='ocrx_word' id='word_1_220' title='bbox 889 2830 1111 2903; x_wconf 81' lang='lat' dir='ltr'><strong>educationem,</strong></span> <span class='ocrx_word' id='word_1_221' title='bbox 1140 2826 1287 2886; x_wconf 88' lang='lat' dir='ltr'><strong>licentiam</strong></span> 
     </span>
     <span class='ocr_line' id='line_1_27' title="bbox 81 2922 1287 3007; baseline 0.003 -29"><span class='ocrx_word' id='word_1_222' title='bbox 81 2922 257 3001; x_wconf 80' lang='lat' dir='ltr'><strong>libertatem,</strong></span> <span class='ocrx_word' id='word_1_223' title='bbox 283 2925 512 3007; x_wconf 83' lang='lat' dir='ltr'><strong>prodigalitatem</strong></span> <span class='ocrx_word' id='word_1_224' title='bbox 539 2927 810 3007; x_wconf 78' lang='lat' dir='ltr'><strong>magnificentium,</strong></span> <span class='ocrx_word' id='word_1_225' title='bbox 841 2925 1050 3007; x_wconf 87' lang='lat' dir='ltr'><strong>impudentiam</strong></span> <span class='ocrx_word' id='word_1_226' title='bbox 1068 2926 1287 3002; x_wconf 79' lang='lat' dir='ltr'><strong>fortitudinem</strong></span> 
     </span>
     <span class='ocr_line' id='line_1_28' title="bbox 81 3021 1288 3130; baseline 0.001 -51"><span class='ocrx_word' id='word_1_227' title='bbox 81 3035 211 3083; x_wconf 78' lang='lat' dir='ltr'><strong>amantes.</strong></span> <span class='ocrx_word' id='word_1_228' title='bbox 254 3023 300 3083; x_wconf 90' lang='lat' dir='ltr'><strong>Sic</strong></span> <span class='ocrx_word' id='word_1_229' title='bbox 328 3025 432 3083; x_wconf 86' lang='lat' dir='ltr'><strong>transit</strong></span> <span class='ocrx_word' id='word_1_230' title='bbox 454 3023 572 3101; x_wconf 82' lang='lat' dir='ltr'><strong>juvenis</strong></span> <span class='ocrx_word' id='word_1_231' title='bbox 590 3021 628 3083; x_wconf 91' lang='lat' dir='ltr'><strong>ad</strong></span> <span class='ocrx_word' id='word_1_232' title='bbox 647 3021 815 3083; x_wconf 88' lang='lat' dir='ltr'><strong>dissolutam</strong></span> <span class='ocrx_word' id='word_1_233' title='bbox 834 3037 948 3104; x_wconf 87' lang='lat' dir='ltr'><strong>prorsus</strong></span> <span class='ocrx_word' id='word_1_234' title='bbox 969 3021 1132 3098; x_wconf 88' lang='lat' dir='ltr'><strong>licentiam,</strong></span> <span class='ocrx_word' id='word_1_235' title='bbox 1153 3035 1181 3082; x_wconf 87' lang='lat' dir='ltr'><strong>et</strong></span> <span class='ocrx_word' id='word_1_236' title='bbox 1199 3023 1288 3130; x_wconf 82' lang='lat' dir='ltr'><strong>vitam</strong></span> 
     </span>
     <span class='ocr_line' id='line_1_29' title="bbox 81 3117 847 3200; baseline 0 -22"><span class='ocrx_word' id='word_1_237' title='bbox 81 3117 131 3198; x_wconf 80' lang='lat' dir='ltr'><strong>agit</strong></span> <span class='ocrx_word' id='word_1_238' title='bbox 148 3120 214 3181; x_wconf 90' lang='lat' dir='ltr'><strong>huic</strong></span> <span class='ocrx_word' id='word_1_239' title='bbox 236 3142 346 3180; x_wconf 88' lang='lat' dir='ltr'><strong>morum</strong></span> <span class='ocrx_word' id='word_1_240' title='bbox 365 3121 518 3182; x_wconf 89' lang='lat' dir='ltr'><strong>mutationi</strong></span> <span class='ocrx_word' id='word_1_241' title='bbox 537 3132 766 3180; x_wconf 85' lang='lat' dir='ltr'><strong>consentaneam</strong></span> <span class='ocrx_word' id='word_1_242' title='bbox 778 3143 792 3176; x_wconf 84' lang='lat' dir='ltr'><strong>u</strong></span> <span class='ocrx_word' id='word_1_243' title='bbox 818 3117 847 3200; x_wconf 85' lang='grc' dir='ltr'><strong>λ)</strong></span> 
     </span>
    </p>

    <p class='ocr_par' dir='ltr' id='par_1_6' title="bbox 82 3217 1290 3495">
     <span class='ocr_line' id='line_1_30' title="bbox 115 3217 1287 3312; baseline -0.001 -35"><span class='ocrx_word' id='word_1_244' title='bbox 115 3218 195 3293; x_wconf 87' lang='lat' dir='ltr'><strong>Quod</strong></span> <span class='ocrx_word' id='word_1_245' title='bbox 220 3218 367 3295; x_wconf 78' lang='lat' dir='ltr'><strong>dinbnus,</strong></span> <span class='ocrx_word' id='word_1_246' title='bbox 388 3219 514 3278; x_wconf 90' lang='lat' dir='ltr'><strong>ethicam</strong></span> <span class='ocrx_word' id='word_1_247' title='bbox 539 3218 653 3300; x_wconf 88' lang='lat' dir='ltr'><strong>proprie</strong></span> <span class='ocrx_word' id='word_1_248' title='bbox 671 3217 814 3279; x_wconf 88' lang='lat' dir='ltr'><strong>contineri</strong></span> <span class='ocrx_word' id='word_1_249' title='bbox 833 3217 950 3277; x_wconf 83' lang='lat' dir='ltr'><strong>Poltttt</strong></span> <span class='ocrx_word' id='word_1_250' title='bbox 967 3217 1115 3294; x_wconf 88' lang='lat' dir='ltr'><strong>Platonis,</strong></span> <span class='ocrx_word' id='word_1_251' title='bbox 1136 3218 1222 3312; x_wconf 83' lang='lat' dir='ltr'><strong>talem</strong></span> <span class='ocrx_word' id='word_1_252' title='bbox 1239 3237 1287 3277; x_wconf 90' lang='lat' dir='ltr'><strong>au·</strong></span> 
     </span>
     <span class='ocr_line' id='line_1_31' title="bbox 82 3314 1289 3404; baseline 0.002 -31"><span class='ocrx_word' id='word_1_253' title='bbox 82 3326 130 3374; x_wconf 87' lang='lat' dir='ltr'><strong>ten</strong></span> <span class='ocrx_word' id='word_1_254' title='bbox 158 3317 238 3376; x_wconf 89' lang='lat' dir='ltr'><strong>illam</strong></span> <span class='ocrx_word' id='word_1_255' title='bbox 266 3337 324 3379; x_wconf 92' lang='lat' dir='ltr'><strong>esse</strong></span> <span class='ocrx_word' id='word_1_256' title='bbox 334 3362 342 3393; x_wconf 96' lang='lat'><strong>,</strong></span> <span class='ocrx_word' id='word_1_257' title='bbox 363 3317 457 3404; x_wconf 87' lang='lat' dir='ltr'><strong>qualis</strong></span> <span class='ocrx_word' id='word_1_258' title='bbox 482 3317 561 3398; x_wconf 90' lang='lat' dir='ltr'><strong>apud</strong></span> <span class='ocrx_word' id='word_1_259' title='bbox 580 3316 651 3376; x_wconf 90' lang='lat' dir='ltr'><strong>alios</strong></span> <span class='ocrx_word' id='word_1_260' title='bbox 669 3314 856 3397; x_wconf 87' lang='lat' dir='ltr'><strong>philosophos</strong></span> <span class='ocrx_word' id='word_1_261' title='bbox 874 3315 952 3377; x_wconf 91' lang='lat' dir='ltr'><strong>haud</strong></span> <span class='ocrx_word' id='word_1_262' title='bbox 969 3317 1055 3378; x_wconf 87' lang='lat' dir='ltr'><strong>facile</strong></span> <span class='ocrx_word' id='word_1_263' title='bbox 1074 3317 1217 3399; x_wconf 89' lang='lat' dir='ltr'><strong>reperias,</strong></span> <span class='ocrx_word' id='word_1_264' title='bbox 1238 3315 1289 3392; x_wconf 93' lang='lat' dir='ltr'><strong>id,</strong></span> 
     </span>
     <span class='ocr_line' id='line_1_32' title="bbox 83 3412 1290 3495; baseline 0.002 -25"><span class='ocrx_word' id='word_1_265' title='bbox 83 3413 110 3471; x_wconf 89' lang='lat' dir='ltr'><strong>ni</strong></span> <span class='ocrx_word' id='word_1_266' title='bbox 135 3415 238 3492; x_wconf 86' lang='lat' dir='ltr'><strong>fallor,</strong></span> <span class='ocrx_word' id='word_1_267' title='bbox 260 3412 388 3495; x_wconf 83' lang='lat' dir='ltr'><strong>legendis</strong></span> <span class='ocrx_word' id='word_1_268' title='bbox 414 3414 459 3475; x_wconf 91' lang='lat' dir='ltr'><strong>his</strong></span> <span class='ocrx_word' id='word_1_269' title='bbox 486 3414 619 3475; x_wconf 91' lang='lat' dir='ltr'><strong>omnibus</strong></span> <span class='ocrx_word' id='word_1_270' title='bbox 636 3415 788 3493; x_wconf 88' lang='lat' dir='ltr'><strong>animoque</strong></span> <span class='ocrx_word' id='word_1_271' title='bbox 806 3412 984 3490; x_wconf 85' lang='lat' dir='ltr'><strong>recolendis,</strong></span> <span class='ocrx_word' id='word_1_272' title='bbox 1006 3416 1186 3476; x_wconf 78' lang='lat' dir='ltr'><strong>verissimum</strong></span> <span class='ocrx_word' id='word_1_273' title='bbox 1206 3414 1290 3474; x_wconf 88' lang='lat' dir='ltr'><strong>nobis</strong></span> 
     </span>
    </p>
   </div>
   <div class='ocr_carea' id='block_1_5' title="bbox 83 3509 1389 3790">
    <p class='ocr_par' dir='ltr' id='par_1_7' title="bbox 83 3509 1389 3790">
     <span class='ocr_line' id='line_1_33' title="bbox 83 3509 1364 3593; baseline 0.001 -24"><span class='ocrx_word' id='word_1_274' title='bbox 83 3510 231 3576; x_wconf 82' lang='lat' dir='ltr'><strong>videbitur.</strong></span> <span class='ocrx_word' id='word_1_275' title='bbox 273 3513 344 3586; x_wconf 86' lang='lat' dir='ltr'><strong>Quis</strong></span> <span class='ocrx_word' id='word_1_276' title='bbox 363 3513 441 3572; x_wconf 90' lang='lat' dir='ltr'><strong>enim</strong></span> <span class='ocrx_word' id='word_1_277' title='bbox 459 3531 585 3591; x_wconf 89' lang='lat' dir='ltr'><strong>unquam</strong></span> <span class='ocrx_word' id='word_1_278' title='bbox 614 3509 768 3570; x_wconf 90' lang='lat' dir='ltr'><strong>similem</strong></span> <span class='ocrx_word' id='word_1_279' title='bbox 760 3533 792 3570; x_wconf 88' lang='grc' dir='ltr'><strong>ιιι</strong></span> <span class='ocrx_word' id='word_1_280' title='bbox 812 3509 927 3570; x_wconf 91' lang='lat' dir='ltr'><strong>modum</strong></span> <span class='ocrx_word' id='word_1_281' title='bbox 944 3511 983 3572; x_wconf 86' lang='lat' dir='ltr'><strong>ad</strong></span> <span class='ocrx_word' id='word_1_282' title='bbox 1000 3513 1149 3574; x_wconf 82' lang='lat' dir='ltr'><strong>civitatum</strong></span> <span class='ocrx_word' id='word_1_283' title='bbox 1167 3510 1289 3593; x_wconf 84' lang='lat' dir='ltr'><strong>effigiem</strong></span> <span class='ocrx_word' id='word_1_284' title='bbox 1359 3533 1364 3539; x_wconf 91' lang='lat'><em>·</em></span> 
     </span>
     <span class='ocr_line' id='line_1_34' title="bbox 83 3607 1313 3690; baseline 0.003 -24"><span class='ocrx_word' id='word_1_285' title='bbox 83 3627 164 3670; x_wconf 88' lang='lat' dir='ltr'><strong>nores</strong></span> <span class='ocrx_word' id='word_1_286' title='bbox 188 3610 314 3670; x_wconf 86' lang='lat' dir='ltr'><strong>hominis</strong></span> <span class='ocrx_word' id='word_1_287' title='bbox 341 3610 461 3690; x_wconf 66' lang='lat' dir='ltr'><strong>eregit?</strong></span> <span class='ocrx_word' id='word_1_288' title='bbox 501 3608 549 3668; x_wconf 82' lang='lat' dir='ltr'><strong>sie</strong></span> <span class='ocrx_word' id='word_1_289' title='bbox 579 3622 672 3669; x_wconf 86' lang='lat' dir='ltr'><strong>autem</strong></span> <span class='ocrx_word' id='word_1_290' title='bbox 695 3609 787 3667; x_wconf 85' lang='lat' dir='ltr'><strong>effecit</strong></span> <span class='ocrx_word' id='word_1_291' title='bbox 810 3607 880 3682; x_wconf 90' lang='lat' dir='ltr'><strong>ille,</strong></span> <span class='ocrx_word' id='word_1_292' title='bbox 902 3621 952 3684; x_wconf 90' lang='lat' dir='ltr'><strong>ut,</strong></span> <span class='ocrx_word' id='word_1_293' title='bbox 973 3609 1050 3689; x_wconf 92' lang='lat' dir='ltr'><strong>quod</strong></span> <span class='ocrx_word' id='word_1_294' title='bbox 1076 3611 1109 3670; x_wconf 92' lang='lat' dir='ltr'><strong>in</strong></span> <span class='ocrx_word' id='word_1_295' title='bbox 1123 3610 1291 3673; x_wconf 86' lang='lat' dir='ltr'><strong>civitatibus</strong></span> <span class='ocrx_word' id='word_1_296' title='bbox 1311 3611 1313 3620; x_wconf 79' lang='lat'>&#39;</span> 
     </span>
     <span class='ocr_line' id='line_1_35' title="bbox 83 3707 1389 3790; baseline 0.002 -24"><span class='ocrx_word' id='word_1_297' title='bbox 83 3711 214 3790; x_wconf 85' lang='lat' dir='ltr'><strong>corruptis</strong></span> <span class='ocrx_word' id='word_1_298' title='bbox 242 3709 369 3769; x_wconf 91' lang='lat' dir='ltr'><strong>omnium</strong></span> <span class='ocrx_word' id='word_1_299' title='bbox 399 3709 431 3768; x_wconf 87' lang='lat' dir='ltr'><strong>in</strong></span> <span class='ocrx_word' id='word_1_300' title='bbox 456 3707 554 3769; x_wconf 88' lang='lat' dir='ltr'><strong>oculos</strong></span> <span class='ocrx_word' id='word_1_301' title='bbox 581 3709 723 3783; x_wconf 87' lang='lat' dir='ltr'><strong>incurrit,</strong></span> <span class='ocrx_word' id='word_1_302' title='bbox 754 3707 830 3768; x_wconf 89' lang='lat' dir='ltr'><strong>idem</strong></span> <span class='ocrx_word' id='word_1_303' title='bbox 857 3709 889 3767; x_wconf 92' lang='lat' dir='ltr'><strong>in</strong></span> <span class='ocrx_word' id='word_1_304' title='bbox 909 3708 1003 3767; x_wconf 88' lang='lat' dir='ltr'><strong>animo</strong></span> <span class='ocrx_word' id='word_1_305' title='bbox 1021 3708 1162 3785; x_wconf 90' lang='lat' dir='ltr'><strong>hominis,</strong></span> <span class='ocrx_word' id='word_1_306' title='bbox 1184 3708 1234 3768; x_wconf 92' lang='lat' dir='ltr'><strong>ubi</strong></span> <span class='ocrx_word' id='word_1_307' title='bbox 1252 3707 1290 3768; x_wconf 90' lang='lat' dir='ltr'><strong>ad</strong></span> <span class='ocrx_word' id='word_1_308' title='bbox 1385 3749 1389 3762; x_wconf 85' lang='lat'>·</span> 
     </span>
    </p>
   </div>
   <div class='ocr_carea' id='block_1_6' title="bbox 83 3805 1291 4286">
    <p class='ocr_par' dir='ltr' id='par_1_8' title="bbox 83 3805 1291 4286">
     <span class='ocr_line' id='line_1_36' title="bbox 83 3805 1290 3888; baseline 0.002 -25"><span class='ocrx_word' id='word_1_309' title='bbox 83 3806 198 3883; x_wconf 86' lang='lat' dir='ltr'><strong>pejorem</strong></span> <span class='ocrx_word' id='word_1_310' title='bbox 217 3806 412 3870; x_wconf 84' lang='lat' dir='ltr'><strong>conditionem</strong></span> <span class='ocrx_word' id='word_1_311' title='bbox 431 3806 603 3867; x_wconf 86' lang='lat' dir='ltr'><strong>inclinatae</strong></span> <span class='ocrx_word' id='word_1_312' title='bbox 622 3826 730 3888; x_wconf 88' lang='lat' dir='ltr'><strong>pronus</strong></span> <span class='ocrx_word' id='word_1_313' title='bbox 744 3805 850 3866; x_wconf 93' lang='lat' dir='ltr'><strong>deinde</strong></span> <span class='ocrx_word' id='word_1_314' title='bbox 869 3825 1055 3888; x_wconf 88' lang='lat' dir='ltr'><strong>praecepsque</strong></span> <span class='ocrx_word' id='word_1_315' title='bbox 1078 3807 1204 3888; x_wconf 80' lang='lat' dir='ltr'><strong>proruit,</strong></span> <span class='ocrx_word' id='word_1_316' title='bbox 1226 3806 1290 3866; x_wconf 89' lang='lat' dir='ltr'><strong>luce</strong></span> 
     </span>
     <span class='ocr_line' id='line_1_37' title="bbox 85 3900 1291 3985; baseline 0.005 -26"><span class='ocrx_word' id='word_1_317' title='bbox 85 3900 185 3980; x_wconf 83' lang='lat' dir='ltr'><strong>clarius</strong></span> <span class='ocrx_word' id='word_1_318' title='bbox 201 3902 468 3966; x_wconf 83' lang='lat' dir='ltr'><strong>animadvertamus.</strong></span> <span class='ocrx_word' id='word_1_319' title='bbox 510 3906 613 3980; x_wconf 90' lang='lat' dir='ltr'><strong>Mitto,</strong></span> <span class='ocrx_word' id='word_1_320' title='bbox 634 3904 794 3985; x_wconf 89' lang='lat' dir='ltr'><strong>dequibus</strong></span> <span class='ocrx_word' id='word_1_321' title='bbox 813 3907 873 3983; x_wconf 88' lang='lat' dir='ltr'><strong>jam</strong></span> <span class='ocrx_word' id='word_1_322' title='bbox 891 3905 1007 3980; x_wconf 91' lang='lat' dir='ltr'><strong>monui,</strong></span> <span class='ocrx_word' id='word_1_323' title='bbox 1027 3905 1082 3964; x_wconf 90' lang='lat' dir='ltr'><strong>tria</strong></span> <span class='ocrx_word' id='word_1_324' title='bbox 1102 3905 1155 3965; x_wconf 94' lang='lat' dir='ltr'><strong>illa</strong></span> <span class='ocrx_word' id='word_1_325' title='bbox 1174 3907 1207 3965; x_wconf 93' lang='lat' dir='ltr'><strong>in</strong></span> <span class='ocrx_word' id='word_1_326' title='bbox 1225 3905 1291 3964; x_wconf 89' lang='lat' dir='ltr'><strong>ani-</strong></span> 
     </span>
     <span class='ocr_line' id='line_1_38' title="bbox 85 3995 1290 4086; baseline 0.003 -28"><span class='ocrx_word' id='word_1_327' title='bbox 85 4018 125 4059; x_wconf 92' lang='lat' dir='ltr'><strong>mo</strong></span> <span class='ocrx_word' id='word_1_328' title='bbox 147 4003 288 4080; x_wconf 90' lang='lat' dir='ltr'><strong>hominis,</strong></span> <span class='ocrx_word' id='word_1_329' title='bbox 319 3997 356 4063; x_wconf 69' lang='lat' dir='ltr'><strong>ro*</strong></span> <span class='ocrx_word' id='word_1_330' title='bbox 377 3996 551 4083; x_wconf 78' lang='lat' dir='ltr'><strong>loyeomdr,</strong></span> <span class='ocrx_word' id='word_1_331' title='bbox 573 4000 733 4086; x_wconf 59' lang='grc' dir='ltr'><strong><em>θιυιιοειὸἒς</em></strong></span> <span class='ocrx_word' id='word_1_332' title='bbox 754 4017 782 4063; x_wconf 90' lang='lat' dir='ltr'><strong>et</strong></span> <span class='ocrx_word' id='word_1_333' title='bbox 803 3995 1033 4084; x_wconf 57' lang='lat' dir='ltr'><strong>mecoenate:</strong></span> <span class='ocrx_word' id='word_1_334' title='bbox 1054 4019 1173 4083; x_wconf 88' lang='lat' dir='ltr'><strong>quorum</strong></span> <span class='ocrx_word' id='word_1_335' title='bbox 1193 4004 1225 4062; x_wconf 90' lang='lat' dir='ltr'><strong>in</strong></span> <span class='ocrx_word' id='word_1_336' title='bbox 1243 4023 1290 4083; x_wconf 94' lang='lat' dir='ltr'><strong>op·</strong></span> 
     </span>
     <span class='ocr_line' id='line_1_39' title="bbox 86 4084 1291 4186; baseline 0.002 -29"><span class='ocrx_word' id='word_1_337' title='bbox 86 4098 148 4160; x_wconf 88' lang='lat' dir='ltr'><strong>timo</strong></span> <span class='ocrx_word' id='word_1_338' title='bbox 172 4102 246 4162; x_wconf 83' lang='lat' dir='ltr'><strong>viro·</strong></span> <span class='ocrx_word' id='word_1_339' title='bbox 262 4124 429 4164; x_wconf 90' lang='lat' dir='ltr'><strong>consensum</strong></span> <span class='ocrx_word' id='word_1_340' title='bbox 457 4119 484 4164; x_wconf 90' lang='lat' dir='ltr'><strong>et</strong></span> <span class='ocrx_word' id='word_1_341' title='bbox 514 4106 546 4165; x_wconf 89' lang='lat' dir='ltr'><strong>in</strong></span> <span class='ocrx_word' id='word_1_342' title='bbox 565 4087 706 4186; x_wconf 84' lang='lat' dir='ltr'><strong>&#39;corrupto</strong></span> <span class='ocrx_word' id='word_1_343' title='bbox 735 4105 894 4166; x_wconf 88' lang='lat' dir='ltr'><strong>dissensum</strong></span> <span class='ocrx_word' id='word_1_344' title='bbox 922 4125 953 4163; x_wconf 95' lang='lat' dir='ltr'><strong>ac</strong></span> <span class='ocrx_word' id='word_1_345' title='bbox 981 4104 1072 4166; x_wconf 79' lang='lat' dir='ltr'><strong>veluti</strong></span> <span class='ocrx_word' id='word_1_346' title='bbox 1100 4084 1239 4162; x_wconf 82' lang='lat' dir='ltr'><strong>tumultus</strong></span> <span class='ocrx_word' id='word_1_347' title='bbox 1264 4114 1291 4160; x_wconf 91' lang='lat' dir='ltr'><strong>et</strong></span> 
     </span>
     <span class='ocr_line' id='line_1_40' title="bbox 87 4195 1291 4286; baseline 0.005 -32"><span class='ocrx_word' id='word_1_348' title='bbox 87 4195 248 4276; x_wconf 86' lang='lat' dir='ltr'><strong>seditiones,</strong></span> <span class='ocrx_word' id='word_1_349' title='bbox 268 4202 324 4262; x_wconf 87' lang='lat' dir='ltr'><strong>nisi</strong></span> <span class='ocrx_word' id='word_1_350' title='bbox 353 4203 502 4264; x_wconf 80' lang='lat' dir='ltr'><strong>civitatum</strong></span> <span class='ocrx_word' id='word_1_351' title='bbox 527 4201 657 4264; x_wconf 90' lang='lat' dir='ltr'><strong>adhibita</strong></span> <span class='ocrx_word' id='word_1_352' title='bbox 682 4203 795 4286; x_wconf 90' lang='lat' dir='ltr'><strong>specie,</strong></span> <span class='ocrx_word' id='word_1_353' title='bbox 815 4216 895 4264; x_wconf 89' lang='lat' dir='ltr'><strong>tanta</strong></span> <span class='ocrx_word' id='word_1_354' title='bbox 916 4202 1000 4263; x_wconf 89' lang='lat' dir='ltr'><strong>nobis</strong></span> <span class='ocrx_word' id='word_1_355' title='bbox 1017 4200 1219 4285; x_wconf 89' lang='lat' dir='ltr'><strong>perspicuitate</strong></span> <span class='ocrx_word' id='word_1_356' title='bbox 1237 4198 1291 4279; x_wconf 84' lang='lat' dir='ltr'><strong>dp-</strong></span> 
     </span>
    </p>
   </div>
   <div class='ocr_carea' id='block_1_7' title="bbox 119 4487 648 4566">
    <p class='ocr_par' dir='ltr' id='par_1_9' title="bbox 119 4487 648 4566">
     <span class='ocr_line' id='line_1_41' title="bbox 119 4487 648 4566; baseline -0.004 -14"><span class='ocrx_word' id='word_1_357' title='bbox 119 4487 142 4552; x_wconf 87' lang='lat'><strong>1)</strong></span> <span class='ocrx_word' id='word_1_358' title='bbox 158 4493 194 4546; x_wconf 69' lang='lat' dir='ltr'><strong>re</strong></span> <span class='ocrx_word' id='word_1_359' title='bbox 210 4497 270 4566; x_wconf 56' lang='lat' dir='ltr'><strong>aa.</strong></span> <span class='ocrx_word' id='word_1_360' title='bbox 287 4498 347 4552; x_wconf 86' lang='lat' dir='ltr'><strong>vn.</strong></span> <span class='ocrx_word' id='word_1_361' title='bbox 368 4497 424 4552; x_wconf 81' lang='lat' dir='ltr'><strong>sse.</strong></span> <span class='ocrx_word' id='word_1_362' title='bbox 444 4498 472 4552; x_wconf 92' lang='lat' dir='ltr'><strong>c.</strong></span> <span class='ocrx_word' id='word_1_363' title='bbox 490 4520 523 4536; x_wconf 89' lang='lat'><em>-</em></span> <span class='ocrx_word' id='word_1_364' title='bbox 541 4496 599 4550; x_wconf 77' lang='lat' dir='ltr'><strong>sos.</strong></span> <span class='ocrx_word' id='word_1_365' title='bbox 617 4498 648 4551; x_wconf 82' lang='lat' dir='ltr'><strong>a.</strong></span> 
     </span>
    </p>
   </div>
   <div class='ocr_carea' id='block_1_8' title="bbox 0 0 1464 5120">
    <p class='ocr_par' dir='ltr' id='par_1_10' title="bbox 0 0 1464 5120">
     <span class='ocr_line' id='line_1_42' title="bbox 0 0 1464 5120; baseline 0 0"><span class='ocrx_word' id='word_1_366' title='bbox 0 0 1464 5120; x_wconf 95' lang='lat' dir='ltr'><strong> </strong></span> 
     </span>
    </p>
   </div>
  </div>
 </body>
</html>
