2832 5120
642 259 700 324 167

100 428 167 488 llaec
187 428 324 489 Callicles
346 430 493 510 ingeniose
515 453 601 508 sane,
622 433 673 494 sed
697 434 815 494 acerbe:
838 436 886 494 cui
915 433 988 492 mira
1015 431 1139 512 quadarn
1168 432 1278 494 ironiae

65 528 90 586 vi
114 526 263 608 respondet
280 527 416 588 Socrates.
463 550 477 583 u
489 528 519 589 Si
537 552 655 591 aureum
675 553 764 592 essem
782 533 910 592 animum
933 544 1093 606 nactus,o
1124 529 1277 606 Callicles,

62 626 164 704 inquit,
184 647 284 685 nonne
302 640 386 707 putas
404 626 539 687 lubenter
556 651 600 688 me
626 644 806 713 repertur-um
824 629 950 707 aliquem
975 649 1011 688 ex
1037 629 1084 689 his
1111 627 1278 710 lapidibus,

62 721 155 801 quibus
173 723 319 804 explorari
337 745 439 786 aurum
455 725 542 802 solet,
558 728 714 808 optimum,
735 726 773 786 ad
786 747 871 806 quem
886 727 1015 786 animum
1030 727 1149 807 exigens
1165 746 1276 802 meum,

61 821 80 878 si
94 819 128 878 ab
146 821 206 900 ipso
221 835 299 882 recte
318 821 414 883 cultus
441 825 646 904 institutusque
670 826 858 907 probaretur,
880 825 1007 900 scirem,
1029 825 1099 884 mihi
1126 822 1273 900 sufficere,

61 938 105 976 nec
123 917 179 978 alia
196 941 268 1000 opus
284 941 343 980 esse
363 921 559 1003 probatione?
581 954 613 964 -
635 925 778 998 Quorsum
801 923 890 998 haee,
912 945 928 982 o
947 922 1099 982 Socrates?
1122 951 1152 962 -·
1175 922 1276 982 Dicam

40 1014 104 1074 'tibi
122 1017 272 1096 equidem:
295 1033 398 1101 'nempe
415 1020 557 1096 arbitror,
576 1042 642 1080 cum
666 1035 695 1080 te
716 1035 818 1082 nactus
838 1022 963 1095 fuerim,
983 1041 1029 1080 me
1051 1023 1110 1099 jam
1132 1020 1276 1082 desidera·

57 1126 109 1170 tum
126 1114 204 1173 istud
221 1118 366 1196 negotium
386 1119 542 1180 invenisse.
564 1150 596 1160 -
617 1121 710 1194 Quam
728 1119 766 1180 ob
786 1122 933 1184 caussam?
956 1143 988 1154 -
1009 1119 1075 1178 Scio
1090 1118 1218 1193 scilicet,
1240 1118 1275 1177 si·

57 1209 162 1287 quidem
181 1226 213 1271 tu
229 1214 301 1274 mihi
320 1218 474 1276 assenseris
493 1218 530 1277 de
550 1219 605 1293 iis,
626 1239 698 1296 quae
724 1219 838 1278 animus
856 1239 935 1277 meus
955 1219 1109 1299 opinatur,
1131 1216 1200 1276 haee
1214 1219 1275 1295 jam

57 1311 132 1368 unice
146 1331 206 1370 esse
223 1333 300 1373 vera.
321 1303 393 1373 Nam
411 1317 451 1375 sie
463 1314 565 1395 judico
576 1363 584 1391 ,
595 1337 677 1392 eum,
693 1317 743 1396 qui
761 1329 837 1376 recte
857 1316 982 1394 alicujus
999 1317 1128 1374 animum
1145 1315 1277 1396 explora·

55 1419 126 1466 turus
148 1423 210 1484 est,
231 1424 328 1470 utrum
350 1412 426 1472 bene
451 1415 534 1475 vivat
552 1435 590 1474 an
611 1414 703 1488 male,
724 1416 780 1474 tria
810 1429 907 1474 tenere
936 1427 1082 1495 oportere,
1103 1413 1226 1491 quaein
1245 1425 1273 1470 te

54 1508 139 1566 omnia
159 1521 246 1584 sunt,
268 1520 444 1588 scientium,
466 1488 717 1590 denunciantium,
747 1515 867 1572 dicendi
886 1515 1064 1572 libertatem.
1106 1511 1143 1570 In
1169 1508 1284 1569 multos

54 1606 121 1662 enim
140 1627 192 1687 ego
212 1608 325 1684 incidi,
345 1611 394 1688 qui
415 1611 564 1692 explorare
581 1631 626 1670 me
644 1633 701 1670 non
719 1625 852 1692 possent,
873 1610 951 1691 quod
971 1633 1030 1670 non
1047 1620 1157 1684 essent,
1177 1605 1274 1688 prouti

53 1716 94 1776 tu,
115 1706 277 1784 sapientae,
305 1708 357 1767 alii
386 1709 529 1789 sapientes
557 1708 675 1789 quidem
703 1723 790 1785 sunt,
817 1710 869 1769 sed
894 1708 1000 1768 nolunt
1022 1707 1103 1766 miht
1124 1706 1273 1778 ueritatem

52 1800 156 1879 dicere,
179 1805 259 1882 quod
283 1827 343 1866 non
373 1808 433 1881 ita,
456 1819 488 1866 ut
513 1822 561 1883 tu,
583 1828 680 1867 curam
709 1809 766 1867 mei
795 1821 907 1888 gerunt.
950 1807 1083 1886 Hospites
1103 1817 1200 1862 autem
1221 1801 1271 1878 hi,

51 1898 158 1980 Gorgias
181 1917 209 1963 et
228 1903 331 1980 Polus,
351 1907 494 1986 sapientes
514 1906 632 1985 quidem
652 1920 720 1966 sunt
739 1905 868 1984 mihique
893 1903 1029 1964 benevoli
1040 1949 1048 1977 ,
1068 1901 1119 1962 sed
1135 1899 1215 1960 deest
1234 1900 1274 1958 iis

4 2063 5 2068 .
50 1997 160 2060 dicendi
182 2000 321 2077 libertas,
342 2019 465 2083 suntque
484 2005 727 2079 verecundiores,
748 2015 833 2082 qnam
860 2005 960 2062 decet:
982 2021 1049 2060 nam
1074 1999 1178 2080 quidni
1197 1999 1273 2072 sint,

51 2097 148 2179 quippe
166 2100 218 2180 qui
238 2121 270 2158 eo
288 2116 486 2181 processerunt
512 2100 725 2176 verecundiae,
747 2105 778 2160 rit
788 2147 797 2175 ,
818 2123 870 2183 per·
887 2098 1047 2181 pudorem,
1068 2097 1171 2158 audeat
1190 2111 1273 2154 uter·-

50 2213 97 2270 que
115 2217 214 2256 eorum
232 2198 348 2258 sibimet
366 2200 426 2280 ipse
445 2200 542 2259 multis
562 2221 657 2258 coram
675 2188 859 2274 hominibus,
881 2198 970 2276 idque
997 2197 1034 2256 de
1063 2195 1148 2254 rebus
1176 2194 1274 2252 maxi-

51 2293 113 2370 mis,
130 2297 276 2355 contraria
295 2295 401 2357 dicere.
444 2299 489 2357 Tu
508 2319 578 2358 vero
598 2297 668 2357 haec
687 2299 782 2357 omnia
806 2313 905 2372 tenes,
926 2295 1033 2374 quibus
1052 2293 1184 2354 destituti
1203 2305 1270 2351 sunt

51 2394 162 2452 caeteri:
185 2415 272 2473 esque
291 2395 346 2454 rite
366 2395 520 2470 excultus,
543 2409 575 2456 ut
592 2395 677 2455 multi
698 2395 786 2456 facile
800 2394 902 2455 dicant
921 2394 1162 2466 Atheniensium,
1183 2389 1272 2449 nihi·

50 2509 96 2567 que
113 2492 284 2552 benevolus.
327 2493 413 2568 Quod
432 2515 488 2574 qua
516 2496 569 2554 sim
591 2496 755 2572 conjectura
775 2506 937 2568 assecutus,
959 2491 1062 2552 dicam.
1100 2487 1165 2550 Vos
1191 2509 1269 2564 esse,

50 2589 194 2666 Callicles,
217 2592 287 2652 nori
314 2606 436 2671 quatuor
466 2594 623 2674 sapientiae
651 2593 761 2667 socios,
781 2606 829 2666 te,
850 2585 1027 2651 Tisandr·i1m
1045 2587 1268 2670 Aphidnaeunr,

50 2689 209 2748 indronem
228 2689 436 2765 Androtionis,
457 2690 650 2771 Nausicydem
668 2690 867 2770 Cholargeum.
909 2688 990 2748 Clam
1009 2702 1103 2747 autem
1123 2683 1206 2746 vobis
1224 2684 1270 2742 in-

2 2843 3 2854 ,
49 2787 124 2848 terfui
134 2833 142 2862 ,
162 2809 255 2867 quum
273 2803 415 2868 quatenus
442 2790 599 2871 sapientiae
618 2788 795 2849 studendum
813 2802 884 2848 esset
894 2834 903 2864 ,
924 2789 1001 2847 inter
1028 2807 1080 2846 vos
1107 2782 1271 2844 consulerem

2 2931 3 2937 .
49 2884 79 2942 tis
86 2931 93 2959 ,
115 2888 259 2966 novique,
280 2887 445 2967 hujusmodi
464 2887 542 2968 apud
561 2909 612 2948 vos
632 2888 734 2948 vicisse
751 2888 932 2968 opinionem,
952 2907 1012 2946 non
1032 2882 1269 2945 contendendum

2 3000 3 3047 i
49 3003 97 3042 esse
115 2986 146 3043 iu
167 2984 402 3068 philosophando
422 2986 460 3046 ad
473 2981 634 3067 ἀκρίβειαν,
659 2990 872 3070 diligentiam:
890 2983 1123 3046 adhortabamini
1149 3004 1199 3042 vos
1218 2982 1268 3040 in-

2 3088 3 3136 Ῑ
49 3081 130 3141 vicem
148 3083 239 3158 adeo,
261 3098 293 3143 ut
311 3087 451 3146 caveretis
476 3087 652 3168 diligenter,
673 3107 710 3146 ne
739 3085 834 3161 ultra,
854 3105 940 3165 quam
968 3071 1101 3156 deceret,
1122 3081 1265 3162 sapientes

48 3179 123 3256 lacti,
144 3181 345 3264 imprudentes
364 3187 628 3267 corrumperemini.
670 3187 711 3246 Ut
732 3185 821 3265 igitur·
842 3197 870 3242 te
894 3181 995 3241 audivi
1021 3179 1092 3239 haec
1110 3178 1183 3238 mihi
1203 3198 1266 3236 sua·

5 3335 9 3348 ,
48 3275 172 3354 dentem,
201 3279 282 3358 quod
308 3283 487 3342 amicissimis
510 3284 565 3343 tibi
591 3283 758 3344 hominibus
792 3282 931 3354 suasisti,
960 3278 1104 3339 indicium
1131 3275 1164 3336 id
1189 3273 1263 3334 milri

2 3423 3 3432 ,
49 3375 174 3438 idoneum
194 3379 269 3453 fuit,
291 3381 437 3441 verissime
448 3395 481 3441 te
498 3365 764 3443 mihiohenevolum
779 3401 848 3440 esse.
870 3381 1018 3439 Caeterum
1032 3376 1123 3436 libere
1140 3389 1168 3434 te
1185 3372 1266 3452 loqui

49 3493 93 3533 nec
109 3477 319 3552 verecundari,
341 3492 368 3536 et
388 3480 448 3560 ipse
466 3479 541 3540 dicis
560 3496 588 3541 et
612 3501 703 3540 sermo
721 3479 777 3539 tibi
795 3493 862 3538 tuus
872 3523 881 3553 ,
901 3495 986 3556 quem
1005 3474 1089 3534 modo
1118 3472 1266 3547 habuisti,

2 3639 3 3660 ἶ
49 3575 200 3634 assentitur.
242 3574 290 3634 Sic
314 3577 404 3656 igitur
423 3579 454 3636 in
479 3577 557 3638 hisce
581 3600 611 3638 se
629 3600 674 3638 res
698 3567 777 3638 nunc
805 3576 910 3636 habet:
932 3576 956 3634 si
981 3571 1053 3654 quid
1075 3586 1108 3631 tu
1131 3569 1204 3628 mihi
1233 3569 1265 3626 in

2 3671 3 3686 ¹
49 3673 217 3733 sermonibus
236 3695 366 3734 assensus
384 3658 692 3758 fuerissexploratum
711 3676 846 3770 hoc‘jam
869 3674 937 3734 satis
962 3693 978 3732 a
1007 3685 1035 3729 te
1061 3691 1093 3728 ac
1122 3687 1265 3740 measse,

50 3787 131 3847 neque
150 3770 289 3834 illud.ad
308 3772 390 3832 aliud
410 3795 469 3833 esse
496 3796 618 3836 examen
638 3773 914 3855 exigendum:,non
935 3771 1012 3830 enim
1032 3787 1162 3827 assensus
1181 3778 1213 3823 tu
1233 3764 1264 3824 id

50 3884 111 3926 esses
128 3889 222 3948 neque
238 3870 397 3952 sapientiae
415 3871 597 3952 indigentia,
623 3894 716 3954 neque
736 3869 929 3932 verecundiae
946 3865 1147 3940 abundantia,
1168 3883 1262 3942 neque

51 3983 108 4024 vero
124 3965 291 4050 decipiendi
310 3969 426 4030 cauam:
448 3971 555 4030 amicus
575 3973 653 4032 enim
682 3971 753 4030 milri
774 3991 822 4045 es,
842 3983 873 4028 ut
896 3969 957 4049 ipse
982 3967 1033 4026 ais.
1075 3966 1186 4025 Revera
1207 3962 1257 4042 igi·

51 4072 90 4120 tur
104 4085 180 4126 meus
199 4080 323 4146 tuusque
342 4087 499 4129 consensus
518 4069 648 4130 veritatis
665 4069 787 4130 habebit
805 4087 955 4128 summum.
998 4065 1049 4124 Est
1073 4078 1167 4123 auteur
1191 4060 1261 4141 pul-

52 4163 156 4224 onina
173 4187 269 4224 rerum
287 4165 498 4243 consideratio,
516 4167 668 4245 Callicles,
689 4167 726 4227 de
745 4166 851 4248 quibus
871 4186 916 4224 me
931 4162 1145 4244 reprehendisti
1164 4157 1262 4232 modo,

53 4259 151 4332 qualem
167 4284 226 4322 esse
244 4264 340 4324 virum
362 4279 507 4345 oporteat,
528 4265 601 4344 quid
627 4266 741 4328 studere
768 4280 796 4324 et
822 4279 982 4344 quatenus,
1010 4283 1075 4321 cum
1103 4259 1262 4332 seniorem,

54 4366 105 4414 tum
118 4360 269 4434 juniorem.
312 4363 372 4442 Ego
388 4364 503 4424 enimsi
521 4363 594 4445 quid
606 4366 642 4426 iu
662 4367 723 4425 vita
742 4385 802 4422 mea
821 4364 918 4422 minus
937 4376 1012 4421 recte
1026 4381 1095 4440 ago,
1116 4357 1187 4416 scito
1201 4375 1262 4414 non

57 4470 192 4531 sponteme
203 4459 393 4540 lubenterque
411 4481 521 4536 errare,
540 4463 592 4523 sed
609 4484 676 4544 prae
691 4463 807 4522 inscitia
823 4462 933 4522 scilicet
951 4481 1022 4519 mea.
1050 4460 1096 4516 Tu
1106 4455 1212 4535 igitur,
1231 4467 1262 4512 ut
