2838 5120
610 287 668 348 tat

45 455 139 534 species
165 466 231 512 esto.
262 495 296 502 -
336 443 583 530 Μιοδαρνιυτοιὴ
615 474 683 514 vero
708 451 812 534 partim
843 449 931 530 gratia
959 449 993 510 lit
1020 466 1048 511 et
1078 455 1253 536 voluptatem

45 553 120 609 unice
138 570 227 610 escam
245 551 347 628 babet,
370 567 401 612 ut
418 551 488 612 inde
506 551 645 611 alimenta
661 549 718 610 sibi
735 571 787 629 pro
805 540 934 610 mercede
951 563 1044 629 paret:
1066 551 1142 612 hanc
1161 567 1256 614 autem

46 671 131 708 omncs
156 651 259 724 facile,
287 654 409 732 opinor,
429 643 581 731 κολακικήν
602 650 746 732 quandam
765 649 826 709 sive
845 637 1003 729 ἡδυνταιδν
1022 664 1110 710 artem
1129 651 1256 732 appelle·

44 769 106 808 mus.
126 775 159 784 ··
188 749 325 824 Quidni?
347 783 380 791 -
412 753 482 812 Cum
509 765 603 818 autem
637 748 746 830 partim,
769 745 935 827 profiteatur
963 751 1062 826 ctiam,
1088 771 1117 808 se
1141 751 1257 812 virtutis

43 847 130 904 caussa
156 845 227 905 alios
253 848 308 908 sibi
328 849 500 924 conciliare,
521 871 574 930 pro
592 846 721 906 mercede
740 849 878 927 pecunias
897 861 1063 928 parantem,
1084 869 1181 910 nonne
1199 845 1256 908 boc

43 965 122 1024 genos
138 943 287 1005 hominum
308 948 366 1008 alio
386 950 501 1008 nomine
520 947 711 1009 vocabimus?
733 983 766 994 -
792 945 975 1020 Quidni'l-
996 948 1128 1022 Quonam
1148 948 1256 1028 igitur?

44 1041 102 1118 dic,
131 1065 243 1122 quaeso.
264 1086 299 1094 -
329 1046 409 1106 Patet
439 1067 519 1107 sane:
549 1046 712 1123 sophistam
731 1043 879 1106 invenisse
900 1043 1043 1106 videmur.
1083 1047 1145 1105 Hoc
1164 1059 1260 1106 autem

44 1138 195 1216 dicentem,
217 1144 364 1224 aptissimo
383 1166 428 1204 me
447 1165 512 1215 enm
530 1144 647 1204 nominc
667 1140 825 1223 appellasse
844 1157 925 1223 puto.
946 1177 981 1188 -
1000 1141 1166 1206 Secundum
1183 1142 1259 1206 banc

46 1239 122 1319 igitur
148 1239 387 1322 disceptationem
416 1255 555 1318 nostram,
586 1264 603 1302 ο
630 1239 803 1314 Theaetcte,
833 1262 905 1320 quae
929 1244 1093 1328 juvenum,
1119 1239 1261 1316 divitum,

46 1336 191 1399 illustrium
219 1354 262 1413 est
288 1342 424 1418 venatio,
455 1361 584 1421 quaeque
609 1338 642 1398 fit
677 1359 729 1420 per
754 1351 846 1398 artent
870 1339 1068 1415 conciliandi,
1088 1338 1263 1419 subigendi,

47 1437 181 1515 venandi,
207 1461 260 1522 per
293 1437 485 1524 ζωοδηρίαν,
519 1435 682 1520 χερσαίαν,
716 1430 990 1521 ἄνθρωαοθωρίαν,
1022 1433 1261 1521 antecapto,

46 1529 220 1620 ἰδιοθηριάν,
241 1533 549 1623 νομιοματοιτωλικήν,
572 1534 829 1620 δοξοπαιδιυτιιιήν
861 1542 1043 1602 venationem
1054 1585 1063 1615 ‚
1093 1539 1187 1615 banc,
1216 1539 1261 1600 in·

48 1657 139 1715 quam,
169 1654 201 1700 nt
228 1656 325 1705 nostra
350 1647 460 1708 evincit
480 1643 669 1725 disceptatio,
694 1641 836 1724 appellari
857 1641 940 1706 decet
961 1631 1207 1726 contorseris.»
1235 1638 1265 1720 1)

81 1735 133 1798 Sed
162 1741 301 1802 festivum
327 1743 416 1803 alicui
445 1745 581 1817 fortasse,
602 1741 772 1818 nec'tamcn
790 1739 911 1822 dignum
927 1742 1099 1824 philosopho
1118 1740 1265 1821 negotium

51 1834 189 1915 videatur,
216 1841 257 1900 sic
285 1843 317 1902 iu
337 1841 493 1923 sophistam
511 1841 592 1921 quasi
613 1840 798 1901 renationem
817 1840 968 1900 instituere
989 1838 1179 1918 venandoque
1198 1857 1264 1898 eum

50 1951 146 2013 capere.
187 1940 276 2014 Quod
302 1941 394 2022 ipsam
423 1940 498 2002 bruc
532 1946 719 1998 venationem
748 1939 871 2012 attinet,
896 1941 1036 2002 convenit
1054 1937 1216 1999 Socraticae
1236 1948 1264 1996 et
1373 1935 1375 1940 ’

51 2029 202 2096 Platonicae
229 2038 451 2120 philosophiae,
471 2059 544 2119 quae
562 2052 621 2098 tota
641 2037 826 2116 quaerendo,
846 2038 1037 2118 indagando,
1057 2037 1266 2117 investigando

52 2131 176 2208 procedit.
219 2136 308 2196 Unde
326 2137 451 2198 maxime
472 2135 569 2196 laudat
587 2137 669 2198 Plato
695 2127 764 2208 τοῦς
790 2128 908 2215 εῦφυιῦς
940 2131 1121 2215 δυναμένους
1146 2124 1265 2214 ἰχνεῦ-

53 2248 92 2288 ιιν
111 2254 162 2313 την
182 2233 238 2296 τοῦ
258 2233 349 2296 καλοῦ
368 2257 399 2298 τε
420 2233 469 2296 καὶ
490 2228 673 2318 εὐσχήμονος
697 2230 794 2318 φῦσιν.
805 2237 837 2320 2)
864 2241 943 2314 Quae
962 2239 1168 2320 investiganda·
1186 2234 1266 2296 notio

54 2331 119 2411 apud
135 2338 309 2398 recentiores
328 2339 414 2398 etiam
432 2360 448 2397 a
466 2338 648 2434 pbilosophis
667 2355 835 2421 usurpatur,
857 2339 908 2399 ubi
926 2339 1084 2418 exquirunt
1102 2337 1265 2398 veritatem:

55 2427 135 2490 latet
127 2455 157 2494 m
176 2450 276 2497 nostro
294 2437 356 2496 tat
371 2458 466 2496 ιοονε
485 2458 677 2515 ομιμονειι,
698 2438 768 2498 item
787 2441 995 2517 hcepauren.
1016 2435 1268 2510 Pleneautem,ut

55 2527 139 2608 Plato,
155 2555 207 2593 nos
227 2533 371 2596 drcrmtn
392 2541 573 2615 najagcn,
594 2538 654 2596 bet
669 2539 778 2618 goede
796 2558 968 2618 nayagen
998 2533 1190 2610 Quamobrem
1208 2531 1266 2590 hac

57 2625 107 2704 ipsa
133 2632 277 2713 sophistae
306 2634 527 2714 investigatione
555 2648 584 2694 et
614 2637 767 2696 venatione
794 2636 965 2717 expressisse
992 2633 1073 2694 Plato
1092 2651 1158 2692 cum
1173 2629 1269 2690 diale-

60 2724 132 2786 cticae
151 2751 217 2791 suae
238 2746 300 2791 turn
320 2733 412 2818 ipsius
430 2732 502 2793 adeo
522 2723 723 2816 philosophiae
742 2734 882 2794 rationem
901 2731 1027 2812 videtin.
1068 2728 1126 2790 Sed
1140 2726 1269 2808 ejusdem

64 2819 89 2880 iu
110 2824 156 2886 boc
186 2828 322 2906 ludicro,
345 2844 376 2890 ut
395 2830 495 2890 multis
515 2832 609 2890 visum
625 2846 686 2906 est,
707 2832 821 2912 negotio
839 2831 927 2890 altius
944 2829 1086 2911 spectavit
1102 2827 1268 2888 consilium.

63 2915 183 2985 Similiter
208 2929 242 2988 in
259 2927 390 2990 Politice
409 2927 561 3010 politicum
580 2930 753 3008 exquirens,
773 2929 890 2990 insede
907 2928 1029 2989 textoria
1048 2941 1108 2986 arte
1128 2925 1270 3008 disceptas

62 3035 135 3083 verat,
179 3047 193 3078 ιι
204 3027 313 3105 Atqui,
334 3028 390 3102 ait,
419 3020 472 3088 τδν
496 3027 550 3108 τῆς
576 3019 738 3108 ὑφαντικῆς
762 3049 795 3108 γε
820 3019 907 3107 λόγον
936 3019 1027 3106 οῦτῆς
1053 3017 1163 3143 ταύτης
1189 3019 1271 3082 ἕνεκα

61 3117 96 3198 δη
99 3114 182 3200 paiste
213 3119 362 3201 οὐδείς’
342 3151 379 3190 αν
404 3122 553 3211 ἐθελήσειε
585 3129 654 3191 νοῦν
683 3124 776 3210 ἔχων·
808 3123 878 3204 ἀλλ’,
905 3122 1000 3208 οἶμαι,
1026 3120 1096 3200 τοδε
1121 3120 1273 3196 nntoxovg

60 3141 232 3303 δίδηδιν,“
212 3251 261 3291 οτι
291 3233 353 3305 τοῖς
384 3228 440 3310 μὲν
465 3232 526 3294 τιῦν
552 3225 647 3294 ὄντων
674 3229 785 3318 ῥᾳδίως
814 3233 1000 3311 καταμαθεῖν
1025 3224 1172 3309 αίοδηταί
1198 3247 1272 3300 τινες

61 3313 219 3410 ὁμοιότητες
247 3326 426 3456 πεφύκασιν,
453 3331 489 3410 ἃς
517 3327 606 3396 οῦδὲν
630 3331 761 3416 golanda
782 3335 904 3418 δηλοῦν,
928 3325 1000 3394 ῦταν
1020 3327 1119 3394 adroic
1138 3353 1182 3405 τις
1201 3331 1273 3410 βου-

60 3423 134 3513 llll}
158 3432 203 3494 τεῦ
226 3431 370 3515 λόγον’
340 3435 467 3498 αιτοῦπι
492 3435 562 3520 περί
585 3459 653 3512 του,
681 3463 724 3520 μη
752 3433 828 3518 μιτδ
852 3429 1052 3521 πραγμάτων,
1078 3427 1152 3495 α’λίιὶ
1177 3430 1274 3513 χωρὶς

61 3521 138 3608 δῦνον
167 3531 280 3620 ῥαδίως
310 3534 517 3610 ἐνδείξασθαι·
544 3541 606 3613 τοῖς
631 3535 658 3600 δ
686 3533 725 3602 αδ
749 3538 896 3622 μεγίστοις
922 3531 987 3600 οῦοι
1011 3535 1060 3598 καί
1087 3527 1274 3615 τιμιωτάτοις

62 3648 104 3690 ιιι
133 3627 209 3698 ἔστιν
240 3633 365 3701 εἴδωλον
394 3636 482 3702 ου’δδν
512 3664 589 3721 προς
614 3637 683 3717 τοῦς
707 3637 890 3763 ανδοοίιιους
915 3622 1104 3724 εἰργασμένον
1130 3635 1274 3717 δναργως,

63 3721 90 3791 οὗ
110 3727 352 3818 δειχδδτος,
313 3764 369 3824 την
385 3765 439 3805 του
425 3740 680 3824 πυνθανομένου
696 3739 803 3868 μωχὴν
817 3769 833 3807 ο
827 3738 1027 3828 “βουλο’μινος
1047 3736 1274 3822 αιτοιιληρωσαι,

64 3855 133 3914 '¹0⁰6
156 3841 217 3903 τῶν
249 3839 423 3927 αἰοθησιων
452 3841 516 3909 τινδ
546 3869 662 3931 προσαρ
688 3841 795 3924 όιτων,
827 3845 932 3922 ἱκανως
962 3837 1123 3926 πληρώσει·
1152 3837 1202 3904 διδ
1230 3841 1280 3902 δεῖ

65 3940 191 4027 μὲδιτᾷν,
222 3939 310 4027 λόγον
340 3942 463 4010 ἓιιοίοτου
495 3945 619 4012 δυνατδν
650 3873 722 4011 τίνοι
754 3950 856 4012 δοῦναι
883 3947 931 4012 καδ
963 3937 1127 4021 δίξαοδαι·
1155 3939 1194 4006 τῦ
1218 3939 1275 4026 yda

66 4033 209 4121 ἀσώματα,
233 4044 372 4112 κάλλιστα
395 4043 465 4113 ὄντα
494 4051 543 4113 καὶ
561 4048 699 4140 μέγιστα,
719 4047 800 4140 λόγῳ
817 4047 924 4132 μόνον,
945 4044 1024 4136 ἄλλῳ
1043 4046 1079 4112 δὲ
1098 4042 1195 4110 οῦδινὶ
1221 4067 1278 4106 σα·

70 4195 307 4222 κ,----------

72 4304 120 4437 tn
136 4312 205 4382 Sept.
228 4313 287 4368 tat.
303 4314 383 4368 C.-
404 4315 463 4394 223
491 4319 519 4372 Β.
544 4319 635 4374 'lotum
657 4321 742 4374 locum
763 4339 794 4373 ex
817 4319 944 4417 probabili
963 4279 1103 4392 lleindorfii
1125 4317 1280 4381 iuterpreta-

79 4401 216 4452 toueverti.

99 4466 433 4555 mmm.m.mc
1083 4571 1100 4629 t

1067 4575 1078 4630 1
