2898 5120
734 252 796 314 sot

145 420 218 497 bus,
247 416 404 501 respondet
429 417 559 499 Jupiter:
590 438 689 479 omnes
718 418 821 480 horum
847 417 1004 500 participes
1018 429 1128 481 sunto.
1176 415 1271 494 Neque
1298 416 1365 476 enin

144 519 279 579 civitates
304 527 488 589 constarent,
512 516 538 575 si
566 517 651 596 pauci
682 516 821 596 quidam,
853 529 886 575 ut
912 515 1036 575 aliarum
1064 515 1190 589 artium,
1219 514 1368 574 richerum

145 627 240 675 essent
268 613 434 696 participes.
475 613 579 694 Legem
604 629 749 695 practerea
779 635 842 675 meo
869 613 1120 688 commonendis,
1140 633 1197 692 qua
1217 615 1370 691 quicunqne

146 711 266 794 pudoris
289 733 322 770 ac
346 711 477 788 justitiae
505 713 625 772 omnino
649 727 691 772 est
715 731 835 792 expers,
856 726 994 791 tanquam
1019 713 1108 793 pestis
1136 712 1264 772 civitatis
1279 711 1371 782 nltimo

143 810 291 891 supplicio
318 806 496 868 afficietur.»
533 807 562 888 l)
602 810 744 869 Similiter
774 813 807 870 in
837 810 990 889 Symposio
1017 810 1149 881 Platonis
1175 809 1294 890 politica
1321 830 1373 868 oto·

145 891 283 992 ppoorlvp
302 921 331 966 et
349 898 522 990 δικαιοσύνῃ
538 922 670 967 constare
688 907 810 968 dicitur.
830 907 862 984 2)
912 907 1000 968 Unde
1018 908 1050 966 in
1069 907 1172 987 primis
1190 923 1290 988 patet,
1307 897 1374 990 quod

140 1028 231 1090 supra
251 1009 434 1082 monuimus,
464 1007 654 1066 arctissimum
681 1007 771 1064 luisse
796 1007 876 1088 apud
905 1021 1016 1090 veteres
1043 1006 1179 1087 politicae
1202 1027 1271 1065 curn
1292 1008 1374 1066 ethica

145 1104 399 1166 necessitudinem.
449 1106 611 1186 Separatim
641 1104 781 1184 deinceps
812 1117 953 1184 utraque,
982 1103 1021 1163 ad
1052 1107 1202 1181 utriusque
1230 1102 1375 1164 detrimen·

144 1219 226 1279 tum,
253 1203 369 1263 tractari
396 1218 497 1284 coepta
525 1217 586 1278 est,
608 1215 723 1262 auctore
753 1203 934 1282 potissimum
960 1202 1125 1264 Aristotele.
1167 1203 1242 1262 Nam
1273 1204 1302 1263 vi
1328 1201 1371 1260 sul

141 1301 283 1360 destituta
309 1301 405 1360 ethica
433 1315 493 1376 est,
523 1321 608 1380 quam
634 1315 720 1360 antea
748 1301 909 1375 habuerat,
932 1315 964 1360 ut
986 1301 1133 1361 hominem
1160 1319 1219 1360 non
1239 1301 1330 1360 solum
1346 1300 1376 1360 ad

144 1400 342 1474 vitecosum,
363 1399 581 1460 sedetiamad
603 1420 648 1458 res
675 1400 805 1460 civitatis
834 1414 909 1460 recte
938 1397 1185 1459 administrandas
1212 1401 1374 1474 instrueret3

144 1497 265 1578 politica
295 1515 383 1572 vero,
410 1517 500 1576 quum
527 1496 675 1557 uberrimo
703 1496 757 1557 illo
786 1499 868 1558 fonte
897 1511 1006 1557 careret
1016 1521 1031 1572 ,·
1047 1497 1126 1557 unde
1154 1495 1272 1572 officia,
1294 1499 1376 1577 virtu-

144 1608 201 1668 tes,
233 1615 389 1675 veramque
418 1595 571 1656 hominum
609 1594 785 1656 felicitatem·
808 1595 949 1670 duceret,
980 1595 1039 1654 uni
1069 1596 1215 1654 contineri
1247 1579 1376 1676 regnandi

145 1706 207 1754 arte
233 1694 339 1774 coepit.
392 1692 481 1753 Unde
510 1692 568 1752 dici
597 1713 657 1753 non
680 1706 792 1774 potest,
823 1708 930 1772 quanta
959 1713 1101 1772 quamque
1127 1694 1226 1772 gravia
1254 1695 1327 1753 mala
1352 1695 1376 1752 in

145 1789 296 1849 hominum
318 1809 409 1871 genus
431 1791 674 1852 redundaverint.
727 1793 801 1851 Nam
822 1793 931 1852 factum
954 1793 993 1852 ita
1013 1805 1074 1867 est,
1097 1806 1147 1868 ut,
1170 1793 1256 1851 nulli
1275 1795 1377 1855 virtutis

143 1889 331 1967 justitiaeque
360 1890 471 1950 ratione
499 1889 624 1964 hahita,
662 1888 763 1948 civilis
794 1889 950 1970 prudentia
980 1889 1018 1950 ed
1047 1891 1233 1970 regnantium
1264 1909 1376 1950 caussam

147 1985 287 2066 tuendam
317 1999 376 2060 tota
402 1989 577 2063 referretur,
599 1987 734 2067 illudque
762 1989 890 2049 Eteoclis
915 1988 994 2070 apud
1023 1987 1195 2070 Euripidem
1214 1989 1247 2048 in
1267 2008 1328 2048 eam
1342 2009 1375 2048 ac·

148 2083 396 2144 commodaretur:

355 2221 448 2307 Εἴπερ
469 2221 525 2307 yoip
547 2221 658 2286 oidtxsis
676 2220 758 2306 χρῆ,
779 2223 953 2308 τυραννίδος
973 2221 1040 2306 πέρι

207 2333 226 2378 ⁰
354 2316 667 2389 Killnw‘v'dclmstv·
690 2323 786 2389 τᾶλλα
807 2323 835 2388 δ’
854 2321 981 2407 εὐσεβεῖν
999 2321 1108 2410 χρεών.
1130 2329 1162 2412 3)

150 2469 239 2530 Unde
258 2472 353 2552 ipsum
374 2471 454 2554 apud
474 2474 648 2532 recentiores
669 2475 812 2550 politione
833 2487 938 2531 nomen
967 2472 1139 2533 calliditatis
1163 2485 1251 2552 atque
1270 2472 1377 2532 modae

149 2567 392 2648 significationem
415 2573 551 2653 suscepit.
592 2572 666 2631 Nota
688 2591 733 2630 res
760 2584 819 2646 est,
852 2591 911 2649 quo
940 2569 1077 2630 audaciae
1096 2571 1321 2650 temeritatisque
1333 2570 1376 2629 hec

151 2667 184 2726 in
209 2687 239 2725 re
263 2667 342 2747 apud
371 2669 460 2728 ltalos
488 2671 659 2749 processerit
683 2669 915 2744 Machiavellus3
946 2667 997 2728 sed
1024 2669 1188 2749 praeiverat
1208 2671 1265 2749 ipsi
1281 2670 1377 2728 Aristo-
1435 2703 1436 2712 κ

151 2764 241 2824 teles:
273 2767 357 2842 cujus
380 2761 410 2824 e'
430 2767 557 2847 politicis
583 2768 701 2848 scriptis
726 2789 792 2826 cum
819 2768 877 2826 elia
906 2767 968 2826 loca
996 2768 1168 2848 interpretes
1200 2765 1377 2826 Machiavelli

149 2875 307 2935 notarunt,
328 2876 389 2921 turn
419 2863 495 2922 hanc
523 2867 714 2924 sententiam:
736 2888 794 2924 non
813 2885 885 2944 opus
905 2876 950 2924 est
964 2871 1118 2944 principi,
1147 2867 1377 2936 attritiones,

151 2961 233 3018 modo
258 2981 319 3019 essa
346 2963 553 3023 videntur
571 2960 612 3044 4).
666 2963 755 3043 Apud
785 2963 935 3023 Platonem
966 2984 1036 3022 vero
1061 2962 1172 3022 ethicae
1193 2961 1318 3022 illudet
1335 2982 1379 3042 po·

96 3084 98 3092 v
152 3056 250 3116 liticae
277 3058 430 3118 vinculum
461 3061 607 3140 integrum
637 3075 747 3121 exstat:
780 3061 861 3142 quod
893 3075 969 3121 recte
999 3058 1177 3134 tenendum,
1208 3073 1242 3119 ut
1264 3058 1379 3137 dialogos

152 3156 213 3230 ejus
228 3155 378 3234 politicos,
399 3177 465 3215 curn
485 3172 630 3234 caeteros,
651 3167 712 3218 turn
732 3161 765 3219 in
791 3160 894 3240 primis
912 3159 1062 3218 Politiem
1073 3203 1082 3234 ,
1103 3156 1182 3218 uude
1206 3157 1279 3218 haee
1296 3157 1378 3216 omnis

150 3251 308 3326 duximus,
330 3267 405 3313 recte
424 3256 630 3336 intelligamus.

187 3689 948 3827 1110009.322.Β.-Ῑ).01.Ε11ιεν,ἅὶερ.ἅεΡνο109
964 3701 1032 3768 apud
1052 3697 1224 3765 stastatuta.
1239 3691 1307 3757 Traj.
1318 3687 1377 3744 1822

187 3773 217 3840 21
234 3775 316 3847 Symp.
336 3778 396 3831 209.
413 3780 444 3832 Α

187 3859 216 3925 3)
233 3863 358 3917 Phoenice.
375 3881 415 3918 vs.
434 3864 494 3918 527.
530 3865 613 3944 Vertit
633 3866 742 3920 Cicero:

331 3977 424 4028 Nom
442 3979 466 4028 si
482 3979 630 4034 niolossdum.
643 3990 678 4032 est
687 3979 749 4048 jus,
767 3938 890 4048 repetendi
905 3978 991 4048 pontid

366 4061 519 4114 l'iolossclnm
528 4074 582 4116 est:
598 4066 656 4117 ntes
674 4069 748 4120 rebsss
761 4069 876 4137 pietatem
892 4067 965 4118 colat.

154 4171 183 4222 tle
209 4173 257 4238 Off.
286 4169 327 4222 lll.
355 4171 397 4224 21.
443 4171 605 4242 Frequenter
632 4180 773 4247 usurpabat
796 4174 860 4230 illud
886 4179 909 4230 J.
936 4177 1053 4241 Caesar,
1081 4143 1120 4226 m.
1135 4183 1262 4226 memorat
1286 4175 1378 4225 Sueten.

154 4259 180 4308 tn
199 4259 262 4308 vita.

191 4337 220 4406 1)
240 4341 418 4394 vid-Aristot-
435 4343 509 4396 Polis.
529 4346 558 4398 V.
571 4363 596 4414 p.
613 4343 674 4399 eet.
711 4349 750 4401 ct.
771 4347 1157 4412 stercorianistae
1171 4347 1295 4398 umatus.
1307 4355 1378 4412 optet·

155 4429 186 4478 tle
204 4427 331 4494 Principe.
345 4427 410 4478 Pars
425 4427 457 4485 ll.
472 4447 500 4495 p.
519 4432 545 4482 ’1.
