2898 5120
678 259 786 325 *tta

130 449 233 516 genere
250 426 505 512 philosophorum,
520 427 571 506 qui
590 428 671 508 paria
689 447 749 488 esse
769 430 872 491 nutura
889 431 1040 493 hominum
1058 434 1175 515 ingenia
1194 449 1350 512 statuerent,

130 528 329 592 diversitatem
356 539 450 586 autem
476 545 513 584 ex
533 523 647 585 diversa
666 527 860 589 institutionis
880 530 991 590 ratione
1011 531 1163 594 ducerent.
1204 536 1271 594 Rem
1287 533 1348 594 adeo

83 617 91 634 ⁰
129 629 274 689 Socratem
303 641 399 686 vetere
422 624 546 704 quadam
570 622 728 686 traditione
747 624 942 686 illustrantem
961 628 1042 688 fecit.
1083 630 1254 690 Persuadere
1272 647 1349 692 custo·

128 723 216 792 dibus
244 725 340 800 illud,
371 725 431 798 ait,
461 722 618 798 debemus,
648 723 728 801 quod
758 745 775 782 a
802 724 997 785 Phoenicibus
1027 729 1208 808 accepimus,
1240 743 1351 802 nostram

128 824 342 884 institutionem
367 821 456 882 nihili
480 843 557 896 esse,
586 823 663 902 ipsos
692 842 761 880 vero
790 843 889 903 reapse
916 822 1076 904 aliquando
1104 825 1158 884 sub
1185 839 1259 888 terra
1278 828 1352 887 fuisse

127 922 314 997 informatos,
353 919 480 1000 indeque
508 919 616 980 deinde
646 917 765 979 dotibus
791 941 917 1000 quosque
946 923 1005 982 suis
1034 923 1067 981 in
1094 923 1190 984 lucem
1216 924 1352 1006 prodiisse.

131 1021 234 1080 «Estis
253 1021 361 1100 igitur,
382 1021 423 1080 sic
442 1041 489 1080 eos
507 1039 605 1078 sumus
624 1018 799 1093 allocuturi,
820 1039 918 1080 omnes
928 1022 1058 1095 fratres
1074 1021 1153 1080 inter
1171 1043 1241 1098 vos,
1259 1023 1352 1104 quippe

127 1133 231 1178 terram
260 1137 440 1177 communem
465 1117 605 1177 habentes
625 1129 764 1190 matrem,
785 1137 871 1195 quam
892 1119 1093 1178 communibus
1114 1118 1220 1180 studiis
1242 1120 1351 1180 viribus·

127 1237 183 1296 que
212 1211 394 1290 defendetis,
427 1215 478 1275 sed
503 1217 598 1289 Deus,
627 1215 679 1293 qui
711 1234 761 1275 vos
791 1215 901 1290 finxit,
929 1230 1069 1296 quotquot
1100 1231 1228 1278 vestrum
1248 1217 1285 1278 ad
1309 1220 1352 1277 im·

124 1313 288 1394 perandum
317 1315 377 1394 apti
406 1327 500 1374 essent
528 1314 641 1387 futuri,
670 1333 772 1372 aurum
799 1315 834 1372 in
863 1335 961 1374 eorum
988 1316 1173 1394 generatione
1192 1315 1350 1376 admiscuit:

125 1425 300 1503 quapropter
327 1409 541 1472 honoratissimi
571 1425 655 1472 sunt:
688 1410 749 1470 illis
777 1425 892 1487 autem,
921 1414 972 1491 qui
993 1412 1030 1472 ad
1049 1412 1255 1493 opitulandum
1274 1426 1351 1474 custo·

124 1508 323 1590 diendumque
333 1555 342 1585 ,
364 1524 530 1590 argentum:
552 1511 662 1570 ferrum
679 1508 806 1589 denique
827 1522 911 1588 atque
929 1531 977 1570 aes
996 1509 1130 1589 agricolis
1148 1524 1178 1569 et
1201 1511 1351 1591 opificibus.

109 1608 184 1668 ·Vos
208 1609 312 1689 igitur,
340 1609 449 1689 quippe
479 1609 593 1688 cognati
622 1626 738 1681 omnes,
767 1607 899 1687 plerique
922 1606 1113 1688 generabitis,
1134 1609 1185 1686 qui
1205 1609 1286 1669 vobis
1303 1609 1353 1667 sint

123 1706 251 1783 similes3
279 1707 394 1767 eveniet
423 1719 517 1765 autem
545 1704 740 1784 quandoque,
767 1719 799 1764 ut
827 1725 863 1764 ex
893 1726 979 1765 aureo
1008 1719 1142 1764 nascatur
1167 1720 1315 1786 argenteus
1329 1718 1352 1764 et

123 1827 160 1867 ex
178 1820 313 1886 argenteo
330 1803 464 1864 similiter
483 1823 587 1862 aureus
597 1848 606 1878 ,
624 1817 791 1882 caeteraque
806 1805 916 1883 pariter
935 1804 968 1863 in
987 1803 1068 1862 hunc
1087 1803 1216 1864 modum.
1259 1805 1351 1880 Quam·

94 1895 98 1904 ’
122 1905 221 1964 obrem
251 1901 436 1986 principibus
465 1914 493 1960 et
519 1901 647 1981 primum
678 1914 707 1960 et
736 1902 860 1960 maxime
889 1902 967 1962 Deus
995 1901 1157 1983 praecipit,
1190 1915 1224 1962 ut
1253 1900 1351 1960 nullius

121 2003 164 2062 rei
192 2003 330 2080 majorem
356 2021 453 2060 curam
480 1998 696 2077 custodiamque
717 1999 897 2079 suscipiant,
917 2020 1003 2078 quam
1022 2012 1175 2074 natorum,
1198 2014 1231 2059 ut
1248 1999 1351 2080 diguus·

121 2115 208 2178 eant,
237 2099 311 2180 quid
338 2120 376 2159 ex
400 2111 523 2178 quatuor
551 2096 597 2156 his
623 2096 742 2157 illorum
768 2097 873 2156 animis
891 2098 928 2156 sit
944 2097 1129 2158 immixtum:
1151 2111 1181 2158 et
1199 2099 1224 2158 si
1243 2099 1306 2178 quis
1321 2115 1352 2154 ex

121 2201 193 2281 ipsis
221 2213 355 2262 nascatur
384 2190 552 2276 ὑπόχαλκος
575 2193 623 2258 vel
644 2187 844 2276 ὑποσίδηρος,
866 2194 950 2256 nullo
978 2209 1061 2276 pacto
1082 2196 1292 2270 misereantur,
1309 2192 1350 2253 sed

120 2320 202 2358 suum
230 2301 335 2377 cuique
363 2298 544 2372 tribuentes,
566 2297 605 2356 ad
624 2296 742 2410 opifices
768 2296 817 2358 vel
835 2294 975 2376 agricolas
995 2293 1164 2354 dimittant:
1187 2311 1348 2372 rursusque,

120 2398 144 2457 si
172 2417 210 2454 ex
238 2395 318 2456 hisee
349 2409 483 2456 nascatur
507 2386 659 2474 aliquis
639 2387 813 2476 υπόχρυσος
840 2395 888 2456 vel
914 2384 1099 2474 ὑπάργυρος,
1133 2391 1279 2455 extollant
1296 2408 1349 2448 eum

120 2494 250 2570 honore,
270 2494 351 2554 hune
377 2493 417 2553 ad
443 2492 631 2567 auxiliarios,
653 2495 738 2556 illum
765 2496 803 2556 ad
822 2494 954 2555 custodes
973 2507 1001 2554 et
1021 2493 1169 2574 principes
1186 2490 1353 2560 reserentes,

119 2594 201 2672 quasi
230 2607 314 2656 vetus
342 2594 379 2652 sit
403 2592 574 2668 oraculum,
599 2584 667 2654 τότε
689 2589 745 2675 τήν
766 2587 858 2656 πόλιν
878 2585 1149 2673 ὄιιιφθαρῆναι,“
1134 2582 1208 2651 o'tuw
1230 2572 1346 2667 crispei

119 2686 287 2774 σίδηρος
266 2717 285 2774 η
309 2684 325 2752 ti
347 2685 459 2772 χαλκος
479 2685 608 2778 φυλίξη·
630 2706 697 2755 tum
725 2699 942 2776 rempublicam
958 2703 1155 2774 periturum,
1175 2712 1245 2750 eum
1261 2697 1345 2767 ipram

119 2798 168 2855 uel
184 2817 237 2855 aar
256 2797 303 2854 vel
313 2797 444 2869 smum
458 2797 651 2876 gulmuba't.
663 2820 678 2854 n
707 2793 737 2874 l)

163 2914 179 2947 e
190 2893 304 2973 Eligere
322 2893 411 2973 igitur
429 2913 445 2950 e
464 2892 634 2955 custodibus
664 2915 697 2955 ac
723 2893 842 2954 summis
860 2912 963 2952 ornare
980 2891 1014 2951 in
1032 2888 1182 2970 republica
1200 2881 1344 2947 honoribus

118 2990 222 3066 decet,
253 2992 303 3071 qui
332 2990 436 3050 natur-d
462 2989 573 3051 habent
590 3005 667 3052 recte
685 2993 747 3070 ejus
766 2990 912 3071 regundae
931 2988 1114 3049 facultatem:
1135 2985 1343 3059 hiantemque

119 3091 210 3170 magis
238 3089 339 3149 indole
364 3089 540 3170 ingenioque
557 3102 721 3171 praestant,
741 3110 775 3149 eo
794 3089 883 3168 magis
900 3101 929 3150 et
943 3086 1052 3147 musica
1069 3082 1225 3146 excolendi
1244 3095 1272 3142 et
1287 3096 1344 3140 tero

119 3185 301 3267 gratioribus
328 3186 495 3268 disciplinis
525 3187 681 3247 erudiendi
708 3201 786 3248 sunt.
827 3189 900 3247 Nam
917 3184 1073 3246 mediocria
1090 3182 1210 3262 ingenia
1230 3199 1282 3240 nec
1298 3174 1343 3236 ob-
1426 3185 1427 3206 ¹

116 3299 188 3344 sunt
218 3305 388 3365 magnopere
416 3305 470 3343 nec
496 3297 619 3366 prosunt
636 3285 825 3346 civitatibus:
847 3305 948 3365 magna
965 3283 1058 3343 solum
1077 3295 1135 3342 tam
1152 3279 1272 3361 perdere
1287 3293 1342 3346 eas,

117 3405 207 3464 quam
232 3403 345 3443 serrare
366 3396 394 3440 et
413 3382 560 3441 illustrare
578 3383 682 3444 solent.
724 3383 761 3444 Id
790 3397 886 3445 autem
914 3381 1072 3462 negligitur
1096 3381 1157 3438 fere
1176 3379 1210 3438 in
1230 3370 1341 3435 civitati·

117 3482 174 3542 bus
202 3483 327 3556 nostris,
357 3481 483 3560 indeque
515 3481 689 3561 repetendae
716 3481 895 3562 potissimum
923 3479 992 3560 s'unt
1018 3477 1221 3558 gravissimae,
1249 3470 1342 3552 quibus

117 3581 270 3654 laborant,
300 3579 485 3639 calamitates.
537 3579 628 3660 Finge
657 3579 797 3660 populum
824 3579 857 3637 in
886 3576 1056 3637 civitat-ibus
1084 3574 1190 3634 nostris
1215 3571 1340 3652 guberna·

115 3681 186 3738 toris
216 3680 329 3752 instar,
360 3678 410 3757 qni
442 3677 480 3736 sit
510 3676 711 3756 magnitudine
740 3691 770 3736 et
787 3675 888 3736 robore
907 3673 1034 3754 corporis
1053 3692 1122 3753 prae
1141 3670 1261 3730 caeteris
1280 3663 1341 3724 emi·
1425 3741 1426 3760 ἢ

117 3798 206 3851 nens,
236 3776 397 3837 subsurdus
420 3797 489 3836 uero
515 3788 543 3834 et
568 3775 664 3845 ,oculis
692 3774 823 3834 hebetior
851 3793 904 3833 nec
927 3785 1023 3831 mente
1042 3770 1080 3830 ad
1098 3789 1144 3828 res
1161 3768 1288 3827 nauticas
1304 3782 1340 3820 co
1425 3763 1426 3782 l

109 3875 294 3957 'gnoscendas
323 3874 440 3934 melior:
474 3887 576 3933 nautas
603 3886 698 3932 autem
726 3873 804 3932 inter
832 3892 861 3932 se
890 3869 926 3930 de
955 3868 1166 3950 gubernatione
1195 3875 1340 3930 certantes,

114 3981 238 4053 quorum
276 3974 472 4051 unusquisque
505 3984 604 4053 putet,
636 3990 664 4030 se
693 3970 815 4050 dignum
833 3969 966 4052 ¹imperio
992 3987 1069 4040 esse,
1100 3980 1271 4044 quamquam
1295 3975 1339 4014 net

116 4085 205 4130 artem
229 4069 368 4129 didicerit
390 4091 517 4148 unquam
535 4091 588 4129 nec
617 4081 829 4150 praeceptorem
859 4063 1009 4126 ostendere
1038 4064 1145 4144 possit,
1167 4081 1220 4120 nee
1240 4072 1339 4137 tempus

115 4189 174 4248 quo
198 4167 356 4242 didicerit,
378 4166 456 4227 dicat
483 4167 573 4243 adeo,
595 4166 668 4227 disci
695 4179 786 4226 artem
806 4186 865 4224 non
881 4183 981 4245 posse,
1001 4163 1109 4242 quique
1129 4160 1184 4220 hoc
1202 4153 1336 4224 statuerit,

125 4450 128 4455 ’
153 4479 183 4544 t)
203 4481 240 4531 oe
258 4483 319 4548 aaa.
339 4480 380 4531 ru.
399 4479 457 4531 uta.
475 4478 499 4529 a
516 4505 550 4515 -
568 4476 598 4527 c.
