2898 5120
677 265 738 334 hm

81 424 272 506 Lyeurgue,
292 425 554 504 Athamanum,
584 452 660 508 quoe
681 451 825 508 perturpe
842 439 1028 493 cmmutota
1046 439 1142 505 inu,
1159 440 1228 490 turo
1248 430 1326 505 Tho-

83 546 175 598 eeur,
203 535 270 584 tum
296 523 420 601 Draco,
447 537 514 586 tum
543 527 629 603 Solo,
655 539 721 588 tum
750 530 933 604 Glittlrener,
958 539 1024 590 tum
1051 531 1144 608 mulli
1162 531 1240 586 ulii:
1253 551 1326 606 por·

82 632 184 682 tremo
210 643 392 705 meregnano
408 632 481 702 jum
508 637 538 688 et
557 634 714 704 jacentem
734 631 839 690 doctor
865 636 917 688 νίν
934 629 1106 688 Phalereus
1127 634 1328 689 sustentauit

84 719 291 792 Demetriou
321 734 426 784 nostra
456 736 558 784 autem
591 729 761 805 respublica
786 751 845 788 nou
877 735 970 786 unius
1000 736 1076 786 ercet
1102 731 1243 806 lagereio,
1275 725 1327 784 ced

84 821 274 894 nucleorum,
301 841 354 879 uec
382 827 445 880 und
473 825 603 884 hominio
632 832 715 900 cito,
746 828 796 887 aad
824 827 940 902 aliquot
963 832 1130 886 constituto
1150 823 1279 882 cocculis
1296 832 1326 882 ol

82 921 248 980 aetatibus.
307 919 388 978 Nom
422 941 515 1000 neque
550 925 648 984 ullum
675 932 834 1006 ingenium
860 935 984 984 tautum
1012 929 1163 982 certitiece
1191 923 1328 997 decedet,

84 1025 151 1090 ut,.
164 1038 250 1093 queen
269 1039 320 1076 rer
334 1020 425 1080 nulla
435 1021 584 1100 sugeret,
605 1029 764 1098 quiequam
783 1025 949 1101 aliquando
959 1025 1100 1098 sutorem
1112 1041 1204 1096 aeque
1214 1029 1327 1081 cerreto

82 1121 215 1193 iugenio
239 1117 350 1174 colluto
377 1123 412 1176 iu
439 1137 534 1178 uuum
555 1128 679 1178 roncum
691 1141 777 1196 poteo
796 1143 855 1180 uno
872 1130 1003 1197 tempore
1016 1120 1198 1197 procidere,
1217 1128 1253 1175 ut
1268 1129 1340 1176 om·'

84 1219 143 1272 aiio
166 1213 435 1289 complecterentur
460 1223 528 1276 ciue
556 1235 661 1276 rerum
696 1240 754 1278 usu
782 1241 818 1278 uc
845 1228 1005 1279 vetustate.
1050 1215 1266 1296 Quamobrem,
1292 1225 1328 1274 ut

82 1311 142 1370 itte
159 1310 288 1385 eulehut,
315 1321 363 1372 itu
381 1336 465 1373 nuuc
484 1336 552 1374 mco
571 1326 687 1393 repetet
705 1324 804 1376 oratio
827 1318 935 1396 populi
962 1323 1179 1394 origines.-
1199 1317 1330 1377 libenter

83 1415 170 1468 nitro
197 1415 291 1468 etium
318 1414 404 1472 cerlo
422 1423 493 1472 utor
521 1411 655 1476 Catonis.
687 1413 716 1496 l)
757 1415 892 1476 Discedit
914 1413 988 1474 adeo
1014 1434 1032 1472 a
1058 1412 1178 1478 Platane
1208 1413 1309 1474 Cicero

84 1525 158 1566 nam
185 1506 225 1566 sic
255 1525 341 1587 porro
369 1508 448 1590 apud
475 1511 642 1572 cumidem
667 1512 777 1594 Scipio.
818 1513 958 1574 Facilius
975 1520 1078 1572 autem
1098 1511 1174 1588 quod
1195 1518 1240 1566 eet
1255 1529 1329 1584 pro-

81 1611 224 1682 poetam
242 1627 426 1685 cautequae,
459 1616 488 1668 ci
517 1621 654 1670 acetrum
683 1614 901 1690 rempublicam
928 1614 1008 1670 colio
1035 1618 1065 1668 et
1100 1617 1273 1666 marcentem
1299 1617 1331 1668 et.

83 1713 269 1764 merentem
286 1715 316 1763 et
334 1708 473 1768 adultum
493 1717 524 1767 et
536 1716 607 1785 J'um
617 1711 754 1788 firmum
766 1721 857 1789 atque
875 1711 1028 1770 robustam
1047 1707 1219 1779 colendam,
1237 1725 1330 1782 quam.

83 1807 115 1860 ci
135 1802 214 1860 mtto·
230 1798 386 1882 aliquaue,
404 1817 440 1865 ut
457 1810 540 1884 opud
554 1808 716 1868 Plutonem
734 1809 895 1882 Socraten,
910 1815 974 1884 ipre
993 1807 1123 1880 fiuaero.
1145 1802 1178 1882 2)
1258 1841 1261 1847 ·

128 1899 183 1960 Est
211 1901 318 1979 igitur,
350 1915 383 1962 ut
407 1924 444 1964 ex
475 1905 556 1966 hisce
583 1905 653 1966 licet
679 1905 811 1982 efficere,
846 1909 1009 1984 politicum
1037 1903 1153 1985 proprie
1180 1899 1330 1962 Ciceronis
1369 1965 1372 1970 ¹

84 2018 180 2078 opus:
203 2009 231 2058 et
257 2000 299 2059 sic
322 2000 442 2081 quidem
464 2003 608 2064 Platonici
635 2004 731 2086 operia
755 2006 830 2065 ratio
856 2005 947 2085 magis
962 2002 1110 2087 ¹ctiamin
1130 2000 1229 2060 oculos
1244 1998 1330 2060 nobis

85 2097 225 2157 incurrit.
265 2098 331 2158 Non
360 2099 413 2160 ille
435 2102 576 2162 continuo
586 2147 596 2178 ,
616 2105 682 2181 quis
700 2103 827 2184 optimus
850 2105 890 2164 eit
916 2101 1097 2183 reipublicae
1115 2112 1225 2174 status,
1243 2117 1329 2177 quae·

85 2197 146 2272 rit3
169 2194 222 2255 sed
247 2195 303 2256 hoc
329 2197 441 2258 scilicet
465 2186 540 2280 agit,
560 2213 611 2275 ut,
629 2199 703 2280 quid
717 2203 829 2279 justum
848 2202 904 2277 sit,
924 2199 999 2279 quid
1018 2201 1180 2278 injustum,
1198 2194 1332 2277 exploret

85 2315 122 2354 ac
149 2291 289 2354 definiat:
311 2295 394 2374 quod
418 2297 531 2358 ethicae
561 2299 653 2358 multo
679 2301 787 2379 magis,
808 2319 894 2379 quam
911 2299 1048 2381 politicae
1067 2295 1268 2380 philosophiae
1283 2314 1331 2354 ar·

86 2406 260 2471 gementum
279 2407 331 2455 est.
359 2395 398 2454 Et
417 2396 537 2456 veroin
556 2396 678 2458 exordio
695 2397 779 2458 Plato
797 2419 858 2460 non
874 2399 1064 2460 exercitatum
1084 2397 1171 2458 rebus
1190 2392 1332 2456 civilibus

85 2511 120 2550 ac
147 2489 324 2552 militaribus
354 2493 471 2569 virum,
490 2517 552 2556 non
578 2496 742 2576 principem
768 2497 914 2572 civitatie,
935 2497 1015 2558 omni
1034 2493 1154 2556 laudum
1167 2515 1203 2554 ac
1224 2491 1332 2572 gloriae

85 2607 193 2669 genere
213 2589 411 2666 cumulatum,
438 2606 470 2652 ut
494 2592 574 2674 apud
599 2595 768 2654 Ciceronem
794 2595 826 2654 P.
853 2593 952 2674 Scipio
975 2594 1132 2654 Africanus
1149 2607 1211 2665 est,
1230 2591 1329 2650 dicen·

85 2699 147 2746 tem
175 2685 308 2762 inducit,
336 2687 388 2750 sed
412 2712 428 2749 e
454 2689 580 2750 Socratis
609 2691 688 2751 illud
719 2713 785 2752 cum
814 2691 963 2772 Cephalo,
993 2691 1102 2770 optimo
1121 2709 1208 2762 sene,
1227 2707 1329 2748 sermo·
1428 2725 1433 2732 ,

86 2783 179 2846 nibus
195 2786 309 2864 repetit.
350 2785 398 2846 Sic
421 2801 517 2848 autem
537 2787 589 2848 hoe
605 2788 643 2848 de
662 2803 809 2849 senectute
829 2788 922 2868 deque
951 2789 1059 2868 optima
1078 2785 1202 2848 vivendi
1217 2786 1333 2844 ratione

86 2882 272 2964 disputantes
289 2885 380 2961 facit,
408 2900 441 2946 ut
459 2900 562 2967 sponte
581 2904 673 2947 sermo
684 2886 727 2948 -ad
743 2887 875 2964 justitiae
894 2886 1051 2964 beataeque
1074 2885 1151 2946 vitae
1170 2886 1332 2957 rationem,

86 3001 162 3061 quac
198 2983 334 3062 primaria
364 2983 477 3044 ethicae
511 2986 644 3045 materies
675 2999 734 3060 cst,
770 2984 889 3046 tendat:
918 2986 966 3044 cui
994 2983 1141 3064 prooemio
1171 2995 1266 3056 totus,
1298 2981 1331 3042 u't

88 3079 239 3156 vidimus,
265 3081 398 3164 dialogus
421 3082 587 3165 respondet.
628 3084 749 3144 Factum
777 3084 819 3142 ita
846 3097 907 3159 cst,
930 3095 962 3142 ut
977 3080 1056 3142 idem
1076 3082 1131 3142 hoc
1152 3078 1331 3160 prooemium

7 3183 11 3190 '
87 3179 226 3240 Ciceroni
245 3181 447 3240 cum-materih
457 3226 467 3257 ‚
495 3196 556 3242 tum
575 3182 661 3242 etiam
683 3182 795 3257 sormi,
815 3181 1061 3264 opportunitatem
1079 3176 1251 3241 dederitad
1271 3175 1332 3236 Go-

86 3286 189 3336 cmm
212 3267 420 3354 scribendum,
447 3301 507 3360 quo
525 3279 593 3340 dati
613 3281 666 3342 ille
685 3281 772 3363 operh
790 3279 828 3340 de
846 3292 1012 3354 senectute,
1040 3278 1077 3341 de
1097 3275 1227 3362 moribus
1245 3289 1349 3353 atqite‘

86 3375 199 3456 optima
227 3366 450 3456 felicissimaque
473 3380 533 3439 vita
559 3379 626 3459 egit.
668 3381 733 3454 Quo
757 3379 847 3459 magis
873 3377 922 3438 hic
939 3377 1106 3452 cernimus,
1126 3388 1158 3434 ut
1170 3377 1332 3455 politicum

86 3474 239 3534 Ciceronis
256 3495 328 3555 opus
347 3488 407 3551 eet,
433 3477 473 3536 ita
491 3476 546 3536 hoc
565 3476 695 3538 Platonis
711 3497 785 3557 opus
804 3478 934 3536 ethicum
954 3476 1071 3556 proprie
1089 3472 1252 3554 complecti.

124 3570 185 3632 Sed
212 3573 346 3652 quamvis
375 3574 417 3634 ita
445 3587 473 3634 et
502 3576 602 3636 Cicero
629 3589 659 3636 et
685 3574 767 3635 Plato
793 3575 825 3636 in
852 3575 992 3655 primario
1012 3572 1168 3634 scribendo
1186 3570 1262 3629 libro
1281 3567 1333 3626 di·

86 3689 206 3730 veroum
232 3670 390 3734 habuerint
415 3675 612 3754 propositum,
640 3673 765 3734 multum
792 3686 890 3734 tamen
917 3673 1015 3748 abest,
1050 3684 1083 3730 ut
1111 3691 1177 3730 cum
1205 3666 1331 3728 ethicam

85 3767 160 3844 iile,
191 3781 253 3828 tom
278 3769 327 3830 hic
353 3771 503 3852 politicam
523 3771 685 3853 neglexerit
704 3793 831 3853 prorsus.
872 3774 960 3832 Recte
978 3769 1056 3832 vidit
1075 3769 1195 3840 Cicero,
1216 3763 1331 3826 nullan

86 3869 152 3926 sine
172 3867 302 3928 moribus
322 3889 381 3928 csse
405 3869 553 3930 civitatem
572 3891 653 3951 posse
664 3895 673 3947 5
704 3870 786 3930 Plato
810 3884 906 3930 autem
916 3916 925 3945 ‚
945 3889 1002 3948 quo
1027 3868 1152 3928 ethicam
1171 3865 1331 3924 illustraret

87 3966 199 4046 magis,
216 3965 255 4025 ad
278 3968 435 4047 perfectam
460 3968 589 4028 civitatis
608 3969 729 4048 sormam
745 3968 891 4028 hominem
912 3965 1105 4028 excolendum
1123 3961 1331 4024 erudiendum·

88 4085 144 4143 que
170 4065 294 4124 censuit.
335 4066 596 4148 operaepretium
622 4081 677 4142 est,
706 4067 892 4128 Ciceroniani
917 4065 1025 4147 operis,
1054 4063 1133 4144 quod
1159 4081 1251 4122 mores
1266 4057 1331 4117 atti·

125 4373 151 4440 1)
172 4375 223 4430 Cic.
246 4379 300 4429 eorl.
317 4377 351 4430 ile
369 4378 391 4430 l.

124 4458 208 4525 ²i1d·
224 4465 276 4516 cod·
