2872 5122
643 289 682 347 65

69 449 218 510 tractandas
246 449 412 508 subtiliores
441 463 468 508 et
497 448 696 522 sublimiores,
727 449 765 510 ad
784 453 919 512 virtutem
940 455 1055 514 civilem
1080 470 1108 516 et
1134 457 1285 518 militarem

67 562 138 628 aptae
164 560 255 607 essent
283 560 311 605 et
339 547 574 608 accommodatae.
632 549 691 608 Hos
725 551 848 608 maxime
876 552 1042 614 Platonicus
1068 575 1146 614 amor
1173 577 1209 614 ex
1232 558 1285 616 hac

67 647 213 726 ignorantia
234 666 329 704 rerum
348 645 578 726 gravissimarum
597 645 635 706 ad
660 646 780 706 coeleste
807 648 970 710 adducebat
988 673 1076 732 purae
1105 653 1286 733 sinceraeque

67 746 182 803 veritatis
209 743 421 824 spectaculum,
453 757 502 819 ut,
531 744 584 803 hoc
607 745 814 854 contemplati,
842 747 931 806 vitam
948 749 1134 811 instituerent
1157 754 1285 810 omnium

67 844 202 923 optimam,
229 840 339 920 alisque
367 841 559 922 recuperatis,
590 842 613 901 si
644 843 693 921 qui
701 841 796 917 alii,
821 843 898 904 beati
925 860 1030 905 essent
1047 859 1075 906 et
1101 849 1284 910 immortales.

67 939 115 1000 Sed
136 941 188 998 hac
207 939 243 1000 de
263 961 294 998 rc
312 939 459 1020 deinceps.
500 940 565 998 Alia
585 954 653 998 sunt
663 962 764 1018 ,quae
780 943 812 1000 ιιι
830 941 1003 1023 pulcerrimo
1021 960 1186 1072 argumento
1205 948 1285 1028 prius

67 1039 210 1098 uideantur
230 1036 412 1120 exponenda.

101 1137 318 1216 Memoravimus
331 1135 417 1195 modo
432 1135 546 1244 elegans
561 1137 744 1214 antiquorum
757 1135 897 1228 placitum
911 1137 991 1197 de
962 1161 993 1200 vr
1011 1143 1114 1201 amoris
1133 1161 1185 1223 per:
1199 1156 1285 1202 totam

67 1255 149 1294 rerum
168 1249 300 1294 naturam
319 1233 440 1308 diffusa,
462 1234 509 1292 cui
528 1234 630 1294 mundi
650 1233 721 1293 adeo
739 1248 832 1294 ortum
851 1235 1038 1313 tribuebant,
1059 1253 1135 1298 certe
1153 1239 1285 1300 ordinem

67 1335 119 1410 ejus
136 1348 162 1393 et
180 1333 303 1413 speciem
322 1331 530 1392 admirabilem.
573 1332 743 1391 Dominatur
765 1331 819 1391 hoc
838 1283 1086 1415 philosophema
1077 1358 1110 1396 ιιι
1129 1337 1285 1419 Eryxima-

66 1431 108 1490 chi
125 1451 267 1506 sermone,
288 1431 339 1509 qui
361 1445 424 1511 post
443 1431 612 1490 Pausaniam
632 1429 752 1490 dicendi
780 1431 905 1512 suscepit
928 1446 1040 1512 partes·
1061 1434 1111 1495 sed
1136 1436 1215 1515 quod
1234 1429 1312 1496 ilte'

66 1529 257 1603 inchoaverat
284 1528 332 1587 hic
361 1527 559 1609 persequitur,
586 1547 678 1606 neque
708 1547 798 1586 unum
826 1527 989 1588 celebrat
980 1551 1013 1589 ιιι
1039 1532 1125 1591 rebus
1151 1533 1284 1594 omnibus

66 1645 195 1701 amorem,
226 1626 276 1686 sed
305 1613 452 1707 duplicem
477 1625 647 1706 distinguit,
668 1624 789 1684 alterum
818 1639 1024 1707 temperatum,
1052 1651 1108 1710 quo
1138 1632 1234 1692 calida
1255 1647 1283 1692 et

67 1724 179 1804 frigida,
197 1727 273 1784 sicca
300 1739 329 1784 et
354 1722 493 1798 humida,
514 1744 667 1803 congruam
695 1737 778 1782 nacta
801 1725 984 1804 temperiem,
1006 1729 1080 1808 agris
1104 1730 1283 1790 fertilitatem

67 1823 261 1903 sanitatemque
279 1823 446 1883 hominibus
464 1822 637 1900 caeterisque
656 1819 851 1894 animantibus
870 1823 1008 1884 afferunt:
1030 1826 1191 1888 violentum
1209 1828 1283 1888 alte—

67 1942 139 1996 mm,
156 1921 325 1996 turbidum,
340 1934 549 1993 contumacem,
564 1940 621 1998 quo
640 1918 834 1998 invalescente
854 1937 1073 2002 corrumpantur
1090 1926 1199 2000 omnia,
1214 1939 1282 1986 tem·

67 2033 176 2099 pestates
202 2021 333 2079 oriantur
356 2039 421 2078 cunr
438 2017 580 2098 grandine
599 2030 627 2076 et
645 2017 754 2097 glacie,
774 2030 803 2075 et
820 2031 943 2098 segetum
962 2018 1128 2101 rubigines,
1148 2023 1282 2104 pestilen-

67 2118 117 2176 tiae
134 2118 203 2176 adeo
221 2131 250 2176 et
268 2115 346 2176 nulli
365 2137 425 2176 non
443 2115 612 2175 animalium
627 2129 654 2174 et
671 2114 836 2196 plantarum
855 2115 957 2182 morbi.
999 2116 1046 2178 Sic
1065 2134 1192 2197 veteres,
1213 2143 1284 2202 quae

68 2217 154 2274 animo
172 2216 337 2275 sentiebant
354 2214 390 2274 de
408 2235 521 2289 amore,
541 2213 611 2272 haec
625 2213 658 2272 in
673 2233 766 2272 rerum
782 2227 913 2273 naturam
928 2216 1156 2278 transferebant:
1174 2221 1284 2280 eadem·

68 2334 116 2391 que
133 2314 259 2374 medicus
284 2313 366 2371 hicce
385 2313 417 2370 in
445 2307 563 2392 corpora
586 2310 737 2370 hominum
765 2331 918 2390 eorumque
940 2315 1117 2374 curationem
1145 2318 1281 2399 applicat.

73 2411 245 2490 «Utrumque
264 2431 400 2484 amorem,
421 2410 529 2488 inquit,
544 2409 723 2490 agnoscimus
742 2409 774 2468 in
792 2408 903 2468 artibus
921 2411 1026 2487 variis,
1042 2427 1126 2493 atque
1144 2435 1194 2496 ego
1212 2415 1284 2476 mibi

70 2506 281 2590 deprehendisse
301 2507 401 2568 videor·
419 2507 452 2566 in
471 2519 530 2566 arte
554 2518 649 2564 nostra
676 2506 796 2566 medica.
837 2507 909 2566 Nam
928 2507 985 2567 alia
1005 2512 1132 2592 appetit,
1154 2511 1237 2590 quod¹
1252 2512 1284 2570 in

71 2608 225 2688 corporibus
249 2627 369 2680 sanum,
394 2605 470 2679 alia,
491 2603 568 2682 quod
590 2604 622 2662 in
647 2605 683 2663 iis
717 2604 877 2664 morbosum
905 2620 956 2666 est.
997 2609 1094 2668 Prouti
1119 2610 1226 2688 igitur,
1247 2609 1283 2669 de

70 2703 214 2764 Pausaniae
242 2703 403 2777 sententia,
423 2703 508 2761 bonis
527 2701 693 2762 bominibus
719 2701 893 2782 gratificari,
911 2704 1064 2784 pulcrum,
1091 2707 1174 2767 malis
1198 2728 1284 2783 vero,

71 2815 144 2884 turpe
163 2817 203 2862 est
213 2804 272 2879 ,sic
292 2803 324 2860 in
343 2802 413 2882 ips'is
430 2799 597 2881 corporibus
615 2799 692 2859 bono
707 2802 810 2880 cuique
833 2803 974 2882 appetitui
992 2804 1205 2884 obsequendum
1225 2819 1283 2880 est,

72 2901 136 2961 malo
158 2899 365 2962 resistendum:
397 2900 505 2977 eritque
520 2897 572 2956 ille
587 2897 762 2957 medicorum
780 2901 904 2981 optimus
917 2946 926 2974 ,
949 2903 999 2980 qui
1014 2903 1119 2983 optime
1134 2913 1284 2983 utrumque

72 3019 180 3073 amorem
208 2999 393 3060 distinxerit:
423 2998 473 3076 qui
498 3009 592 3055 autem
614 2994 667 3055 hoc
691 2997 832 3072 effecerit,
857 3009 888 3056 ut
906 3017 958 3078 pro
978 2998 1067 3058 altero
1081 3003 1146 3081 quis
1164 3002 1285 3062 alterum

73 3099 199 3179 accipiat,
220 3111 253 3156 ut
271 3111 406 3170 nascatur
421 3115 499 3154 amor
517 3093 567 3153 ubi
590 3114 650 3154 non
669 3093 744 3170 adsit
761 3107 789 3153 et
807 3115 865 3154 esse
884 3095 1006 3172 debeat,
1026 3098 1072 3158 vel
1092 3099 1285 3180 restinguatur

75 3193 116 3254 ubi
133 3198 218 3256 satius
238 3196 275 3255 sit
294 3195 409 3270 abesse,
430 3213 482 3254 nae
501 3193 526 3251 is
545 3193 600 3252 erit
618 3193 742 3273 optimus
760 3193 891 3253 artifex.»
919 3191 947 3272 l)

236 3391 372 3452 Virtutis
391 3400 497 3450 auctor
517 3391 598 3466 opud
616 3388 775 3448 Plutonem
794 3393 926 3451 coelectis
942 3413 1027 3452 amor
1043 3405 1094 3454 est.

108 3586 178 3647 llaec
197 3602 225 3648 et
243 3587 301 3647 alia
319 3586 527 3668 Eryximachus
546 3586 583 3646 de
603 3605 696 3645 amore
715 3587 750 3647 in
766 3607 860 3646 rerum
883 3602 985 3648 natura
995 3633 1003 3664 ,
1024 3589 1061 3649 de
1079 3590 1184 3669 quibus
1202 3591 1286 3649 nobis

76 3679 169 3745 deinde
188 3685 307 3746 dicendi
326 3687 380 3744 erit
399 3685 486 3744 locus.
529 3683 586 3743 Sed
604 3682 685 3742 Plato
704 3685 861 3762 exquisivit
879 3688 1018 3762 maxime,
1037 3708 1110 3766 quae
1131 3691 1233 3748 amoris
1251 3690 1283 3748 in

77 3777 178 3842 homine
194 3798 266 3844 esset
290 3798 318 3842 et
340 3782 488 3842 hominum
507 3783 625 3842 civitate
649 3781 694 3841 vis
720 3795 747 3841 et
761 3780 926 3844 efficacitas.
968 3786 1116 3865 Proposuit
1141 3807 1224 3863 eum,
1253 3788 1283 3846 in

79 3877 185 3941 Phaedri
203 3883 349 3957 oratione,
370 3894 402 3939 ut
420 3887 547 3940 virtutis
561 3889 730 3955 auctorem,
751 3902 808 3960 quo
823 3882 896 3942 duce
913 3883 1034 3941 maxime
1053 3898 1081 3943 et
1098 3886 1192 3966 turpia
1212 3887 1284 3968 vita·

79 3994 157 4038 remus
170 3995 197 4040 et
213 3980 332 4040 honesta
351 3993 554 4060 appeteremus.
597 3979 654 4036 Nec
673 3980 941 4059 praetermittendus
968 3995 1011 4040 est
1038 3982 1123 4042 nobis
1148 3982 1228 4042 locus
1252 3985 1283 4042 in

107 4251 129 4318 1)
143 4259 218 4328 Syrup
237 4259 294 4310 185.
315 4257 395 4309 E.-
415 4257 472 4310 188.
492 4257 522 4310 ι).
540 4257 621 4310 Docta
635 4256 699 4310 haec
714 4258 817 4326 quidem
832 4269 890 4312 sunt
905 4275 936 4312 er
950 4260 1071 4312 Heracliti
1085 4259 1284 4340 etliippocratis

82 4339 178 4394 ratione:
202 4345 267 4411 (vid.
294 4344 342 4395 Ast
365 4344 397 4395 ad
421 4345 445 4395 ιι.
464 4345 480 4396 ι.
501 4362 525 4412 p.
548 4341 599 4394 238
616 4352 642 4394 et
661 4345 789 4410 inprimis
806 4344 934 4410 ιἰιιειιοιι,
954 4333 1202 4412 SpecfirnSympos
1219 4345 1283 4396 Plat

83 4435 104 4485 p
118 4422 145 4475 ιι
158 4426 218 4497 sqq)
233 4430 280 4482 scd
296 4429 370 4480 Plato
382 4430 426 4481 illa
441 4430 610 4496 adpraesens
625 4437 800 4497 argumentum
814 4429 847 4480 de
862 4429 956 4497 duplici
972 4446 1060 4482 amore
1072 4430 1283 4508 accommodavit.

85 4503 148 4564 lltod
162 4513 218 4566 ideo
232 4515 403 4578 monendum,
421 4531 454 4566 ne
476 4514 633 4567 medicorum
648 4515 756 4581 piirrcipi
772 4511 929 4569 Platonicam
944 4515 1081 4568 tribuamus
1102 4498 1250 4567 doctrinam

1043 4601 1064 4699 Ιιι
