<?xml version="1.0" encoding="UTF-8"?>
<!DOCTYPE html PUBLIC "-//W3C//DTD XHTML 1.0 Transitional//EN"
    "http://www.w3.org/TR/xhtml1/DTD/xhtml1-transitional.dtd">
<html xmlns="http://www.w3.org/1999/xhtml" xml:lang="en" lang="en">
 <head>
  <title>
</title>
<meta http-equiv="Content-Type" content="text/html;charset=utf-8" />
  <meta name='ocr-system' content='tesseract 3.04.00' />
  <meta name='ocr-capabilities' content='ocr_page ocr_carea ocr_par ocr_line ocrx_word'/>
</head>
<body>
  <div class='ocr_page' id='page_1' title='image "./initiaphilosoph02heusgoog_0198.png"; bbox 0 0 2832 5120; ppageno 0'>
   <div class='ocr_carea' id='block_1_1' title="bbox 629 285 765 342">
    <p class='ocr_par' dir='ltr' id='par_1_1' title="bbox 629 285 765 342">
     <span class='ocr_line' id='line_1_1' title="bbox 629 285 765 342; baseline 0 0"><span class='ocrx_word' id='word_1_1' title='bbox 629 285 684 342; x_wconf 84' lang='lat'>177</span> <span class='ocrx_word' id='word_1_2' title='bbox 761 313 765 318; x_wconf 96' lang='lat'>·</span> 
     </span>
    </p>
   </div>
   <div class='ocr_carea' id='block_1_2' title="bbox 250 368 267 401">
    <p class='ocr_par' dir='ltr' id='par_1_2' title="bbox 250 368 267 401">
     <span class='ocr_line' id='line_1_2' title="bbox 250 368 267 401; baseline 0 0"><span class='ocrx_word' id='word_1_3' title='bbox 250 368 267 401; x_wconf 60' lang='lat' dir='ltr'>Q</span> 
     </span>
    </p>
   </div>
   <div class='ocr_carea' id='block_1_3' title="bbox 58 437 1402 542">
    <p class='ocr_par' dir='ltr' id='par_1_3' title="bbox 58 437 1402 542">
     <span class='ocr_line' id='line_1_3' title="bbox 58 437 1402 542; baseline -0.01 -19"><span class='ocrx_word' id='word_1_4' title='bbox 58 442 122 527; x_wconf 60' lang='lat' dir='ltr'>litut</span> <span class='ocrx_word' id='word_1_5' title='bbox 145 444 239 520; x_wconf 74' lang='grc' dir='ltr'><em>ζῶντα</em></span> <span class='ocrx_word' id='word_1_6' title='bbox 260 444 308 505; x_wconf 85' lang='grc' dir='ltr'>καὶ</span> <span class='ocrx_word' id='word_1_7' title='bbox 330 439 477 542; x_wconf 71' lang='grc' dir='ltr'><em>ἔμψυχον·</em></span> <span class='ocrx_word' id='word_1_8' title='bbox 501 437 535 506; x_wconf 75' lang='grc' dir='ltr'>οὗ</span> <span class='ocrx_word' id='word_1_9' title='bbox 559 439 576 506; x_wconf 82' lang='lat' dir='ltr'>o‘</span> <span class='ocrx_word' id='word_1_10' title='bbox 598 440 798 527; x_wconf 71' lang='grc' dir='ltr'>γεγραμμένος</span> <span class='ocrx_word' id='word_1_11' title='bbox 818 442 939 526; x_wconf 71' lang='grc' dir='ltr'><em>εἴδαλρν</em></span> <span class='ocrx_word' id='word_1_12' title='bbox 960 441 997 508; x_wconf 78' lang='grc' dir='ltr'>ἄν</span> <span class='ocrx_word' id='word_1_13' title='bbox 1019 470 1044 507; x_wconf 86' lang='grc' dir='ltr'>τι</span> <span class='ocrx_word' id='word_1_14' title='bbox 1066 442 1176 529; x_wconf 75' lang='grc' dir='ltr'>λέγοιτο</span> <span class='ocrx_word' id='word_1_15' title='bbox 1199 451 1243 512; x_wconf 78' lang='lat' dir='ltr'>dr-</span> <span class='ocrx_word' id='word_1_16' title='bbox 1328 439 1332 454; x_wconf 66' lang='grc'><em>’</em></span> <span class='ocrx_word' id='word_1_17' title='bbox 1401 519 1402 542; x_wconf 61' lang='lat'>,</span> 
     </span>
    </p>
   </div>
   <div class='ocr_carea' id='block_1_4' title="bbox 14 547 1284 3094">
    <p class='ocr_par' dir='ltr' id='par_1_4' title="bbox 14 547 1284 3094">
     <span class='ocr_line' id='line_1_4' title="bbox 56 547 1244 630; baseline 0.003 -22"><span class='ocrx_word' id='word_1_18' title='bbox 56 547 127 623; x_wconf 80' lang='grc' dir='ltr'><em>καίας·</em></span> <span class='ocrx_word' id='word_1_19' title='bbox 151 557 271 612; x_wconf 81' lang='lat' dir='ltr'>scientis</span> <span class='ocrx_word' id='word_1_20' title='bbox 295 570 457 608; x_wconf 75' lang='lat' dir='ltr'>sermonem</span> <span class='ocrx_word' id='word_1_21' title='bbox 481 550 558 606; x_wconf 81' lang='lat' dir='ltr'>sls&#39;cc&#39;r</span> <span class='ocrx_word' id='word_1_22' title='bbox 582 556 727 608; x_wconf 76' lang='lat' dir='ltr'>viaculum</span> <span class='ocrx_word' id='word_1_23' title='bbox 754 559 783 606; x_wconf 87' lang='lat' dir='ltr'>ct</span> <span class='ocrx_word' id='word_1_24' title='bbox 808 557 997 624; x_wconf 81' lang='lat' dir='ltr'>animatum,</span> <span class='ocrx_word' id='word_1_25' title='bbox 1022 558 1111 626; x_wconf 81' lang='lat' dir='ltr'>cujus</span> <span class='ocrx_word' id='word_1_26' title='bbox 1130 561 1244 630; x_wconf 80' lang='lat' dir='ltr'>scripto</span> 
     </span>
     <span class='ocr_line' id='line_1_5' title="bbox 55 641 1245 727; baseline -0.001 -18"><span class='ocrx_word' id='word_1_27' title='bbox 55 661 128 710; x_wconf 65' lang='lat' dir='ltr'>modo</span> <span class='ocrx_word' id='word_1_28' title='bbox 142 651 338 710; x_wconf 72' lang='lat' dir='ltr'><em>simulacrum</em></span> <span class='ocrx_word' id='word_1_29' title='bbox 357 641 478 724; x_wconf 83' lang='lat' dir='ltr'>aliquod</span> <span class='ocrx_word' id='word_1_30' title='bbox 500 669 555 706; x_wconf 83' lang='lat' dir='ltr'>non</span> <span class='ocrx_word' id='word_1_31' title='bbox 577 656 675 725; x_wconf 76' lang='lat' dir='ltr'>inepte</span> <span class='ocrx_word' id='word_1_32' title='bbox 695 650 954 724; x_wconf 61' lang='lat' dir='ltr'>transmittunt)</span> <span class='ocrx_word' id='word_1_33' title='bbox 985 648 1010 707; x_wconf 88' lang='lat' dir='ltr'>E</span> <span class='ocrx_word' id='word_1_34' title='bbox 1029 671 1084 727; x_wconf 92' lang='lat' dir='ltr'>qua</span> <span class='ocrx_word' id='word_1_35' title='bbox 1104 653 1245 710; x_wconf 92' lang='lat' dir='ltr'>sententia</span> 
     </span>
     <span class='ocr_line' id='line_1_6' title="bbox 54 744 1246 828; baseline -0.002 -20"><span class='ocrx_word' id='word_1_36' title='bbox 54 752 111 828; x_wconf 87' lang='lat' dir='ltr'>origo</span> <span class='ocrx_word' id='word_1_37' title='bbox 121 748 221 826; x_wconf 83' lang='lat' dir='ltr'>dialogi</span> <span class='ocrx_word' id='word_1_38' title='bbox 238 759 337 826; x_wconf 89' lang='lat' dir='ltr'>sponte</span> <span class='ocrx_word' id='word_1_39' title='bbox 353 746 478 805; x_wconf 82' lang='lat' dir='ltr'>ducitur.</span> <span class='ocrx_word' id='word_1_40' title='bbox 501 744 555 804; x_wconf 88' lang='lat' dir='ltr'>Sed</span> <span class='ocrx_word' id='word_1_41' title='bbox 570 759 666 826; x_wconf 83' lang='lat' dir='ltr'><strong>pergat</strong></span> <span class='ocrx_word' id='word_1_42' title='bbox 676 744 819 818; x_wconf 80' lang='lat' dir='ltr'>Socrates,</span> <span class='ocrx_word' id='word_1_43' title='bbox 837 746 1019 824; x_wconf 89' lang='lat' dir='ltr'>quodanimo</span> <span class='ocrx_word' id='word_1_44' title='bbox 1034 749 1136 822; x_wconf 87' lang='lat' dir='ltr'>sentit,</span> <span class='ocrx_word' id='word_1_45' title='bbox 1152 749 1246 828; x_wconf 82' lang='lat' dir='ltr'>expli·</span> 
     </span>
     <span class='ocr_line' id='line_1_7' title="bbox 14 842 1243 926; baseline 0.001 -21"><span class='ocrx_word' id='word_1_46' title='bbox 14 923 15 926; x_wconf 7' lang='grc' dir='ltr'><strong>Ἰ</strong></span> <span class='ocrx_word' id='word_1_47' title='bbox 53 869 106 907; x_wconf 86' lang='lat' dir='ltr'>rare.</span> <span class='ocrx_word' id='word_1_48' title='bbox 142 846 305 906; x_wconf 79' lang='lat' dir='ltr'><strong>Sermonem</strong></span> <span class='ocrx_word' id='word_1_49' title='bbox 323 843 445 918; x_wconf 89' lang='lat' dir='ltr'>deinde,</span> <span class='ocrx_word' id='word_1_50' title='bbox 466 865 550 923; x_wconf 88' lang='lat' dir='ltr'>quem</span> <span class='ocrx_word' id='word_1_51' title='bbox 569 842 663 917; x_wconf 82' lang='lat' dir='ltr'>dixit,</span> <span class='ocrx_word' id='word_1_52' title='bbox 686 852 832 902; x_wconf 80' lang='lat' dir='ltr'>visentem</span> <span class='ocrx_word' id='word_1_53' title='bbox 850 857 880 902; x_wconf 87' lang='lat' dir='ltr'>et</span> <span class='ocrx_word' id='word_1_54' title='bbox 899 853 1084 918; x_wconf 68' lang='lat' dir='ltr'>intinctum,</span> <span class='ocrx_word' id='word_1_55' title='bbox 1104 847 1243 924; x_wconf 82' lang='lat' dir='ltr'>agricolae</span> 
     </span>
     <span class='ocr_line' id='line_1_8' title="bbox 14 941 1243 1034; baseline 0.002 -32"><span class='ocrx_word' id='word_1_56' title='bbox 14 957 15 972; x_wconf 66' lang='lat'>¹</span> <span class='ocrx_word' id='word_1_57' title='bbox 53 959 168 1025; x_wconf 87' lang='lat' dir='ltr'>conparat</span> <span class='ocrx_word' id='word_1_58' title='bbox 187 963 335 1034; x_wconf 50' lang='lat' dir='ltr'>pe1··ag1·os</span> <span class='ocrx_word' id='word_1_59' title='bbox 352 943 460 1002; x_wconf 90' lang='lat' dir='ltr'>semina</span> <span class='ocrx_word' id='word_1_60' title='bbox 480 942 635 1023; x_wconf 88' lang='lat' dir='ltr'>spargenti.</span> <span class='ocrx_word' id='word_1_61' title='bbox 682 943 739 1002; x_wconf 84' lang='lat' dir='ltr'>«Id</span> <span class='ocrx_word' id='word_1_62' title='bbox 758 941 831 1002; x_wconf 89' lang='lat' dir='ltr'>mihi</span> <span class='ocrx_word' id='word_1_63' title='bbox 850 944 897 1002; x_wconf 90' lang='lat' dir='ltr'>dic</span> <span class='ocrx_word' id='word_1_64' title='bbox 909 989 917 1018; x_wconf 92' lang='lat'>,</span> <span class='ocrx_word' id='word_1_65' title='bbox 938 965 1060 1023; x_wconf 74' lang='lat' dir='ltr'>quaeso,</span> <span class='ocrx_word' id='word_1_66' title='bbox 1081 946 1138 1004; x_wconf 85' lang='lat' dir='ltr'>ait:</span> <span class='ocrx_word' id='word_1_67' title='bbox 1160 965 1243 1004; x_wconf 87' lang='lat' dir='ltr'>meu-</span> 
     </span>
     <span class='ocr_line' id='line_1_9' title="bbox 53 1033 1242 1122; baseline -0.001 -21"><span class='ocrx_word' id='word_1_68' title='bbox 53 1044 76 1101; x_wconf 89' lang='lat' dir='ltr'>tis</span> <span class='ocrx_word' id='word_1_69' title='bbox 96 1063 202 1122; x_wconf 89' lang='lat' dir='ltr'>compos</span> <span class='ocrx_word' id='word_1_70' title='bbox 230 1041 370 1120; x_wconf 88' lang='lat' dir='ltr'>agricola,</span> <span class='ocrx_word' id='word_1_71' title='bbox 402 1042 426 1100; x_wconf 88' lang='lat' dir='ltr'>si</span> <span class='ocrx_word' id='word_1_72' title='bbox 453 1063 508 1118; x_wconf 91' lang='lat' dir='ltr'>qua</span> <span class='ocrx_word' id='word_1_73' title='bbox 540 1039 627 1098; x_wconf 93' lang='lat' dir='ltr'>habet</span> <span class='ocrx_word' id='word_1_74' title='bbox 647 1033 778 1115; x_wconf 78' lang='lat' dir='ltr'>semina,</span> <span class='ocrx_word' id='word_1_75' title='bbox 809 1063 880 1119; x_wconf 88' lang='lat' dir='ltr'>quae</span> <span class='ocrx_word' id='word_1_76' title='bbox 913 1044 968 1122; x_wconf 91' lang='lat' dir='ltr'>ipsi</span> <span class='ocrx_word' id='word_1_77' title='bbox 997 1063 1082 1100; x_wconf 90' lang='lat' dir='ltr'>curae</span> <span class='ocrx_word' id='word_1_78' title='bbox 1107 1042 1242 1120; x_wconf 81' lang='lat' dir='ltr'>cordique</span> 
     </span>
     <span class='ocr_line' id='line_1_10' title="bbox 14 1139 1284 1220; baseline 0.001 -23"><span class='ocrx_word' id='word_1_79' title='bbox 14 1165 16 1220; x_wconf 19' lang='grc' dir='ltr'>ζ</span> <span class='ocrx_word' id='word_1_80' title='bbox 52 1156 113 1214; x_wconf 85' lang='lat' dir='ltr'>sunt,</span> <span class='ocrx_word' id='word_1_81' title='bbox 140 1161 314 1218; x_wconf 89' lang='lat' dir='ltr'>quorumque</span> <span class='ocrx_word' id='word_1_82' title='bbox 343 1141 453 1200; x_wconf 85' lang='lat' dir='ltr'>fructus</span> <span class='ocrx_word' id='word_1_83' title='bbox 480 1160 580 1218; x_wconf 82' lang='lat' dir='ltr'>capere</span> <span class='ocrx_word' id='word_1_84' title='bbox 607 1151 689 1212; x_wconf 86' lang='lat' dir='ltr'>avet,</span> <span class='ocrx_word' id='word_1_85' title='bbox 720 1139 862 1217; x_wconf 87' lang='lat' dir='ltr'>numquid</span> <span class='ocrx_word' id='word_1_86' title='bbox 890 1141 921 1198; x_wconf 94' lang='lat' dir='ltr'>in</span> <span class='ocrx_word' id='word_1_87' title='bbox 949 1139 1091 1200; x_wconf 80' lang='lat' dir='ltr'>Adonidis</span> <span class='ocrx_word' id='word_1_88' title='bbox 1118 1139 1241 1201; x_wconf 78' lang='lat' dir='ltr'>hortulis</span> <span class='ocrx_word' id='word_1_89' title='bbox 1281 1177 1284 1188; x_wconf 86' lang='lat'><strong>·</strong></span> 
     </span>
     <span class='ocr_line' id='line_1_11' title="bbox 14 1227 1245 1321; baseline 0 -25"><span class='ocrx_word' id='word_1_90' title='bbox 14 1235 16 1320; x_wconf 65' lang='lat' dir='ltr'>l</span> <span class='ocrx_word' id='word_1_91' title='bbox 51 1240 109 1315; x_wconf 86' lang='lat' dir='ltr'>quasi</span> <span class='ocrx_word' id='word_1_92' title='bbox 125 1259 208 1308; x_wconf 81' lang='lat' dir='ltr'>arans</span> <span class='ocrx_word' id='word_1_93' title='bbox 227 1227 327 1296; x_wconf 84' lang='lat' dir='ltr'>sedulo</span> <span class='ocrx_word' id='word_1_94' title='bbox 359 1235 405 1316; x_wconf 90' lang='lat' dir='ltr'>l),</span> <span class='ocrx_word' id='word_1_95' title='bbox 431 1237 568 1316; x_wconf 86' lang='lat' dir='ltr'>gaudebit</span> <span class='ocrx_word' id='word_1_96' title='bbox 596 1237 647 1296; x_wconf 90' lang='lat' dir='ltr'>hos</span> <span class='ocrx_word' id='word_1_97' title='bbox 677 1250 807 1321; x_wconf 83' lang='lat' dir='ltr'>spectans</span> <span class='ocrx_word' id='word_1_98' title='bbox 834 1237 963 1296; x_wconf 84' lang='lat' dir='ltr'>hortulos</span> <span class='ocrx_word' id='word_1_99' title='bbox 991 1239 1066 1296; x_wconf 87' lang='lat' dir='ltr'>intra</span> <span class='ocrx_word' id='word_1_100' title='bbox 1094 1239 1155 1298; x_wconf 90' lang='lat' dir='ltr'>dies</span> <span class='ocrx_word' id='word_1_101' title='bbox 1183 1251 1245 1298; x_wconf 88' lang='lat' dir='ltr'>octo</span> 
     </span>
     <span class='ocr_line' id='line_1_12' title="bbox 14 1334 1244 1417; baseline 0.001 -23"><span class='ocrx_word' id='word_1_102' title='bbox 14 1341 16 1416; x_wconf 67' lang='grc' dir='ltr'>ξ</span> <span class='ocrx_word' id='word_1_103' title='bbox 48 1337 89 1411; x_wconf 85' lang='lat' dir='ltr'>jars</span> <span class='ocrx_word' id='word_1_104' title='bbox 104 1337 215 1417; x_wconf 88' lang='lat' dir='ltr'>pulcros</span> <span class='ocrx_word' id='word_1_105' title='bbox 234 1337 346 1394; x_wconf 84' lang='lat' dir='ltr'>factos?</span> <span class='ocrx_word' id='word_1_106' title='bbox 369 1338 414 1394; x_wconf 81' lang='lat' dir='ltr'>An</span> <span class='ocrx_word' id='word_1_107' title='bbox 429 1357 497 1396; x_wconf 83' lang='lat' dir='ltr'>vero</span> <span class='ocrx_word' id='word_1_108' title='bbox 517 1335 550 1393; x_wconf 89' lang='lat' dir='ltr'>id</span> <span class='ocrx_word' id='word_1_109' title='bbox 568 1336 633 1393; x_wconf 84' lang='lat' dir='ltr'>sesti</span> <span class='ocrx_word' id='word_1_110' title='bbox 649 1334 797 1412; x_wconf 88' lang='lat' dir='ltr'>cujusdam</span> <span class='ocrx_word' id='word_1_111' title='bbox 817 1335 876 1394; x_wconf 87' lang='lat' dir='ltr'>diei</span> <span class='ocrx_word' id='word_1_112' title='bbox 896 1334 1015 1412; x_wconf 89' lang='lat' dir='ltr'>ludique</span> <span class='ocrx_word' id='word_1_113' title='bbox 1033 1337 1121 1414; x_wconf 73' lang='lat' dir='ltr'>gratia</span> <span class='ocrx_word' id='word_1_114' title='bbox 1143 1337 1244 1410; x_wconf 85' lang='lat' dir='ltr'>faciet,</span> 
     </span>
     <span class='ocr_line' id='line_1_13' title="bbox 14 1417 1274 1520; baseline 0.002 -30"><span class='ocrx_word' id='word_1_115' title='bbox 14 1417 16 1520; x_wconf 60' lang='lat' dir='ltr'>l</span> <span class='ocrx_word' id='word_1_116' title='bbox 51 1435 168 1512; x_wconf 84' lang='lat' dir='ltr'>siquidem</span> <span class='ocrx_word' id='word_1_117' title='bbox 196 1436 301 1493; x_wconf 89' lang='lat' dir='ltr'>faciat:</span> <span class='ocrx_word' id='word_1_118' title='bbox 332 1448 377 1508; x_wconf 87' lang='lat' dir='ltr'>at,</span> <span class='ocrx_word' id='word_1_119' title='bbox 401 1432 450 1491; x_wconf 92' lang='lat' dir='ltr'>ubi</span> <span class='ocrx_word' id='word_1_120' title='bbox 471 1433 550 1490; x_wconf 89' lang='lat' dir='ltr'>serio</span> <span class='ocrx_word' id='word_1_121' title='bbox 567 1453 671 1512; x_wconf 91' lang='lat' dir='ltr'>agens,</span> <span class='ocrx_word' id='word_1_122' title='bbox 692 1433 883 1511; x_wconf 81' lang='lat' dir='ltr'>agriculturae</span> <span class='ocrx_word' id='word_1_123' title='bbox 911 1433 1039 1492; x_wconf 87' lang='lat' dir='ltr'>studium</span> <span class='ocrx_word' id='word_1_124' title='bbox 1059 1433 1245 1509; x_wconf 85' lang='lat' dir='ltr'>adhibuerit,</span> <span class='ocrx_word' id='word_1_125' title='bbox 1271 1493 1274 1502; x_wconf 78' lang='grc'><strong>,</strong></span> 
     </span>
     <span class='ocr_line' id='line_1_14' title="bbox 14 1528 1244 1606; baseline 0.003 -18"><span class='ocrx_word' id='word_1_126' title='bbox 14 1535 16 1600; x_wconf 66' lang='lat'>&#39;3</span> <span class='ocrx_word' id='word_1_127' title='bbox 50 1546 118 1606; x_wconf 90' lang='lat' dir='ltr'>seret,</span> <span class='ocrx_word' id='word_1_128' title='bbox 140 1532 189 1592; x_wconf 93' lang='lat' dir='ltr'>ubi</span> <span class='ocrx_word' id='word_1_129' title='bbox 209 1532 347 1590; x_wconf 83' lang='lat' dir='ltr'>convenit</span> <span class='ocrx_word' id='word_1_130' title='bbox 365 1544 392 1590; x_wconf 91' lang='lat' dir='ltr'>et</span> <span class='ocrx_word' id='word_1_131' title='bbox 413 1530 480 1588; x_wconf 94' lang='lat' dir='ltr'>satis</span> <span class='ocrx_word' id='word_1_132' title='bbox 508 1528 563 1589; x_wconf 86' lang='lat' dir='ltr'>sibi</span> <span class='ocrx_word' id='word_1_133' title='bbox 587 1544 755 1588; x_wconf 89' lang='lat' dir='ltr'>consecutus</span> <span class='ocrx_word' id='word_1_134' title='bbox 780 1531 947 1604; x_wconf 90' lang='lat' dir='ltr'>videbitur,</span> <span class='ocrx_word' id='word_1_135' title='bbox 969 1532 992 1590; x_wconf 93' lang='lat' dir='ltr'>si</span> <span class='ocrx_word' id='word_1_136' title='bbox 1020 1545 1084 1590; x_wconf 91' lang='lat' dir='ltr'>octo</span> <span class='ocrx_word' id='word_1_137' title='bbox 1103 1533 1244 1592; x_wconf 88' lang='lat' dir='ltr'>mensium</span> 
     </span>
     <span class='ocr_line' id='line_1_15' title="bbox 14 1617 1243 1710; baseline 0.004 -24"><span class='ocrx_word' id='word_1_138' title='bbox 14 1647 16 1680; x_wconf 70' lang='lat' dir='ltr'>t</span> <span class='ocrx_word' id='word_1_139' title='bbox 50 1630 181 1690; x_wconf 86' lang='lat' dir='ltr'>intervallo</span> <span class='ocrx_word' id='word_1_140' title='bbox 205 1630 277 1690; x_wconf 87' lang='lat' dir='ltr'>satio</span> <span class='ocrx_word' id='word_1_141' title='bbox 295 1617 391 1708; x_wconf 87' lang='lat' dir='ltr'>ipsius</span> <span class='ocrx_word' id='word_1_142' title='bbox 415 1629 510 1706; x_wconf 86' lang='lat' dir='ltr'>fruges</span> <span class='ocrx_word' id='word_1_143' title='bbox 538 1627 714 1708; x_wconf 80' lang='lat' dir='ltr'>protulerit?</span> <span class='ocrx_word' id='word_1_144' title='bbox 737 1628 806 1686; x_wconf 81' lang='lat' dir='ltr'>Hic·</span> <span class='ocrx_word' id='word_1_145' title='bbox 819 1627 982 1686; x_wconf 82' lang='lat' dir='ltr'>Phaedrus:</span> <span class='ocrx_word' id='word_1_146' title='bbox 1014 1630 1055 1687; x_wconf 89' lang='lat' dir='ltr'>ita</span> <span class='ocrx_word' id='word_1_147' title='bbox 1072 1651 1243 1710; x_wconf 91' lang='lat' dir='ltr'>prorsus,o</span> 
     </span>
     <span class='ocr_line' id='line_1_16' title="bbox 14 1725 1244 1805; baseline 0.003 -19"><span class='ocrx_word' id='word_1_148' title='bbox 14 1753 16 1776; x_wconf 79' lang='lat'><em>1</em></span> <span class='ocrx_word' id='word_1_149' title='bbox 49 1725 172 1801; x_wconf 83' lang='lat' dir='ltr'>Socrates,</span> <span class='ocrx_word' id='word_1_150' title='bbox 193 1729 260 1801; x_wconf 76' lang='lat' dir='ltr'>ait,</span> <span class='ocrx_word' id='word_1_151' title='bbox 275 1727 326 1786; x_wconf 89' lang='lat' dir='ltr'>illa</span> <span class='ocrx_word' id='word_1_152' title='bbox 349 1726 464 1805; x_wconf 88' lang='lat' dir='ltr'>quidem</span> <span class='ocrx_word' id='word_1_153' title='bbox 489 1725 593 1784; x_wconf 93' lang='lat' dir='ltr'>ludens</span> <span class='ocrx_word' id='word_1_154' title='bbox 613 1728 753 1802; x_wconf 85' lang='lat' dir='ltr'>jocoque,</span> <span class='ocrx_word' id='word_1_155' title='bbox 785 1739 816 1784; x_wconf 91' lang='lat' dir='ltr'>ut</span> <span class='ocrx_word' id='word_1_156' title='bbox 846 1725 937 1799; x_wconf 90' lang='lat' dir='ltr'>dicis,</span> <span class='ocrx_word' id='word_1_157' title='bbox 958 1726 1027 1786; x_wconf 90' lang='lat' dir='ltr'>haec</span> <span class='ocrx_word' id='word_1_158' title='bbox 1053 1741 1146 1788; x_wconf 87' lang='lat' dir='ltr'>autem</span> <span class='ocrx_word' id='word_1_159' title='bbox 1172 1731 1244 1790; x_wconf 91' lang='lat' dir='ltr'>serio</span> 
     </span>
     <span class='ocr_line' id='line_1_17' title="bbox 16 1823 1244 1906; baseline 0.003 -26"><span class='ocrx_word' id='word_1_160' title='bbox 16 1883 17 1894; x_wconf 20' lang='lat' dir='ltr'>q</span> <span class='ocrx_word' id='word_1_161' title='bbox 49 1825 122 1886; x_wconf 85' lang='lat' dir='ltr'>saciet.</span> <span class='ocrx_word' id='word_1_162' title='bbox 163 1826 216 1886; x_wconf 87' lang='lat' dir='ltr'>Cui</span> <span class='ocrx_word' id='word_1_163' title='bbox 238 1825 382 1884; x_wconf 86' lang='lat' dir='ltr'>Socrates:</span> <span class='ocrx_word' id='word_1_164' title='bbox 409 1823 554 1882; x_wconf 88' lang='lat' dir='ltr'>hominem</span> <span class='ocrx_word' id='word_1_165' title='bbox 582 1833 668 1895; x_wconf 76' lang='lat' dir='ltr'>vero,</span> <span class='ocrx_word' id='word_1_166' title='bbox 688 1823 763 1901; x_wconf 51' lang='lat' dir='ltr'>,justi</span> <span class='ocrx_word' id='word_1_167' title='bbox 791 1823 960 1902; x_wconf 88' lang='lat' dir='ltr'>honestique</span> <span class='ocrx_word' id='word_1_168' title='bbox 980 1826 1128 1886; x_wconf 88' lang='lat' dir='ltr'>scientiam</span> <span class='ocrx_word' id='word_1_169' title='bbox 1156 1829 1244 1906; x_wconf 91' lang='lat' dir='ltr'>possi-</span> 
     </span>
     <span class='ocr_line' id='line_1_18' title="bbox 15 1919 1241 2004; baseline 0.002 -22"><span class='ocrx_word' id='word_1_170' title='bbox 15 1931 17 1974; x_wconf 75' lang='lat'>?</span> <span class='ocrx_word' id='word_1_171' title='bbox 49 1921 142 1982; x_wconf 87' lang='lat' dir='ltr'>lentem</span> <span class='ocrx_word' id='word_1_172' title='bbox 152 1969 160 1997; x_wconf 92' lang='lat'>,</span> <span class='ocrx_word' id='word_1_173' title='bbox 181 1923 305 2004; x_wconf 71' lang='lat' dir='ltr'>agricola</span> <span class='ocrx_word' id='word_1_174' title='bbox 325 1921 494 2001; x_wconf 85' lang='lat' dir='ltr'>ineptiorem</span> <span class='ocrx_word' id='word_1_175' title='bbox 513 1920 551 1979; x_wconf 89' lang='lat' dir='ltr'>ad</span> <span class='ocrx_word' id='word_1_176' title='bbox 569 1922 677 1980; x_wconf 88' lang='lat' dir='ltr'>semina</span> <span class='ocrx_word' id='word_1_177' title='bbox 696 1942 746 1978; x_wconf 91' lang='lat' dir='ltr'>sua</span> <span class='ocrx_word' id='word_1_178' title='bbox 761 1919 920 2002; x_wconf 86' lang='lat' dir='ltr'>spargenda</span> <span class='ocrx_word' id='word_1_179' title='bbox 935 1922 1123 2002; x_wconf 81' lang='lat' dir='ltr'>putabimus?</span> <span class='ocrx_word' id='word_1_180' title='bbox 1134 1926 1241 1984; x_wconf 90' lang='lat' dir='ltr'>-0m·</span> 
     </span>
     <span class='ocr_line' id='line_1_19' title="bbox 49 2019 1244 2097; baseline 0.003 -19"><span class='ocrx_word' id='word_1_181' title='bbox 49 2023 111 2080; x_wconf 87' lang='lat' dir='ltr'>nium</span> <span class='ocrx_word' id='word_1_182' title='bbox 136 2022 264 2080; x_wconf 89' lang='lat' dir='ltr'>minime.</span> <span class='ocrx_word' id='word_1_183' title='bbox 295 2047 328 2058; x_wconf 88' lang='lat'>··-</span> <span class='ocrx_word' id='word_1_184' title='bbox 351 2019 415 2077; x_wconf 89' lang='lat' dir='ltr'>Non</span> <span class='ocrx_word' id='word_1_185' title='bbox 440 2019 527 2097; x_wconf 90' lang='lat' dir='ltr'>igitur</span> <span class='ocrx_word' id='word_1_186' title='bbox 553 2019 678 2077; x_wconf 90' lang='lat' dir='ltr'>studiose</span> <span class='ocrx_word' id='word_1_187' title='bbox 701 2019 782 2096; x_wconf 84' lang='lat' dir='ltr'>quasi</span> <span class='ocrx_word' id='word_1_188' title='bbox 802 2020 833 2088; x_wconf 84' lang='lat' dir='ltr'>in</span> <span class='ocrx_word' id='word_1_189' title='bbox 852 2019 1066 2096; x_wconf 81' lang='lat' dir='ltr'>aquascribet,</span> <span class='ocrx_word' id='word_1_190' title='bbox 1086 2035 1244 2082; x_wconf 86' lang='lat' dir='ltr'>atramento</span> 
     </span>
     <span class='ocr_line' id='line_1_20' title="bbox 15 2117 1242 2208; baseline 0.004 -34"><span class='ocrx_word' id='word_1_191' title='bbox 15 2151 16 2174; x_wconf 62' lang='grc' dir='ltr'>ι</span> <span class='ocrx_word' id='word_1_192' title='bbox 48 2139 83 2197; x_wconf 87' lang='lat' dir='ltr'>per</span> <span class='ocrx_word' id='word_1_193' title='bbox 100 2120 236 2178; x_wconf 84' lang='lat' dir='ltr'>calamum</span> <span class='ocrx_word' id='word_1_194' title='bbox 264 2138 359 2176; x_wconf 89' lang='lat' dir='ltr'>serens</span> <span class='ocrx_word' id='word_1_195' title='bbox 377 2129 414 2174; x_wconf 88' lang='lat' dir='ltr'>-et</span> <span class='ocrx_word' id='word_1_196' title='bbox 442 2137 508 2174; x_wconf 92' lang='lat' dir='ltr'>usus</span> <span class='ocrx_word' id='word_1_197' title='bbox 536 2117 683 2190; x_wconf 89' lang='lat' dir='ltr'>oratione,</span> <span class='ocrx_word' id='word_1_198' title='bbox 704 2137 776 2195; x_wconf 89' lang='lat' dir='ltr'>quae</span> <span class='ocrx_word' id='word_1_199' title='bbox 805 2139 857 2175; x_wconf 89' lang='lat' dir='ltr'>nec</span> <span class='ocrx_word' id='word_1_200' title='bbox 884 2117 1079 2208; x_wconf 46' lang='lat' dir='ltr'>sibimetipsa</span> <span class='ocrx_word' id='word_1_201' title='bbox 1105 2121 1242 2180; x_wconf 78' lang='lat' dir='ltr'>auxiliari</span> 
     </span>
     <span class='ocr_line' id='line_1_21' title="bbox 15 2215 1243 2294; baseline 0 -18"><span class='ocrx_word' id='word_1_202' title='bbox 15 2243 16 2246; x_wconf 42' lang='lat'>¹</span> <span class='ocrx_word' id='word_1_203' title='bbox 48 2219 149 2292; x_wconf 82' lang='lat' dir='ltr'>ratione,</span> <span class='ocrx_word' id='word_1_204' title='bbox 163 2238 216 2276; x_wconf 89' lang='lat' dir='ltr'>nec</span> <span class='ocrx_word' id='word_1_205' title='bbox 234 2216 305 2275; x_wconf 88' lang='lat' dir='ltr'>alios</span> <span class='ocrx_word' id='word_1_206' title='bbox 324 2215 426 2274; x_wconf 90' lang='lat' dir='ltr'>docere</span> <span class='ocrx_word' id='word_1_207' title='bbox 440 2235 539 2273; x_wconf 85' lang='lat' dir='ltr'>verum</span> <span class='ocrx_word' id='word_1_208' title='bbox 555 2227 655 2294; x_wconf 84' lang='lat' dir='ltr'>potest.</span> <span class='ocrx_word' id='word_1_209' title='bbox 670 2243 704 2252; x_wconf 95' lang='grc'><strong>-</strong></span> <span class='ocrx_word' id='word_1_210' title='bbox 723 2215 811 2274; x_wconf 88' lang='lat' dir='ltr'>Haud</span> <span class='ocrx_word' id='word_1_211' title='bbox 830 2237 897 2274; x_wconf 90' lang='lat' dir='ltr'>sane</span> <span class='ocrx_word' id='word_1_212' title='bbox 913 2229 953 2274; x_wconf 86' lang='lat' dir='ltr'>est</span> <span class='ocrx_word' id='word_1_213' title='bbox 967 2215 1199 2278; x_wconf 83' lang='lat' dir='ltr'>consentaneum.</span> <span class='ocrx_word' id='word_1_214' title='bbox 1211 2234 1243 2268; x_wconf 77' lang='lat'>-&#39;</span> 
     </span>
     <span class='ocr_line' id='line_1_22' title="bbox 49 2312 1241 2396; baseline 0 -22"><span class='ocrx_word' id='word_1_215' title='bbox 49 2315 131 2376; x_wconf 90' lang='lat' dir='ltr'>Hortos</span> <span class='ocrx_word' id='word_1_216' title='bbox 145 2315 262 2396; x_wconf 90' lang='lat' dir='ltr'>quidem</span> <span class='ocrx_word' id='word_1_217' title='bbox 282 2314 447 2386; x_wconf 89' lang='lat' dir='ltr'>literarum,</span> <span class='ocrx_word' id='word_1_218' title='bbox 469 2312 533 2371; x_wconf 87' lang='lat' dir='ltr'>ludi</span> <span class='ocrx_word' id='word_1_219' title='bbox 553 2312 669 2386; x_wconf 71' lang='lat' dir='ltr'>caussa,</span> <span class='ocrx_word' id='word_1_220' title='bbox 691 2326 723 2372; x_wconf 91' lang='lat' dir='ltr'>ut</span> <span class='ocrx_word' id='word_1_221' title='bbox 749 2312 883 2386; x_wconf 83' lang='lat' dir='ltr'>videtur,</span> <span class='ocrx_word' id='word_1_222' title='bbox 905 2327 978 2372; x_wconf 86' lang='lat' dir='ltr'>seret</span> <span class='ocrx_word' id='word_1_223' title='bbox 1006 2327 1090 2391; x_wconf 90' lang='lat' dir='ltr'>atque</span> <span class='ocrx_word' id='word_1_224' title='bbox 1118 2315 1241 2392; x_wconf 76' lang='lat' dir='ltr'>scribet5</span> 
     </span>
     <span class='ocr_line' id='line_1_23' title="bbox 48 2410 1246 2491; baseline 0 -19"><span class='ocrx_word' id='word_1_225' title='bbox 48 2415 82 2474; x_wconf 86' lang='lat' dir='ltr'>ssd</span> <span class='ocrx_word' id='word_1_226' title='bbox 98 2415 185 2474; x_wconf 88' lang='lat' dir='ltr'>multo</span> <span class='ocrx_word' id='word_1_227' title='bbox 205 2413 237 2471; x_wconf 93' lang='lat' dir='ltr'>in</span> <span class='ocrx_word' id='word_1_228' title='bbox 257 2413 302 2471; x_wconf 90' lang='lat' dir='ltr'>his</span> <span class='ocrx_word' id='word_1_229' title='bbox 321 2411 382 2470; x_wconf 72' lang='lat' dir='ltr'>meh</span> <span class='ocrx_word' id='word_1_230' title='bbox 401 2411 542 2470; x_wconf 73' lang='lat' dir='ltr'>sententid</span> <span class='ocrx_word' id='word_1_231' title='bbox 560 2411 735 2491; x_wconf 86' lang='lat' dir='ltr'>praeclarius</span> <span class='ocrx_word' id='word_1_232' title='bbox 753 2424 794 2469; x_wconf 89' lang='lat' dir='ltr'>est</span> <span class='ocrx_word' id='word_1_233' title='bbox 813 2410 957 2482; x_wconf 89' lang='lat' dir='ltr'>studium,</span> <span class='ocrx_word' id='word_1_234' title='bbox 980 2410 1029 2468; x_wconf 92' lang='lat' dir='ltr'>ubi</span> <span class='ocrx_word' id='word_1_235' title='bbox 1041 2412 1106 2490; x_wconf 90' lang='lat' dir='ltr'>quis</span> <span class='ocrx_word' id='word_1_236' title='bbox 1116 2427 1175 2472; x_wconf 87' lang='lat' dir='ltr'>arte</span> <span class='ocrx_word' id='word_1_237' title='bbox 1186 2415 1246 2474; x_wconf 86' lang='lat' dir='ltr'>dia·</span> 
     </span>
     <span class='ocr_line' id='line_1_24' title="bbox 48 2499 1246 2590; baseline 0.003 -23"><span class='ocrx_word' id='word_1_238' title='bbox 48 2510 126 2572; x_wconf 87' lang='lat' dir='ltr'>lectica</span> <span class='ocrx_word' id='word_1_239' title='bbox 145 2526 245 2585; x_wconf 89' lang='lat' dir='ltr'>utens,</span> <span class='ocrx_word' id='word_1_240' title='bbox 263 2510 411 2589; x_wconf 85' lang='lat' dir='ltr'>ingenium</span> <span class='ocrx_word' id='word_1_241' title='bbox 431 2499 531 2567; x_wconf 85' lang='lat' dir='ltr'>nactus</span> <span class='ocrx_word' id='word_1_242' title='bbox 548 2508 702 2581; x_wconf 91' lang='lat' dir='ltr'>idoneum,</span> <span class='ocrx_word' id='word_1_243' title='bbox 723 2529 866 2568; x_wconf 90' lang='lat' dir='ltr'>sermones</span> <span class='ocrx_word' id='word_1_244' title='bbox 894 2529 959 2566; x_wconf 90' lang='lat' dir='ltr'>cum</span> <span class='ocrx_word' id='word_1_245' title='bbox 988 2510 1106 2568; x_wconf 87' lang='lat' dir='ltr'>seientia</span> <span class='ocrx_word' id='word_1_246' title='bbox 1133 2512 1246 2590; x_wconf 88' lang='lat' dir='ltr'>plantat</span> 
     </span>
     <span class='ocr_line' id='line_1_25' title="bbox 48 2601 1245 2690; baseline 0.003 -24"><span class='ocrx_word' id='word_1_247' title='bbox 48 2624 65 2668; x_wconf 86' lang='lat' dir='ltr'>ct</span> <span class='ocrx_word' id='word_1_248' title='bbox 81 2613 211 2687; x_wconf 88' lang='lat' dir='ltr'>seminat,</span> <span class='ocrx_word' id='word_1_249' title='bbox 241 2606 269 2670; x_wconf 77' lang='grc' dir='ltr'>οἳ</span> <span class='ocrx_word' id='word_1_250' title='bbox 291 2603 404 2680; x_wconf 74' lang='grc' dir='ltr'><em>ἑαυτοῖς</em></span> <span class='ocrx_word' id='word_1_251' title='bbox 425 2607 469 2690; x_wconf 74' lang='grc' dir='ltr'>τῷ</span> <span class='ocrx_word' id='word_1_252' title='bbox 489 2602 714 2688; x_wconf 63' lang='grc' dir='ltr'>πρωτεύσαντι</span> <span class='ocrx_word' id='word_1_253' title='bbox 736 2601 861 2688; x_wconf 64' lang='grc' dir='ltr'><em>βοηθεῖν</em></span> <span class='ocrx_word' id='word_1_254' title='bbox 882 2603 973 2666; x_wconf 81' lang='grc' dir='ltr'><em>ἱκανοὶ</em></span> <span class='ocrx_word' id='word_1_255' title='bbox 994 2606 1041 2666; x_wconf 84' lang='grc' dir='ltr'><strong><em>καί</em></strong></span> <span class='ocrx_word' id='word_1_256' title='bbox 1064 2603 1134 2686; x_wconf 78' lang='grc' dir='ltr'><em>ου’χί</em></span> <span class='ocrx_word' id='word_1_257' title='bbox 1153 2604 1245 2688; x_wconf 74' lang='grc' dir='ltr'><em>ἄκαρ-</em></span> 
     </span>
     <span class='ocr_line' id='line_1_26' title="bbox 14 2703 1246 2796; baseline 0.004 -28"><span class='ocrx_word' id='word_1_258' title='bbox 14 2765 15 2768; x_wconf 76' lang='grc'>,</span> <span class='ocrx_word' id='word_1_259' title='bbox 48 2729 95 2783; x_wconf 81' lang='lat' dir='ltr'>scs,</span> <span class='ocrx_word' id='word_1_260' title='bbox 114 2705 173 2770; x_wconf 70' lang='grc' dir='ltr'>ἀλλ’</span> <span class='ocrx_word' id='word_1_261' title='bbox 196 2704 312 2790; x_wconf 76' lang='grc' dir='ltr'><em>ἔχοντες</em></span> <span class='ocrx_word' id='word_1_262' title='bbox 334 2703 459 2790; x_wconf 76' lang='grc' dir='ltr'><em>σπέρμα·</em></span> <span class='ocrx_word' id='word_1_263' title='bbox 489 2719 541 2790; x_wconf 80' lang='lat' dir='ltr'>qui</span> <span class='ocrx_word' id='word_1_264' title='bbox 566 2721 595 2768; x_wconf 82' lang='lat' dir='ltr'>ct</span> <span class='ocrx_word' id='word_1_265' title='bbox 619 2713 773 2796; x_wconf 68' lang='lat' dir='ltr'>sibiipsis</span> <span class='ocrx_word' id='word_1_266' title='bbox 793 2717 822 2768; x_wconf 79' lang='lat' dir='ltr'>ct</span> <span class='ocrx_word' id='word_1_267' title='bbox 842 2717 938 2766; x_wconf 77' lang='lat' dir='ltr'>sotori</span> <span class='ocrx_word' id='word_1_268' title='bbox 959 2732 1010 2768; x_wconf 80' lang='lat' dir='ltr'>sno</span> <span class='ocrx_word' id='word_1_269' title='bbox 1032 2709 1146 2786; x_wconf 79' lang='lat' dir='ltr'>offerre</span> <span class='ocrx_word' id='word_1_270' title='bbox 1166 2726 1246 2790; x_wconf 72' lang='grc' dir='ltr'><em>ομραι</em></span> 
     </span>
     <span class='ocr_line' id='line_1_27' title="bbox 14 2799 1247 2888; baseline 0.004 -22"><span class='ocrx_word' id='word_1_271' title='bbox 14 2863 15 2866; x_wconf 76' lang='grc'>,</span> <span class='ocrx_word' id='word_1_272' title='bbox 45 2823 166 2887; x_wconf 78' lang='lat' dir='ltr'>possunt,</span> <span class='ocrx_word' id='word_1_273' title='bbox 193 2835 246 2872; x_wconf 84' lang='lat' dir='ltr'>nec</span> <span class='ocrx_word' id='word_1_274' title='bbox 267 2814 430 2888; x_wconf 77' lang='lat' dir='ltr'>fructibus</span> <span class='ocrx_word' id='word_1_275' title='bbox 449 2813 590 2870; x_wconf 77' lang='lat' dir='ltr'>destituti</span> <span class='ocrx_word' id='word_1_276' title='bbox 608 2818 681 2866; x_wconf 80' lang='lat' dir='ltr'>suot</span> <span class='ocrx_word' id='word_1_277' title='bbox 699 2818 729 2866; x_wconf 87' lang='lat' dir='ltr'>ct</span> <span class='ocrx_word' id='word_1_278' title='bbox 746 2815 859 2866; x_wconf 80' lang='lat' dir='ltr'>semino</span> <span class='ocrx_word' id='word_1_279' title='bbox 879 2810 1018 2867; x_wconf 80' lang='lat' dir='ltr'>reddunt.</span> <span class='ocrx_word' id='word_1_280' title='bbox 1055 2799 1146 2870; x_wconf 67' lang='lat' dir='ltr'>‘Oto</span> <span class='ocrx_word' id='word_1_281' title='bbox 1167 2805 1247 2871; x_wconf 75' lang='lat' dir='ltr'>littra</span> 
     </span>
     <span class='ocr_line' id='line_1_28' title="bbox 48 2899 1246 2992; baseline 0.005 -25"><span class='ocrx_word' id='word_1_282' title='bbox 48 2904 181 2985; x_wconf 74' lang='grc' dir='ltr'><em>ἒνᾶλλοις</em></span> <span class='ocrx_word' id='word_1_283' title='bbox 207 2904 298 2992; x_wconf 73' lang='grc' dir='ltr'>ἤθεσι</span> <span class='ocrx_word' id='word_1_284' title='bbox 324 2903 474 2990; x_wconf 74' lang='grc' dir='ltr'><em>φυόμενοι·</em></span> <span class='ocrx_word' id='word_1_285' title='bbox 491 2902 570 2968; x_wconf 77' lang='grc' dir='ltr'><em>τοῦτ’</em></span> <span class='ocrx_word' id='word_1_286' title='bbox 596 2901 641 2966; x_wconf 73' lang='lat' dir='ltr'>ciel</span> <span class='ocrx_word' id='word_1_287' title='bbox 662 2899 814 2966; x_wconf 67' lang='grc' dir='ltr'><em>ἀθάνατον</em></span> <span class='ocrx_word' id='word_1_288' title='bbox 835 2900 973 2984; x_wconf 72' lang='grc' dir='ltr'><em>παρέχειν</em></span> <span class='ocrx_word' id='word_1_289' title='bbox 995 2904 1094 2968; x_wconf 76' lang='grc' dir='ltr'><em>ἵκανοὶ·</em></span> <span class='ocrx_word' id='word_1_290' title='bbox 1116 2917 1193 2972; x_wconf 79' lang='lat' dir='ltr'>unda</span> <span class='ocrx_word' id='word_1_291' title='bbox 1213 2925 1246 2972; x_wconf 79' lang='lat' dir='ltr'>tn</span> 
     </span>
     <span class='ocr_line' id='line_1_29' title="bbox 48 3011 1245 3094; baseline 0.005 -28"><span class='ocrx_word' id='word_1_292' title='bbox 48 3013 257 3094; x_wconf 80' lang='lat' dir='ltr'>cliir&#39;r’rsgenir&#39;s</span> <span class='ocrx_word' id='word_1_293' title='bbox 283 3015 341 3070; x_wconf 82' lang='lat' dir='ltr'>olii</span> <span class='ocrx_word' id='word_1_294' title='bbox 368 3021 531 3070; x_wconf 77' lang='lat' dir='ltr'>crescentes</span> <span class='ocrx_word' id='word_1_295' title='bbox 554 3011 587 3067; x_wconf 83' lang='lat' dir='ltr'>r&#39;d</span> <span class='ocrx_word' id='word_1_296' title='bbox 612 3031 680 3066; x_wconf 83' lang='lat' dir='ltr'>carm</span> <span class='ocrx_word' id='word_1_297' title='bbox 703 3030 819 3068; x_wconf 85' lang='lat' dir='ltr'>summo</span> <span class='ocrx_word' id='word_1_298' title='bbox 845 3016 993 3066; x_wconf 60' lang='lat' dir='ltr'>cenatote</span> <span class='ocrx_word' id='word_1_299' title='bbox 1013 3019 1046 3068; x_wconf 85' lang='lat' dir='ltr'>in</span> <span class='ocrx_word' id='word_1_300' title='bbox 1065 3023 1245 3089; x_wconf 82' lang='lat' dir='ltr'>perpetuum</span> 
     </span>
    </p>
   </div>
   <div class='ocr_carea' id='block_1_5' title="bbox 47 3105 1354 3189">
    <p class='ocr_par' dir='ltr' id='par_1_5' title="bbox 47 3105 1354 3189">
     <span class='ocr_line' id='line_1_30' title="bbox 47 3105 1354 3189; baseline 0.003 -22"><span class='ocrx_word' id='word_1_301' title='bbox 47 3123 198 3186; x_wconf 70' lang='lat' dir='ltr'>perstant,</span> <span class='ocrx_word' id='word_1_302' title='bbox 220 3125 305 3189; x_wconf 89' lang='lat' dir='ltr'>atque</span> <span class='ocrx_word' id='word_1_303' title='bbox 324 3131 386 3168; x_wconf 90' lang='lat' dir='ltr'>cnm</span> <span class='ocrx_word' id='word_1_304' title='bbox 406 3111 456 3189; x_wconf 92' lang='lat' dir='ltr'>qui</span> <span class='ocrx_word' id='word_1_305' title='bbox 476 3109 544 3167; x_wconf 90' lang='lat' dir='ltr'>haec</span> <span class='ocrx_word' id='word_1_306' title='bbox 558 3105 669 3178; x_wconf 88' lang='lat' dir='ltr'>habet,</span> <span class='ocrx_word' id='word_1_307' title='bbox 690 3105 897 3179; x_wconf 86' lang='lat' dir='ltr'>beatissimum,</span> <span class='ocrx_word' id='word_1_308' title='bbox 915 3108 1010 3184; x_wconf 88' lang='lat' dir='ltr'>quoad</span> <span class='ocrx_word' id='word_1_309' title='bbox 1029 3109 1140 3169; x_wconf 89' lang='lat' dir='ltr'>homini</span> <span class='ocrx_word' id='word_1_310' title='bbox 1160 3111 1246 3186; x_wconf 89' lang='lat' dir='ltr'>licet,</span> <span class='ocrx_word' id='word_1_311' title='bbox 1329 3123 1354 3136; x_wconf 79' lang='lat'>&#39;&#39;</span> 
     </span>
    </p>
   </div>
   <div class='ocr_carea' id='block_1_6' title="bbox 15 3207 1268 3878">
    <p class='ocr_par' dir='ltr' id='par_1_6' title="bbox 49 3207 246 3290">
     <span class='ocr_line' id='line_1_31' title="bbox 49 3207 246 3290; baseline 0 -24"><span class='ocrx_word' id='word_1_312' title='bbox 49 3207 188 3270; x_wconf 58' lang='lat' dir='ltr'>cfficiuntur</span> <span class='ocrx_word' id='word_1_313' title='bbox 214 3207 246 3290; x_wconf 82' lang='lat'>2)</span> 
     </span>
    </p>

    <p class='ocr_par' dir='ltr' id='par_1_7' title="bbox 49 3298 1250 3679">
     <span class='ocr_line' id='line_1_32' title="bbox 76 3298 1247 3390; baseline 0.002 -24"><span class='ocrx_word' id='word_1_314' title='bbox 76 3307 117 3386; x_wconf 81' lang='lat' dir='ltr'>Sic</span> <span class='ocrx_word' id='word_1_315' title='bbox 135 3309 277 3368; x_wconf 88' lang='lat' dir='ltr'>Socratem</span> <span class='ocrx_word' id='word_1_316' title='bbox 298 3305 436 3364; x_wconf 88' lang='lat' dir='ltr'>inducere</span> <span class='ocrx_word' id='word_1_317' title='bbox 455 3304 618 3362; x_wconf 87' lang='lat' dir='ltr'>desummo</span> <span class='ocrx_word' id='word_1_318' title='bbox 638 3298 801 3382; x_wconf 85' lang='lat' dir='ltr'>philosophi</span> <span class='ocrx_word' id='word_1_319' title='bbox 821 3303 940 3362; x_wconf 88' lang='lat' dir='ltr'>munere</span> <span class='ocrx_word' id='word_1_320' title='bbox 958 3303 1162 3382; x_wconf 80' lang='lat' dir='ltr'>disserentem,</span> <span class='ocrx_word' id='word_1_321' title='bbox 1183 3331 1247 3390; x_wconf 87' lang='lat' dir='ltr'>ger-</span> 
     </span>
     <span class='ocr_line' id='line_1_33' title="bbox 49 3398 1246 3484; baseline 0.005 -23"><span class='ocrx_word' id='word_1_322' title='bbox 49 3424 144 3464; x_wconf 82' lang='lat' dir='ltr'>manum</span> <span class='ocrx_word' id='word_1_323' title='bbox 163 3408 224 3484; x_wconf 90' lang='lat' dir='ltr'>ejus</span> <span class='ocrx_word' id='word_1_324' title='bbox 241 3403 416 3484; x_wconf 88' lang='lat' dir='ltr'>discipulum</span> <span class='ocrx_word' id='word_1_325' title='bbox 436 3401 573 3474; x_wconf 90' lang='lat' dir='ltr'>decebat,</span> <span class='ocrx_word' id='word_1_326' title='bbox 601 3401 652 3478; x_wconf 93' lang='lat' dir='ltr'>qui</span> <span class='ocrx_word' id='word_1_327' title='bbox 677 3398 821 3478; x_wconf 89' lang='lat' dir='ltr'>quidquid</span> <span class='ocrx_word' id='word_1_328' title='bbox 840 3401 1000 3461; x_wconf 86' lang='lat' dir='ltr'>identidem</span> <span class='ocrx_word' id='word_1_329' title='bbox 1018 3405 1054 3464; x_wconf 93' lang='lat' dir='ltr'>ab</span> <span class='ocrx_word' id='word_1_330' title='bbox 1074 3406 1138 3464; x_wconf 90' lang='lat' dir='ltr'>aliis</span> <span class='ocrx_word' id='word_1_331' title='bbox 1156 3429 1246 3467; x_wconf 91' lang='lat' dir='ltr'>susce-</span> 
     </span>
     <span class='ocr_line' id='line_1_34' title="bbox 49 3490 1250 3582; baseline 0.004 -23"><span class='ocrx_word' id='word_1_332' title='bbox 49 3503 95 3580; x_wconf 89' lang='lat' dir='ltr'>pit,</span> <span class='ocrx_word' id='word_1_333' title='bbox 118 3503 153 3562; x_wconf 88' lang='lat' dir='ltr'>ad</span> <span class='ocrx_word' id='word_1_334' title='bbox 178 3502 306 3582; x_wconf 89' lang='lat' dir='ltr'>magistri</span> <span class='ocrx_word' id='word_1_335' title='bbox 336 3501 505 3560; x_wconf 91' lang='lat' dir='ltr'>sententiam</span> <span class='ocrx_word' id='word_1_336' title='bbox 541 3497 774 3558; x_wconf 83' lang='lat' dir='ltr'>accommodavit:</span> <span class='ocrx_word' id='word_1_337' title='bbox 794 3519 802 3534; x_wconf 84' lang='grc'><em>·</em></span> <span class='ocrx_word' id='word_1_338' title='bbox 826 3500 953 3574; x_wconf 86' lang='lat' dir='ltr'>Dubito,</span> <span class='ocrx_word' id='word_1_339' title='bbox 983 3505 1108 3582; x_wconf 84' lang='lat' dir='ltr'>magisne</span> <span class='ocrx_word' id='word_1_340' title='bbox 1137 3525 1173 3564; x_wconf 85' lang='lat' dir='ltr'>ex</span> <span class='ocrx_word' id='word_1_341' title='bbox 1202 3490 1250 3564; x_wconf 82' lang='lat' dir='ltr'>his</span> 
     </span>
     <span class='ocr_line' id='line_1_35' title="bbox 49 3594 1246 3679; baseline 0.004 -23"><span class='ocrx_word' id='word_1_342' title='bbox 49 3601 127 3660; x_wconf 83' lang='lat' dir='ltr'>serbis</span> <span class='ocrx_word' id='word_1_343' title='bbox 144 3600 284 3660; x_wconf 87' lang='lat' dir='ltr'>Socratica</span> <span class='ocrx_word' id='word_1_344' title='bbox 302 3597 504 3679; x_wconf 90' lang='lat' dir='ltr'>philosophia,</span> <span class='ocrx_word' id='word_1_345' title='bbox 524 3618 561 3654; x_wconf 91' lang='lat' dir='ltr'>an</span> <span class='ocrx_word' id='word_1_346' title='bbox 581 3595 708 3656; x_wconf 89' lang='lat' dir='ltr'>Platonis</span> <span class='ocrx_word' id='word_1_347' title='bbox 726 3594 762 3656; x_wconf 89' lang='lat' dir='ltr'>de</span> <span class='ocrx_word' id='word_1_348' title='bbox 782 3596 930 3656; x_wconf 88' lang='lat' dir='ltr'>scribendi</span> <span class='ocrx_word' id='word_1_349' title='bbox 951 3613 1010 3658; x_wconf 79' lang='lat' dir='ltr'>arte</span> <span class='ocrx_word' id='word_1_350' title='bbox 1029 3603 1169 3660; x_wconf 89' lang='lat' dir='ltr'>sententia</span> <span class='ocrx_word' id='word_1_351' title='bbox 1189 3602 1246 3661; x_wconf 86' lang='lat' dir='ltr'>du-</span> 
     </span>
    </p>

    <p class='ocr_par' dir='ltr' id='par_1_8' title="bbox 15 3691 1268 3878">
     <span class='ocr_line' id='line_1_36' title="bbox 15 3691 1247 3780; baseline 0.005 -26"><span class='ocrx_word' id='word_1_352' title='bbox 15 3728 25 3750; x_wconf 59' lang='lat' dir='ltr'>s</span> <span class='ocrx_word' id='word_1_353' title='bbox 50 3699 122 3758; x_wconf 84' lang='lat' dir='ltr'>reuda</span> <span class='ocrx_word' id='word_1_354' title='bbox 141 3697 370 3780; x_wconf 75' lang='lat' dir='ltr'>explicandaque</span> <span class='ocrx_word' id='word_1_355' title='bbox 389 3698 441 3756; x_wconf 89' lang='lat' dir='ltr'>sit:</span> <span class='ocrx_word' id='word_1_356' title='bbox 465 3693 542 3754; x_wconf 92' lang='lat' dir='ltr'>illud</span> <span class='ocrx_word' id='word_1_357' title='bbox 567 3714 626 3752; x_wconf 90' lang='lat' dir='ltr'>non</span> <span class='ocrx_word' id='word_1_358' title='bbox 650 3691 789 3766; x_wconf 89' lang='lat' dir='ltr'>dubium,</span> <span class='ocrx_word' id='word_1_359' title='bbox 810 3695 882 3772; x_wconf 89' lang='lat' dir='ltr'>quin</span> <span class='ocrx_word' id='word_1_360' title='bbox 893 3741 902 3768; x_wconf 85' lang='lat'>,</span> <span class='ocrx_word' id='word_1_361' title='bbox 926 3697 972 3754; x_wconf 89' lang='lat' dir='ltr'>his</span> <span class='ocrx_word' id='word_1_362' title='bbox 992 3698 1091 3773; x_wconf 82' lang='lat' dir='ltr'>lectis,</span> <span class='ocrx_word' id='word_1_363' title='bbox 1113 3700 1184 3779; x_wconf 89' lang='lat' dir='ltr'>quid</span> <span class='ocrx_word' id='word_1_364' title='bbox 1211 3699 1247 3760; x_wconf 87' lang='lat' dir='ltr'>de</span> 
     </span>
     <span class='ocr_line' id='line_1_37' title="bbox 15 3790 1268 3878; baseline 0.005 -26"><span class='ocrx_word' id='word_1_365' title='bbox 15 3843 16 3852; x_wconf 70' lang='grc'>,</span> <span class='ocrx_word' id='word_1_366' title='bbox 50 3798 192 3878; x_wconf 83' lang='lat' dir='ltr'>scriptionis</span> <span class='ocrx_word' id='word_1_367' title='bbox 211 3794 289 3877; x_wconf 92' lang='lat' dir='ltr'>apud</span> <span class='ocrx_word' id='word_1_368' title='bbox 305 3815 370 3854; x_wconf 89' lang='lat' dir='ltr'>eum</span> <span class='ocrx_word' id='word_1_369' title='bbox 390 3793 553 3874; x_wconf 64' lang='lat' dir='ltr'>uituperio,</span> <span class='ocrx_word' id='word_1_370' title='bbox 572 3790 644 3870; x_wconf 87' lang='lat' dir='ltr'>quid</span> <span class='ocrx_word' id='word_1_371' title='bbox 664 3790 700 3848; x_wconf 89' lang='lat' dir='ltr'>de</span> <span class='ocrx_word' id='word_1_372' title='bbox 727 3791 808 3850; x_wconf 84' lang='lat' dir='ltr'>effato</span> <span class='ocrx_word' id='word_1_373' title='bbox 838 3793 909 3868; x_wconf 90' lang='lat' dir='ltr'>illo,</span> <span class='ocrx_word' id='word_1_374' title='bbox 930 3795 1007 3872; x_wconf 89' lang='lat' dir='ltr'>qnod</span> <span class='ocrx_word' id='word_1_375' title='bbox 1032 3797 1058 3854; x_wconf 91' lang='lat' dir='ltr'>ei</span> <span class='ocrx_word' id='word_1_376' title='bbox 1089 3797 1268 3875; x_wconf 51' lang='lat' dir='ltr'>tribuitur,</span> 
     </span>
    </p>
   </div>
   <div class='ocr_carea' id='block_1_7' title="bbox 14 3989 1246 4456">
    <p class='ocr_par' dir='ltr' id='par_1_9' title="bbox 14 3989 1246 4360">
     <span class='ocr_line' id='line_1_38' title="bbox 15 3989 1245 4076; baseline 0.003 -20"><span class='ocrx_word' id='word_1_377' title='bbox 15 3989 16 4020; x_wconf 57' lang='lat'>¹</span> <span class='ocrx_word' id='word_1_378' title='bbox 76 4004 98 4070; x_wconf 85' lang='lat'>1)</span> <span class='ocrx_word' id='word_1_379' title='bbox 114 4008 153 4059; x_wconf 89' lang='lat' dir='ltr'>Sic</span> <span class='ocrx_word' id='word_1_380' title='bbox 182 4008 325 4076; x_wconf 84' lang='lat' dir='ltr'>exprimere</span> <span class='ocrx_word' id='word_1_381' title='bbox 348 4005 477 4074; x_wconf 80' lang='lat' dir='ltr'>vulgatam</span> <span class='ocrx_word' id='word_1_382' title='bbox 505 4004 644 4055; x_wconf 88' lang='lat' dir='ltr'>lectionem</span> <span class='ocrx_word' id='word_1_383' title='bbox 674 4001 776 4064; x_wconf 85' lang='lat' dir='ltr'>studui,</span> <span class='ocrx_word' id='word_1_384' title='bbox 803 4019 876 4071; x_wconf 88' lang='lat' dir='ltr'>quam</span> <span class='ocrx_word' id='word_1_385' title='bbox 903 4013 988 4056; x_wconf 84' lang='lat' dir='ltr'>tuetur</span> <span class='ocrx_word' id='word_1_386' title='bbox 1008 4007 1054 4058; x_wconf 66' lang='lat' dir='ltr'>alst</span> <span class='ocrx_word' id='word_1_387' title='bbox 1077 4008 1109 4059; x_wconf 88' lang='lat' dir='ltr'>ad</span> <span class='ocrx_word' id='word_1_388' title='bbox 1135 4009 1245 4062; x_wconf 83' lang='lat' dir='ltr'>Phaedr.</span> 
     </span>
     <span class='ocr_line' id='line_1_39' title="bbox 14 4080 1245 4174; baseline 0.002 -24"><span class='ocrx_word' id='word_1_389' title='bbox 14 4169 16 4174; x_wconf 68' lang='lat'>,</span> <span class='ocrx_word' id='word_1_390' title='bbox 53 4111 72 4160; x_wconf 80' lang='lat' dir='ltr'>p·</span> <span class='ocrx_word' id='word_1_391' title='bbox 86 4096 136 4150; x_wconf 78' lang='lat'>388.</span> <span class='ocrx_word' id='word_1_392' title='bbox 160 4101 280 4152; x_wconf 79' lang='lat' dir='ltr'>Fortasse</span> <span class='ocrx_word' id='word_1_393' title='bbox 303 4114 351 4167; x_wconf 88' lang='lat' dir='ltr'>pro</span> <span class='ocrx_word' id='word_1_394' title='bbox 370 4085 451 4172; x_wconf 76' lang='grc' dir='ltr'><em>οἷροῖν</em></span> <span class='ocrx_word' id='word_1_395' title='bbox 469 4097 607 4168; x_wconf 80' lang='lat' dir='ltr'>legendnm</span> <span class='ocrx_word' id='word_1_396' title='bbox 625 4080 740 4167; x_wconf 74' lang='lat' dir='ltr'>dipsium,</span> <span class='ocrx_word' id='word_1_397' title='bbox 759 4097 881 4164; x_wconf 63' lang='lat' dir='ltr'>irrigans,</span> <span class='ocrx_word' id='word_1_398' title='bbox 902 4105 929 4148; x_wconf 91' lang='lat' dir='ltr'>ut</span> <span class='ocrx_word' id='word_1_399' title='bbox 953 4101 1080 4150; x_wconf 87' lang='lat' dir='ltr'>sententia</span> <span class='ocrx_word' id='word_1_400' title='bbox 1102 4102 1150 4151; x_wconf 87' lang='lat' dir='ltr'>sit:</span> <span class='ocrx_word' id='word_1_401' title='bbox 1174 4107 1245 4170; x_wconf 71' lang='lat' dir='ltr'>apst-</span> 
     </span>
     <span class='ocr_line' id='line_1_40' title="bbox 14 4175 1244 4262; baseline 0.001 -16"><span class='ocrx_word' id='word_1_402' title='bbox 14 4175 16 4262; x_wconf 79' lang='lat' dir='ltr'>l</span> <span class='ocrx_word' id='word_1_403' title='bbox 55 4190 97 4240; x_wconf 66' lang='lat' dir='ltr'>tulo</span> <span class='ocrx_word' id='word_1_404' title='bbox 112 4219 142 4230; x_wconf 87' lang='lat'>-</span> <span class='ocrx_word' id='word_1_405' title='bbox 161 4197 275 4261; x_wconf 75' lang='lat' dir='ltr'>numquid</span> <span class='ocrx_word' id='word_1_406' title='bbox 296 4196 407 4244; x_wconf 79' lang='lat' dir='ltr'>roseric</span> <span class='ocrx_word' id='word_1_407' title='bbox 429 4197 456 4244; x_wconf 83' lang='lat' dir='ltr'>iss</span> <span class='ocrx_word' id='word_1_408' title='bbox 479 4191 598 4244; x_wconf 76' lang='lat' dir='ltr'>Adonidis</span> <span class='ocrx_word' id='word_1_409' title='bbox 619 4191 695 4241; x_wconf 83' lang='lat' dir='ltr'>lsorts&#39;s</span> <span class='ocrx_word' id='word_1_410' title='bbox 709 4191 833 4256; x_wconf 78' lang='lat' dir='ltr'>irrt‘qons,</span> <span class='ocrx_word' id='word_1_411' title='bbox 860 4192 975 4257; x_wconf 73' lang='lat' dir='ltr'>pandebit</span> <span class='ocrx_word' id='word_1_412' title='bbox 999 4217 1033 4230; x_wconf 86' lang='lat'>-·—</span> <span class='ocrx_word' id='word_1_413' title='bbox 1058 4193 1136 4258; x_wconf 80' lang='lat' dir='ltr'>(Fieri</span> <span class='ocrx_word' id='word_1_414' title='bbox 1160 4183 1244 4246; x_wconf 79' lang='lat' dir='ltr'>tamaii</span> 
     </span>
     <span class='ocr_line' id='line_1_41' title="bbox 14 4268 1246 4360; baseline 0.005 -28"><span class='ocrx_word' id='word_1_415' title='bbox 14 4277 15 4330; x_wconf 65' lang='lat'>1</span> <span class='ocrx_word' id='word_1_416' title='bbox 57 4289 140 4347; x_wconf 78' lang='lat' dir='ltr'>potest,</span> <span class='ocrx_word' id='word_1_417' title='bbox 161 4294 186 4336; x_wconf 88' lang='lat' dir='ltr'>ut</span> <span class='ocrx_word' id='word_1_418' title='bbox 206 4275 247 4353; x_wconf 76' lang='grc' dir='ltr'>εἷς</span> <span class='ocrx_word' id='word_1_419' title='bbox 270 4271 427 4352; x_wconf 74' lang='grc' dir='ltr'>Ἀδώνιδος</span> <span class='ocrx_word' id='word_1_420' title='bbox 453 4271 563 4360; x_wconf 75' lang='grc' dir='ltr'><em>κήπους</em></span> <span class='ocrx_word' id='word_1_421' title='bbox 589 4268 735 4357; x_wconf 82' lang='grc' dir='ltr'><em>σπαρών</em></span> <span class='ocrx_word' id='word_1_422' title='bbox 757 4283 895 4353; x_wconf 78' lang='lat' dir='ltr'>legendum</span> <span class='ocrx_word' id='word_1_423' title='bbox 916 4287 957 4336; x_wconf 86' lang='lat' dir='ltr'>sit.</span> <span class='ocrx_word' id='word_1_424' title='bbox 987 4284 1049 4336; x_wconf 86' lang='lat' dir='ltr'>Nam</span> <span class='ocrx_word' id='word_1_425' title='bbox 1069 4293 1094 4335; x_wconf 87' lang='lat' dir='ltr'>et</span> <span class='ocrx_word' id='word_1_426' title='bbox 1110 4287 1246 4352; x_wconf 84' lang='lat' dir='ltr'>requiritur</span> 
     </span>
    </p>

    <p class='ocr_par' dir='ltr' id='par_1_10' title="bbox 59 4370 1245 4456">
     <span class='ocr_line' id='line_1_42' title="bbox 59 4370 1245 4456; baseline -0.007 -15"><span class='ocrx_word' id='word_1_427' title='bbox 59 4387 195 4440; x_wconf 69' lang='lat' dir='ltr'>trecensum</span> <span class='ocrx_word' id='word_1_428' title='bbox 208 4397 307 4456; x_wconf 87' lang='lat' dir='ltr'>tempus</span> <span class='ocrx_word' id='word_1_429' title='bbox 321 4397 346 4440; x_wconf 86' lang='lat' dir='ltr'>et</span> <span class='ocrx_word' id='word_1_430' title='bbox 360 4387 502 4455; x_wconf 86' lang='lat' dir='ltr'>respondet</span> <span class='ocrx_word' id='word_1_431' title='bbox 519 4389 660 4454; x_wconf 81' lang='lat' dir='ltr'>proximum</span> <span class='ocrx_word' id='word_1_432' title='bbox 678 4373 824 4456; x_wconf 76' lang='grc' dir='ltr'><em>σπείρας</em></span> <span class='ocrx_word' id='word_1_433' title='bbox 846 4373 885 4446; x_wconf 70' lang='grc' dir='ltr'>εἰς</span> <span class='ocrx_word' id='word_1_434' title='bbox 906 4370 942 4434; x_wconf 78' lang='lat' dir='ltr'>rei</span> <span class='ocrx_word' id='word_1_435' title='bbox 965 4373 1118 4455; x_wconf 86' lang='grc' dir='ltr'><em>προσῆκον.</em></span> <span class='ocrx_word' id='word_1_436' title='bbox 1131 4411 1169 4436; x_wconf 78' lang='grc'>,-</span> <span class='ocrx_word' id='word_1_437' title='bbox 1187 4379 1245 4445; x_wconf 79' lang='lat' dir='ltr'>Ed.)</span> 
     </span>
    </p>
   </div>
   <div class='ocr_carea' id='block_1_8' title="bbox 85 4469 1044 4617">
    <p class='ocr_par' dir='ltr' id='par_1_11' title="bbox 85 4469 1044 4617">
     <span class='ocr_line' id='line_1_43' title="bbox 85 4469 505 4532; baseline -0.01 0"><span class='ocrx_word' id='word_1_438' title='bbox 85 4469 105 4532; x_wconf 80' lang='lat'>2)</span> <span class='ocrx_word' id='word_1_439' title='bbox 121 4476 214 4530; x_wconf 69' lang='grc' dir='ltr'>αμα.</span> <span class='ocrx_word' id='word_1_440' title='bbox 232 4479 282 4530; x_wconf 79' lang='lat' dir='ltr'>ars</span> <span class='ocrx_word' id='word_1_441' title='bbox 305 4478 333 4531; x_wconf 87' lang='lat' dir='ltr'>o.</span> <span class='ocrx_word' id='word_1_442' title='bbox 368 4507 385 4516; x_wconf 93' lang='lat'>-</span> <span class='ocrx_word' id='word_1_443' title='bbox 402 4479 451 4530; x_wconf 80' lang='lat' dir='ltr'>arr</span> <span class='ocrx_word' id='word_1_444' title='bbox 475 4473 505 4529; x_wconf 76' lang='lat' dir='ltr'>a.</span> 
     </span>
     <span class='ocr_line' id='line_1_44' title="bbox 1009 4561 1044 4617; baseline -0.029 0"><span class='ocrx_word' id='word_1_445' title='bbox 1009 4561 1044 4617; x_wconf 86' lang='lat'>12</span> 
     </span>
    </p>
   </div>
   <div class='ocr_carea' id='block_1_9' title="bbox 0 0 1420 5120">
    <p class='ocr_par' dir='ltr' id='par_1_12' title="bbox 0 0 1420 5120">
     <span class='ocr_line' id='line_1_45' title="bbox 0 0 1420 5120; baseline 0 0"><span class='ocrx_word' id='word_1_446' title='bbox 0 0 1420 5120; x_wconf 95' lang='lat' dir='ltr'> </span> 
     </span>
    </p>
   </div>
  </div>
 </body>
</html>
