2886 5118
653 279 710 339 4⁷1

62 439 147 502 aliud
167 441 298 504 animal?
330 441 434 502 Nonne
459 439 711 516 animadvertisti,
743 442 1007 528 inexpugnabilem
1026 446 1224 525 invictamque
1243 469 1301 508 esse

64 541 156 616 iram,
184 563 242 620 qua
270 553 441 622 maerente,
469 539 585 598 animus
613 539 651 598 ed
676 540 776 599 omnia
808 539 973 622 intrepidus
1003 556 1092 602 estet
1111 543 1303 605 invictusl*

63 639 322 699 Animadverti-
351 640 433 698 Patet
460 637 567 716 igitur,
597 637 714 716 qualem
747 657 868 718 corpore
892 639 1040 700 custodem
1058 621 1118 702 esic¹
1133 641 1304 704 decenti·-

62 738 201 798 Patet.-
220 739 301 812 Quin
318 738 420 811 ctiam,
443 733 559 812 qualem
576 735 693 810 animo,
714 755 817 817 nempe
841 737 1086 800 iracunduml-
1106 741 1169 799 Hoc
1189 742 1304 804 inm.-

61 836 215 909 Quomodo
231 837 320 916 igitur
338 835 407 909 fiet,
427 851 445 890 o
463 832 595 907 Glauco,
617 846 651 891 ut
672 855 733 893 non
754 834 850 915 asperi
879 835 940 894 sint
959 849 988 896 et
1015 851 1138 916 agrestes
1166 834 1305 900 adversus

63 955 91 994 sc
118 936 249 995 invicem
275 936 410 1012 civesque
437 944 581 1007 caeteros,
612 953 678 992 cum
705 932 759 992 tali
791 933 852 992 sint
881 946 986 992 natura
1009 935 1136 1016 praediti
1145 939 1196 997 l·-
1216 935 1305 997 Haud

63 1033 149 1092 facile
168 1030 265 1108 istud,
285 1053 338 1114 per
355 1029 513 1092 loreum-
533 1029 734 1090 Veruntamen
754 1043 871 1110 oportet
892 1031 960 1091 illos
988 1053 1054 1112 erga
1080 1055 1146 1094 suos
1173 1055 1305 1096 manwe-

62 1145 121 1206 tos,
143 1131 283 1191 adversus
301 1131 395 1190 hostes
413 1143 509 1189 autem
526 1129 602 1188 feros
616 1147 695 1188 esse:
717 1128 903 1208 caeteroquin
925 1150 986 1190 non
1004 1131 1232 1212 exspectabunt,
1253 1131 1303 1196 do·

65 1249 116 1288 neo
136 1230 216 1309 ipsos
231 1229 282 1288 alii
301 1227 445 1310 perdant,
476 1226 533 1308 ipsi
562 1237 651 1286 semet
679 1225 757 1307 ipsos
774 1225 957 1306 perdent...
977 1228 1054 1286 Vere
1073 1229 1204 1290 dicis-
1223 1229 1303 1304 Quid

64 1327 152 1405 igitur
170 1327 335 1386 faciemus?
357 1325 486 1386 Ubinam
502 1335 686 1384 mansuetum
704 1324 791 1384 simul
809 1337 838 1382 et
858 1323 1032 1386 iracundum
1052 1327 1205 1406 ingenium
1223 1349 1304 1409 repe·

64 1427 195 1485 riemusl
237 1424 388 1485 Contraria
409 1422 489 1484 enim
506 1421 665 1482 iracundae
686 1435 807 1482 naturae
825 1435 929 1482 umora
950 1424 1032 1486 mitis
1051 1437 1223 1504 apparet.-
1245 1430 1303 1507 sp·
1394 1461 1398 1474 ·

64 1537 202 1604 paret.-·-
221 1523 331 1584 Verum
349 1523 400 1601 qui
421 1521 563 1580 alterutro
582 1519 685 1580 horum
705 1519 836 1595 carebit,
866 1534 962 1582 custos
981 1520 1077 1582 honus
1097 1544 1156 1582 non
1175 1524 1248 1582 erit:
1271 1539 1303 1586 ut

65 1643 131 1682 vero
153 1635 305 1700 utrumque
325 1619 429 1679 habeat
447 1620 532 1697 quis,
553 1617 617 1676 fieri
637 1639 698 1678 non
716 1639 797 1698 posse
817 1618 954 1680 videtur:
979 1617 1009 1698 l)
1038 1641 1096 1700 quo
1115 1620 1166 1695 fis,
1198 1635 1230 1682 ut
1248 1620 1303 1682 bo-

65 1739 118 1778 nus
137 1733 234 1780 custos
254 1717 383 1779 inveniri
402 1712 463 1776 non
481 1716 625 1797 possit-
645 1715 801 1778 Videtur.»
826 1717 882 1776 Hic
902 1737 971 1778 vero
998 1716 1128 1780 Socrates
1157 1719 1302 1782 haesitans

64 1837 215 1898 secumque
233 1816 379 1897 superiora
395 1815 493 1874 animo
509 1827 648 1896 reputans
670 1815 823 1890 temeritas,
845 1815 941 1893 inquit
949 1861 958 1890 ,
981 1815 1168 1890 dubitamus,
1189 1819 1299 1878 amice:

65 1935 130 1974 nam
149 1915 188 1974 ab
206 1935 257 1988 ea,
277 1933 364 1992 quam
380 1933 468 1994 supra
487 1911 673 1987 induximus,
694 1914 909 1994 comparatione
926 1913 1045 1993 digressi
1066 1935 1174 1976 sumus.
1185 1957 1220 1970 -
1235 1918 1301 1990 Quo

65 2027 146 2094 pacto
173 2013 209 2074 id
235 2013 339 2073 aisl—
368 2012 472 2072 Nonne
499 2010 687 2084 invenimus,
713 2009 786 2069 tales
805 2031 864 2070 esse
883 2010 1023 2089 quasdam
1043 1995 1180 2086 naturas,
1200 2014 1301 2092 quales

66 2113 183 2170 minime
202 2124 424 2192 putaveramus,
435 2108 576 2170 habentes
593 2108 665 2168 haec
688 2108 775 2168 simul
794 2109 827 2172 in
846 2129 877 2168 se
896 2110 1039 2170 contraria
1048 2111 1099 2170 l-
1109 2110 1237 2172 Ubinam
1248 2113 1299 2172 l·-

66 2209 98 2267 ln
117 2208 185 2268 aliis
211 2209 266 2268 hoc
291 2206 467 2268 animalibus
496 2203 597 2267 videre
625 2205 714 2280 licet',
745 2227 806 2266 non
834 2225 904 2268 vero
923 2207 1043 2266 minime
1058 2208 1091 2267 in
1111 2228 1145 2267 eo
1161 2209 1300 2283 custode,

65 2325 188 2385 quocum
208 2320 337 2366 nostrum
358 2303 506 2365 custodem
534 2303 781 2386 componebamus.
823 2305 904 2365 Nosti
932 2306 1030 2379 enim,
1056 2307 1187 2385 generosi
1217 2309 1298 2368 canis

67 2403 141 2464 hunc
157 2398 262 2464 natur-l
280 2425 387 2464 morem
407 2423 485 2478 esse,
508 2417 540 2462 ut
556 2422 622 2482 erga
640 2402 800 2464 familiares
820 2417 849 2462 et
869 2416 953 2462 notos
970 2382 1138 2464 mitissimus
1157 2405 1194 2464 sit
1205 2427 1215 2463 ι,
1233 2425 1298 2466 con·

66 2516 107 2561 tra
133 2522 205 2562 vero
234 2523 298 2582 erga
329 2504 450 2582 gnotus.
469 2529 506 2540 -
525 2501 611 2562 Novi.
631 2543 667 2554 ..-
687 2499 765 2560 Fieri
785 2501 891 2562 iccirco
908 2515 1020 2581 potest,
1042 2524 1095 2562 nec
1112 2517 1227 2583 praeter
1245 2525 1300 2564 na-

66 2613 157 2660 turam
177 2600 316 2680 estquod
334 2601 517 2679 quaerimus,
539 2613 571 2658 ut
588 2597 656 2658 talis
675 2599 713 2658 sit
732 2611 837 2658 eustos.
857 2635 893 2648 --
913 2600 977 2658 Non
996 2613 1039 2662 eet
1059 2621 1183 2660 sane...-
1195 2602 1300 2662 Nonne

68 2719 132 2758 vero
158 2712 304 2779 praeterea
332 2719 404 2778 opus
431 2697 488 2756 tibi
518 2716 578 2756 esse
606 2695 738 2769 videtur,
760 2709 793 2754 ut
811 2697 863 2775 qui
880 2695 974 2756 bonus
995 2698 1112 2760 futurus
1132 2700 1170 2758 sit
1186 2713 1299 2774 custos,

66 2795 103 2854 ad
129 2795 312 2856 iracundiam
341 2796 423 2854 illam
450 2793 608 2872 adjun'gat,
639 2807 671 2853 ut
701 2795 806 2856 natural
824 2786 992 2874 φιλόσοφος
1009 2797 1071 2858 sit?
1092 2823 1128 2834 -
1147 2797 1298 2871 Quomodo

69 2892 143 2953 istud
166 2896 233 2954 ais?
264 2915 324 2953 non
351 2893 430 2953 enim
455 2891 599 2971 intelligo.
619 2932 654 2942 -
673 2894 762 2971 Atqui
790 2907 818 2953 et
841 2895 896 2954 hoc
917 2897 949 2956 in
970 2894 1093 2956 canibus
1109 2894 1297 2967 animadver-

69 2993 149 3066 teris,
171 2991 250 3071 quod
269 2990 386 3070 quidem
405 2992 437 3049 in
457 2989 549 3048 bestia
567 2988 689 3069 dignum
708 2988 898 3052 admiratione
918 3004 969 3053 est.
986 3017 1022 3030 ··
1039 2991 1131 3064 Quale
1146 2991 1295 3053 istud?-

68 3089 155 3162 Quem
185 3091 264 3148 enim
292 3090 422 3169 ignotum
450 3086 577 3161 viderit,
608 3089 735 3166 graviter
762 3089 839 3164 fert,
868 3091 921 3150 etsi
949 3090 1027 3150 nihil
1055 3088 1125 3148 mali
1145 3089 1183 3148 ab
1206 3110 1240 3149 co
1258 3089 1296 3147 sit

69 3207 231 3268 perpessus:
254 3201 322 3248 noto
348 3207 417 3250 vero
444 3184 619 3255 blanditur,
639 3187 772 3266 quamvis
798 3186 876 3248 nibil
905 3188 943 3248 ab
963 3210 996 3248 eo
1019 3188 1174 3267 acceperit.
1214 3188 1296 3246 Nou·

68 3282 174 3344 dumne
199 3285 254 3344 lroo
280 3284 438 3368 admiratus
463 3285 520 3342 esl
540 3314 576 3326 -
596 3283 684 3342 Haud
711 3305 882 3365 magnopere
906 3286 938 3347 id
964 3285 1061 3346 adbuc
1081 3283 1294 3346 animadverti:

69 3380 159 3441 iacere
178 3381 210 3442 id
240 3397 335 3442 autem
360 3382 465 3457 illum,
486 3381 681 3442 manifestum.
702 3423 737 3436 ..-
757 3383 819 3444 Hoc
839 3398 936 3444 autem
954 3385 986 3445 in
1006 3385 1068 3461 ejus
1088 3396 1191 3443 natura
1211 3403 1297 3462 prae-

69 3479 176 3540 clarum
193 3480 311 3541 videtur
338 3495 367 3540 et
392 3503 458 3543 vere
478 3470 654 3560 φιλόσοφον.
672 3517 708 3532 μ-
726 3481 790 3553 Qua
810 3481 946 3542 ratione?
965 3505 1001 3520 ··
1018 3481 1163 3556 Quoniam
1181 3480 1298 3559 adspec-

69 3569 126 3636 tuni
157 3578 240 3638 nulla
267 3599 298 3638 re
333 3579 389 3638 alia
417 3581 540 3639 amicum
569 3593 598 3638 et
626 3578 777 3664 inimicum
804 3576 965 3653 discernit,
995 3599 1081 3657 quam
1109 3576 1189 3654 quod
1218 3576 1297 3636 hunc

70 3677 166 3752 novit,
195 3676 281 3736 illum
316 3679 440 3757 ignorat.
490 3677 604 3752 Quidni
641 3688 737 3735 autem
776 3673 911 3736 discendi
951 3674 1079 3736 studium
1105 3673 1222 3754 probet,
1253 3695 1297 3732 co

69 3773 195 3849 grisione
234 3787 263 3832 ct
302 3775 466 3854 ignorantia
510 3775 660 3856 proprium
700 3787 729 3832 et
768 3771 899 3832 alienum
938 3772 1138 3832 discernere?
1169 3813 1203 3822 -
1233 3773 1320 3832 Pro·

73 3866 127 3930 bat.
157 3897 192 3908 -
212 3873 300 3950 Atqui
330 3871 465 3933 discendi
495 3871 655 3933 studiosum
687 3890 746 3930 esse
773 3883 802 3930 et
831 3861 1015 3950 φιλόσοφον,
1059 3866 1136 3928 idem
1172 3883 1223 3930 cst
1262 3905 1297 3916 -

73 3965 158 4029 Idem.
187 3991 221 4004 ··
250 3968 396 4029 Audacter
422 3971 534 4030 iccirco
552 3968 589 4028 de
616 3967 734 4028 homine
759 3967 828 4028 item
862 3983 1038 4043 statuamus,
1068 3967 1092 4026 si
1121 3987 1185 4046 erga
1217 3967 1296 4028 fami·

75 4061 155 4126 liares
183 4079 211 4126 et
241 4079 323 4128 notos
351 4069 430 4128 mitis
460 4070 576 4128 futurus
603 4080 663 4142 est,
694 4066 798 4124 natura
813 4069 919 4148 «ipsum
945 4065 1151 4148 philosophum
1180 4084 1239 4124 esse
1269 4074 1299 4122 et

112 4329 141 4396 1)
159 4329 273 4384 Graeco:
291 4317 387 4380 ταῦτα
406 4314 441 4380 δὲ
460 4310 616 4389 ἀδυνάτοις
631 4309 713 4382 ἔοικε.
734 4321 801 4374 llaec
816 4329 904 4376 autem
919 4331 1049 4392 corrupta.
1068 4322 1209 4390 suppleri:
1227 4312 1301 4374 ταῦ-

78 4436 112 4475 τα
128 4413 164 4478 δὲ
186 4409 357 4499 ἀμφότερα
371 4411 464 4497 ἔχειν,
485 4408 643 4508 ᾰςῑνιιάτοις
663 4408 745 4476 ἔοικε.
1151 4426 1161 4439 ·
