2950 5134
754 299 792 357 58

147 485 250 524 nomen
275 462 389 522 audivit
414 463 532 542 Lysiae,
554 461 690 540 perspicit
714 463 867 532 continue,
889 458 961 537 quid
983 461 1062 519 intus
1091 460 1177 539 agitet
1199 459 1312 536 animo,
1340 480 1379 517 ro·

146 577 248 643 gatque
266 567 350 635 euni,
372 575 403 620 ut
421 581 516 619 secum
534 559 724 617 communicet
741 559 947 642 pulcerrimum
969 558 1078 616 seilicet
1099 557 1184 616 illum
1210 568 1237 616 et
1256 558 1379 616 disertis·

146 663 249 720 simum
268 661 370 740 Lysiae
394 678 561 720 sermonem
612 656 761 716 Phaedrus
785 657 909 736 primum
935 675 1084 729 recusare,
1112 670 1145 714 ut
1163 671 1223 716 utos
1250 656 1307 714 fert
1324 659 1374 734 jun
1451 695 1452 720 ι

79 765 89 786 ’
148 760 293 832 ventutis,
319 779 375 836 quo
406 777 508 836 nempe
534 755 622 834 magis
652 755 770 835 instaret
791 752 917 833 rogando
944 751 1090 812 Socrates:
1122 753 1230 812 deinde
1250 773 1380 834 peragere
1451 725 1452 780 l

149 857 300 930 lubenter,
321 855 429 934 quippe
459 855 537 912 intus
561 853 657 911 auimo
677 851 804 931 gaudens
816 897 823 925 ,
845 871 926 932 posse
946 873 974 910 so
1002 871 1081 910 nune
1110 851 1213 932 Lysiae
1239 851 1380 910 celebrare

147 955 340 1033 eloquentiam
361 966 388 1011 et
408 971 476 1011 vero
503 971 582 1010 suam
601 950 669 1008 item
688 949 853 1010 ostendere:
884 963 946 1008 tuni
965 949 1048 1008 amho
1070 949 1222 1029 procedere
1242 963 1270 1008 et
1290 949 1380 1008 lotum

148 1054 298 1130 anquirere
309 1095 316 1125 ,
339 1037 389 1108 uhi
409 1049 482 1108 alter
501 1049 605 1128 legeret
615 1093 623 1122 ,
645 1048 759 1108 audiret
776 1048 945 1128 Lysiamque
965 1046 1165 1106 admiraretur
1176 1047 1265 1106 alter:
1298 1049 1381 1106 inve-

149 1151 212 1209 nire
240 1163 334 1208 autem
353 1147 437 1228 longe
465 1147 694 1206 amoenissimum
719 1149 751 1205 in
770 1146 846 1206 Ilissi
866 1147 929 1226 ripa
948 1145 1005 1204 suh:
1020 1144 1137 1225 platano
1156 1145 1267 1226 patulis
1283 1145 1381 1203 diffusi

149 1248 244 1306 ianus.
286 1247 331 1305 lhi
346 1248 406 1323 ¹iam
424 1243 570 1304 Phaedrus
590 1263 747 1304 sermonem
762 1240 864 1303 recitat
882 1243 1039 1323 singularis
1055 1241 1143 1324 plane
1162 1229 1341 1322 argumenti,
1356 1257 1382 1300 et
1400 1264 1404 1270 “

150 1348 243 1426 ipsum
257 1343 444 1424 singularem,
458 1343 550 1401 multa
569 1356 628 1401 arte
642 1335 822 1416 confectum,
845 1341 997 1402 uerborum
1012 1340 1231 1420 dictionumque
1247 1341 1383 1401 varietate

119 1438 121 1442 ’
150 1443 312 1522 insignem,
334 1439 384 1500 sed
409 1440 485 1499 hauc
513 1440 603 1520 ipsam
623 1439 662 1499 oh
685 1461 812 1499 caussam
836 1437 1009 1498 mirabiliter
1029 1439 1192 1520 placentem·
1217 1441 1333 1518 jurem.
1357 1435 1382 1517 l)

150 1543 209 1616 Qui
227 1555 258 1599 ut
279 1538 366 1598 finem
386 1539 455 1597 feeit
478 1538 615 1618 legendi,
644 1537 717 1617 quid
736 1539 794 1597 tihi·
811 1537 946 1612 tandem,
968 1537 1113 1610 Socrates,
1135 1529 1248 1616 iuquit,
1270 1537 1307 1596 de
1332 1537 1382 1596 hoo

151 1659 279 1699 serrmone
298 1638 438 1698 videturl
468 1655 566 1694 nonne
583 1637 687 1694 mirum
707 1638 740 1694 iu
760 1635 876 1695 modum
896 1636 1015 1716 placet?
1037 1633 1180 1716 Obstupui
1208 1635 1317 1716 plane,
1338 1655 1382 1693 re-

153 1737 274 1818 spondet
294 1737 364 1809 ille,
385 1735 550 1816 praesertim
567 1748 595 1792 te
613 1733 785 1815 adspieiens.
824 1735 902 1792 ,Nam
920 1733 1068 1794 videbaris
1085 1734 1157 1792 mihi
1184 1735 1262 1793 inter
1291 1735 1380 1814 legen·

153 1836 223 1895 dum
251 1834 399 1893 exsultare
423 1851 546 1913 prorsus.
597 1832 773 1912 adspiciens
799 1832 888 1912 igitur
914 1845 946 1890 te
971 1846 1000 1890 et
1028 1845 1159 1906 secutus,
1186 1853 1246 1890 uua
1272 1847 1382 1904 meum,

154 1933 290 2008 diuinum
312 1945 417 2011 caput,
437 1929 593 1990 bacchatus
612 1949 683 1989 eum.
735 1929 792 1988 Hie
819 1929 967 1989 Phaedrus
992 1931 1151 2010 suspicari,
1177 1929 1303 1989 illudere
1332 1930 1382 2010 ipsi

154 2031 312 2090 Socratem:
333 2049 468 2108 quaerere
486 2040 586 2091 autern⁴
599 2029 689 2102 serio,
711 2042 878 2108 putaretne,
900 2027 1076 2088 Graecorum·
1093 2027 1217 2107 aliquem
1238 2028 1300 2087 ullo
1320 2042 1384 2086 tem·

154 2149 222 2210 pore
242 2128 279 2187 de
299 2149 356 2186 una
374 2145 408 2184 re
424 2140 465 2185 tot
484 2145 515 2184 ae
534 2140 613 2185 tanta
629 2127 746 2186 dixisse.
768 2125 899 2186 Socrates
916 2147 984 2186 vero
1002 2147 1155 2206 meruorare
1170 2125 1382 2206 poetasrnultos

154 2240 183 2285 et
202 2226 343 2306 poetriae,
374 2224 446 2282 alios
475 2225 543 2282 item
564 2225 733 2304 scriptores,
762 2225 814 2302 qui
841 2223 878 2282 de
905 2243 1000 2284 amore
1029 2225 1220 2306 scripsissent:
1248 2243 1382 2303 quorum,

154 2324 269 2401 inquit,
289 2335 389 2402 pectus
406 2321 526 2402 plenum
546 2321 674 2397 hahens,
696 2323 788 2382 sentio
807 2343 850 2380 me
869 2337 987 2404 praeter
1000 2323 1102 2382 haerere
1121 2322 1178 2380 alia
1198 2322 1313 2396 dicere,
1335 2341 1382 2380 uer

153 2421 252 2500 pq'pera
260 2461 273 2493 ,
286 2440 375 2499 poseo.
418 2421 492 2477 Tum
511 2417 676 2495 Phaedrus,
697 2420 769 2495 hoe,
791 2422 904 2503 inquit,
926 2419 1074 2501 praeclare
1091 2419 1212 2496 dixisti,
1228 2421 1383 2501 generosis-

153 2519 242 2593 sime:
270 2538 286 2575 a
303 2517 411 2596 quihus
423 2531 517 2575 autem
530 2517 600 2576 haee
618 2518 763 2598 acceperis
778 2532 805 2576 et
820 2517 981 2596 quomodo,
996 2538 1034 2576 ne
1053 2518 1131 2577 dieas
1150 2515 1261 2593 velim,
1278 2516 1381 2578 etiamsi

154 2637 170 2675 a
198 2637 244 2674 me
270 2630 392 2695 rogatus.
440 2614 497 2674 Sed
524 2631 574 2690 tu,
595 2635 716 2694 quaeso,
737 2607 769 2675 tu
796 2613 898 2697 perage
916 2616 995 2695 quod
1014 2617 1187 2697 promisisti:
1219 2617 1242 2676 si
1267 2617 1381 2686 feceris,
1449 2623 1450 2626 ’

154 2733 258 2794 ponam
278 2735 328 2792 ego
347 2713 405 2772 tibi
423 2713 545 2794 Delphis
572 2728 693 2774 statuam
713 2735 844 2789 auream,
861 2716 947 2792 juxta
973 2735 1072 2774 meam.
1115 2716 1179 2789 Quo
1199 2713 1383 2780 adolescentis

155 2812 257 2872 ardore
275 2823 377 2892 eaptus
395 2811 523 2870 Socrates
534 2855 546 2886 ,
564 2833 645 2892 aegre
668 2812 784 2891 quidem
805 2826 832 2870 et
851 2812 942 2872 multo
962 2834 1026 2871 eum
1054 2812 1182 2894 pudore,
1204 2813 1256 2872 sed
1282 2810 1380 2894 perdu-

158 2911 235 2968 citur
253 2923 348 2968 tamen
368 2931 399 2968 eo
410 2951 424 2983 ,·
440 2924 471 2969 ut
490 2911 551 2990 ipse
566 2911 673 2990 pariter
693 2911 849 2970 orationem
868 2905 1051 2991 pronunciet.

195 3008 245 3067 Est
264 3022 358 3066 antem
377 3008 431 3066 illa
450 3031 508 3066 non
528 3009 568 3067 ita
586 3022 645 3066 arte
671 3009 767 3068 nitens
795 3023 822 3067 et
848 3009 1019 3090 splendida,
1043 3024 1074 3069 ut
1100 3009 1215 3089 Lysiae3
1239 3008 1289 3068 sed
1308 3025 1382 3066 com-

154 3104 271 3166 mendat
289 3125 317 3164 se
338 3103 432 3164 multo
447 3107 539 3184 magis
554 3120 581 3164 et
599 3105 677 3165 lucet
695 3106 782 3186 plane
800 3107 903 3167 ordine
913 3153 920 3182 ,
941 3109 1162 3188 perspicuitate,
1183 3107 1300 3187 proprio
1320 3124 1382 3166 ver-

188 3348 217 3414 i)
231 3350 258 3400 lu
275 3350 325 3400 hoc
340 3365 458 3400 sermone
473 3349 603 3400 desiderat
616 3351 741 3417 Taylorus
758 3353 867 3402 oratoris
882 3351 974 3416 Lysiae
986 3350 1087 3400 dicendi
1103 3367 1201 3419 genus,
1221 3347 1379 3418 quamohrem

154 3437 197 3488 alii
214 3451 271 3486 eum
286 3435 379 3500 Lysiae
397 3435 557 3486 tribuendum
572 3445 669 3486 censet.
706 3435 744 3488 Gi.
766 3437 820 3486 Viro
837 3437 926 3502 Lysiae
940 3453 965 3502 p.
983 3434 1023 3487 59.
1059 3436 1113 3486 lloc
1132 3433 1380 3514 quamineptumsit,

154 3522 216 3572 satis
242 3521 428 3572 demonstravit
453 3523 524 3587 Wytt
548 3521 581 3582 ad
601 3521 727 3573 Plutarch.
753 3523 782 3572 de
807 3523 864 3572 aad
881 3521 940 3588 phil
959 3538 984 3588 p
1002 3519 1060 3570 340.
1098 3520 1144 3572 cr.
1162 3523 1286 3587 Heindorf
1300 3527 1325 3570 et
1339 3516 1381 3564 Ast

154 3605 187 3658 etl
209 3606 318 3657 Phaedr.
341 3607 365 3656 h
385 3607 401 3658 Ι.
421 3616 447 3658 et
464 3605 551 3658 (irren-
570 3607 730 3675 Prosopogr.
749 3607 812 3658 Plut.
833 3624 857 3673 p.
877 3605 934 3657 113.
970 3605 1049 3656 Nobis
1076 3606 1327 3658 animadvertendum
1343 3602 1381 3651 ιι-

156 3692 247 3755 detur,
266 3708 322 3743 nou
327 3693 742 3792 motionenrhysiaeipamqrem,
761 3691 1233 3762 seddiolopumaPlatonesipniiicari
1251 3671 1294 3740 ι’
1279 3693 1380 3758 ιγρίιφι

66 3855 69 3860 Ι
154 3770 211 3858 prio
244 3769 332 3857 ιη’
317 3799 332 3836 o
366 3775 481 3851 Λυσιας
508 3769 688 3858 resculpendo
718 3799 783 3837 raro
809 3775 870 3836 τῶν
895 3776 1009 3850 καλῶν,
1037 3771 1093 3856 οὐχ
1119 3771 1167 3838 ὑπ’
1193 3774 1319 3857 ἕραιιιοα
1307 3763 1380 3830 di

155 3877 215 3930 227.
241 3877 268 3932 G
306 3879 366 3940 Quo
385 3881 553 3972 intelligitur
557 3880 697 3930 ιιιιιιιιιιαι
716 3878 807 3930 larua.
854 3879 906 3930 Sed
927 3880 992 3930 hane
1014 3881 1120 3933 ιιιιιιιιιιι
1141 3880 1216 3946 plane
1232 3878 1317 3945 prodit
1329 3886 1380 3924 ouur

144 3966 411 4020 'initiumsermonisz
427 3952 493 4035 περὶ
513 3949 569 4032 μὲν
591 3951 652 4013 τῶν
669 3950 751 4032 ἐμῶν
765 3947 946 4034 πραγμάτων
962 3950 1162 4016 ἓιιίστασιιι-
1180 3962 1238 4016 230
1264 3965 1308 4014 e:
1334 3967 1379 4009 tun
1451 3945 1452 4036 l

155 4051 228 4101 finis
260 4043 317 4130 ἔγω
344 4048 400 4131 μὲν
428 4042 479 4110 οὖν
500 4042 583 4110 ἱκανά
604 4072 658 4128 μοι
683 4046 794 4128 νομίζω
823 4072 859 4110 ια
885 4043 1036 4132 ιιρημένα
1060 4072 1084 4110 ιι
1077 4041 1142 4108 δέ
1161 4072 1188 4110 τι
1210 4071 1246 4108 oo
1239 4039 1380 4126 euadit

157 4152 183 4218 (l.
214 4142 368 4218 ἕαιιιοθιῖς
396 4184 427 4222 ÷
462 4150 537 4216 Ed),
571 4134 728 4224 ἡγουμιιος
764 4144 1019 4223 παραλελεῖφθαι,
1054 4135 1159 4222 ἐρώτα.
1184 4151 1242 4202 234.
1279 4150 1306 4201 c.
1330 4146 1379 4197 iau

156 4254 220 4289 vero
239 4237 353 4302 ejusdem
368 4239 500 4302 scriptoris
522 4239 547 4286 in
571 4236 675 4305 dialogo
703 4235 868 4297 alienasse,
891 4237 964 4288 aliam
986 4237 1061 4302 plane
1078 4239 1104 4288 in
1125 4238 1260 4299 oratione,
1285 4225 1378 4284 dicendi

65 4346 68 4351 ·
156 4325 296 4385 rationem,
322 4338 397 4374 neruo
418 4331 472 4384 est,
497 4324 556 4390 quin
576 4331 668 4389 sponte
694 4321 786 4372 videat.
828 4320 962 4372 Caeterum
989 4322 1054 4373 hunc
1077 4323 1169 4388 lysiae
1188 4333 1343 4378 sermonem,
1359 4325 1378 4360 ⁸¹

158 4425 210 4460 non
236 4417 316 4460 toturn
342 4408 448 4458 tinxerit
465 4425 512 4474 pro
540 4424 610 4460 ruore
635 4425 681 4458 suo
704 4406 794 4468 Plato,
819 4407 886 4472 quod
913 4407 991 4458 nolim
1014 4406 1151 4470 affirmare,
1179 4415 1250 4460 certe
1273 4404 1304 4505 ed
1325 4413 1379 4468 ρῐθ·

158 4496 268 4561 positum
293 4507 363 4542 suum
388 4492 464 4557 plane
487 4492 694 4544 accommodasse
715 4491 823 4543 videtur.
