2886 5118
646 299 703 358 tlt

146 457 226 536 Quo
258 466 430 516 ratione
462 462 564 516 hunc
596 460 723 518 Ptaco
754 469 844 518 ariae
877 463 1208 539 etaetaphysicunc

295 565 382 614 eive
413 566 506 614 ocri
538 560 777 619 doctrinam
810 559 1052 617 tractavit?

97 751 144 810 Est
162 752 278 831 elegans
305 774 373 812 sane
400 752 628 834 philosophandi
653 758 747 831 ratio,
777 779 832 836 qua
854 777 907 815 nos
926 776 941 813 e
957 754 1066 836 linguis
1080 755 1203 827 solemus
1223 769 1301 836 pro-'

63 851 132 928 prias
151 853 257 909 mentis
289 865 317 910 ct
347 854 461 911 nativas
482 854 614 911 notiones
644 852 769 929 ducere,
800 869 832 914 ut
851 855 942 936 ipsius
970 853 1011 912 sie
1031 867 1150 913 naturae
1166 856 1242 914 viam
1262 855 1293 910 in

61 948 174 1007 colenda
195 949 257 1008 veri
276 949 461 1031 philosophia
485 952 669 1010 inveniamus
690 966 718 1010 et
739 967 896 1013 teneamus.
938 951 1027 1010 Haud
1046 954 1143 1032 inepte
1160 949 1230 1008 haec
1250 971 1293 1007 ra·

61 1047 392 1125 tiophiloaophia
424 1050 680 1128 linquerent
712 1066 965 1128 vocatu1·:aqua
984 1050 1114 1130 profecto
1138 1068 1197 1107 non
1217 1046 1292 1105 alie·
1326 1065 1357 1082 ··

61 1165 109 1202 nus
133 1145 215 1204 Plato
243 1146 308 1204 fuit.
361 1145 459 1204 Sermo
488 1146 567 1227 apud
604 1169 668 1206 eum
699 1163 760 1222 est,
793 1163 824 1208 ut
849 1147 1124 1222 animadvertimus,
1154 1144 1292 1222 eplloquii

61 1241 178 1316 interni,
209 1263 267 1321 quo
292 1242 377 1301 homo
407 1265 502 1302 secum
535 1247 594 1326 ipse
622 1247 699 1326 agit,
723 1247 892 1320 effluvium,
924 1245 1043 1326 scriptio
1067 1257 1181 1318 autem,
1203 1242 1290 1321 hujus

60 1339 157 1399 effluvii
176 1341 270 1419 imago
302 1338 348 1420 l):
371 1341 449 1400 unde
470 1356 571 1423 sponte
591 1341 751 1416 efficimus,
783 1333 901 1404 nomina
919 1358 948 1403 et
968 1343 1056 1402 verba
1075 1343 1167 1422 ipsius
1186 1341 1292 1399 mentis
1384 1369 1395 1381 ·

60 1438 289 1516 cogitationisque
308 1438 399 1497 velnti
422 1460 557 1521 expressa
577 1461 635 1500 esse
662 1443 835 1516 simulacra,
858 1463 893 1500 ex
915 1443 1008 1519 iisque
1028 1439 1112 1499 nobis
1130 1438 1218 1496 licere
1240 1458 1290 1496 no-

60 1535 142 1594 tiones
159 1537 266 1595 mentis
285 1536 429 1595 humanae
449 1539 599 1619 proprias,
620 1559 693 1616 quae
714 1531 806 1599 unice¹
821 1560 904 1600 verae
924 1553 1010 1612 sunt,
1032 1539 1140 1619 quippe
1156 1549 1289 1596 naturam

60 1632 224 1710 relerentes,
246 1634 398 1716 explorare
418 1649 446 1694 et
464 1656 644 1716 cognoscere.
688 1638 725 1696 Et
743 1659 812 1697 vero
831 1635 931 1711 Plato,
954 1637 1005 1695 ubi
1023 1635 1069 1695 vel
1088 1635 1231 1694 Socratem
1241 1633 1290 1692 vel

59 1729 138 1788 alium
156 1752 358 1810 quemcunque
378 1731 488 1813 placita
508 1755 558 1791 sua
579 1736 786 1800 enunciantem
807 1734 943 1809 inducit,
965 1733 1050 1793 nnlll
1070 1754 1129 1792 non
1148 1744 1290 1812 opportu-

60 1827 138 1886 nitate
155 1829 306 1889 eosdeme
332 1829 473 1908 loquendi
502 1831 714 1890 consuetudine
740 1834 913 1892 sententiam
935 1852 1015 1891 suam
1033 1816 1189 1911 probantes
1209 1829 1287 1888 fecit.

59 1924 135 1984 Abest
162 1942 260 1986 autem
287 1928 432 2002 multum,
464 1941 495 1986 ut
515 1927 584 1988 haec
606 1929 643 1986 sit
662 1929 754 2003 ratio,
774 1951 831 2008 qua
851 1927 1112 1990 tractandam-esse
1133 1925 1287 1984 veri-doc-

58 2023 152 2082 trinam
170 2027 390 2085 existimaverit.
434 2027 498 2084 Non
517 2027 590 2105 quin
610 2027 780 2086 convenerit
799 2027 890 2108 ipsius
910 2025 1128 2108 philosophiae:
1143 2025 1287 2104 quaeipse

58 2120 169 2181 subinde
185 2123 273 2182 verba
286 2145 301 2182 e
313 2144 363 2182 sna
386 2123 485 2204 lingua
505 2124 663 2197 excitavit,
686 2139 717 2183 ut
737 2129 930 2200 eaeribrare,
948 2144 1105 2196 vennere,
1125 2130 1284 2179 earmina-

58 2240 101 2292 νο,
120 2221 246 2295 similia,
268 2220 300 2300 2)
321 2221 469 2296 vidimus,
490 2242 575 2300 quam
597 2235 662 2303 apte
681 2221 733 2280 illa
753 2224 844 2303 ipsius
862 2222 1051 2295 dialecticae,
1082 2238 1155 2300 quae
1173 2221 1285 2278 discer-

58 2320 139 2376 nendo
157 2320 188 2377 in
209 2320 311 2399 primis
330 2319 479 2402 procedit,
505 2321 702 2395 conveniant,
726 2334 754 2379 et
774 2341 842 2380 sane
863 2341 915 2380 nos
933 2321 965 2379 in
975 2319 1022 2378 his
1030 2315 1285 2396 disquisitionibus

58 2415 179 2475 'omnibus
199 2415 238 2475 de
266 2417 450 2499 philosophia
479 2416 628 2476 Platonica
658 2417 806 2498 explicare
826 2439 888 2478 eam
906 2419 1101 2477 l'erme'totam
1121 2436 1135 2473 e
1153 2426 1283 2473 veterum

57 2514 292 2593 recentiorumque
311 2514 451 2593 loquendi
473 2514 685 2574 consuetudine
695 2562 703 2590 ,
723 2536 739 2574 e
756 2517 873 2596 propria
889 2515 1043 2575 verborum
1060 2511 1282 2592 significatione,

58 2630 107 2667 non
130 2613 193 2670 sine
218 2613 334 2684 fructu,
365 2624 396 2670 ut
426 2610 511 2671 nobis
540 2610 689 2686 videmur,
721 2611 894 2672 studuimus.
936 2611 994 2671 Sed
1015 2611 1135 2670 fuerunt
1153 2608 1281 2666 Platonis

56 2720 151 2784 aetate,
171 2710 223 2787 qui
242 2700 376 2789 perverse
396 2708 428 2768 id
451 2719 586 2788 agerent,
617 2708 763 2789 sophistae
788 2712 819 2769 in
838 2710 957 2789 primis,
987 2729 1058 2787 quos
1079 2706 1229 2778 diximus,
1251 2719 1279 2763 et

58 2803 200 2864 Heraclitei
222 2805 400 2886 philosophi.
443 2807 482 2864 Hi
502 2807 576 2864 miro
594 2807 748 2882 acumine,
769 2807 821 2868 sed
840 2808 939 2887 inepte
968 2805 1038 2864 haec
1063 2802 1160 2862 studia
1180 2821 1279 2883 perse-

56 2905 179 2977 quentes,
200 2924 263 2962 non
282 2924 298 2962 e
318 2902 415 2962 verbis
431 2919 459 2962 et
480 2902 653 2984 nominibug
668 2901 773 2963 ducere
792 2905 907 2964 nativas
924 2906 1029 2962 mentis
1047 2902 1190 2960 humanae
1204 2899 1279 2958 noti-

56 3018 130 3074 ones,
150 3000 199 3059 scd
220 3002 252 3059 in
272 3001 361 3060 verba
379 3013 406 3060 et
427 2999 547 3059 nomina
566 3020 615 3058 sua
633 2999 690 3080 ipsi
711 3000 825 3060 decreta
843 3001 1017 3075 transferre,
1047 3013 1075 3058 et
1095 2999 1135 3058 sic
1155 3018 1186 3057 ea
1208 3017 1279 3078 pro-

56 3093 113 3154 bare
130 3099 308 3158 nitebantur.
349 3097 385 3156 Id
406 3097 581 3178 displicebat
599 3096 724 3157 Platoni.
766 3098 915 3178 Cratylum
935 3098 983 3157 hic
1003 3096 1093 3171 adeo,
1121 3096 1172 3176 qni
1202 3108 1278 3153 totus

56 3189 138 3252 bisin
166 3194 273 3254 studiis
301 3194 358 3254 luit
378 3208 525 3268 versatus,
546 3213 619 3274 puer
639 3193 809 3271 audiverat,
831 3217 921 3274 quum
940 3199 964 3255 is
982 3194 1161 3254 fluitantium
1176 3191 1278 3274 philo-

56 3288 192 3366 sophorum
222 3290 372 3350 doctrinae
392 3290 590 3352 vindicandae
607 3289 683 3350 hane
705 3292 859 3354 verborum
890 3293 1157 3374 interpretationem
1188 3288 1277 3349 adhi-

56 3382 137 3446 bebat.
157 3388 188 3468 3)
220 3389 282 3448 Hoc
302 3409 370 3448 vero
398 3389 495 3446 minus
524 3389 611 3447 etiam
638 3389 714 3448 ferre
739 3405 861 3471 poterat.
904 3391 1006 3472 Inepta
1025 3390 1078 3448 hac
1098 3389 1187 3468 igitur
1207 3407 1276 3467 per-

56 3501 177 3562 versaque
194 3485 424 3568 philosophandi
446 3486 557 3548 ratione
575 3486 685 3544 factum
706 3487 842 3562 videtur,
865 3502 896 3548 ut
919 3510 979 3548 non
1004 3487 1097 3546 solum
1115 3507 1130 3543 a
1148 3488 1226 3562 justo
1247 3499 1276 3543 et

55 3577 212 3662 philosopho
231 3584 348 3662 linguae
369 3583 465 3641 studio
486 3581 698 3657 deduceretur,
717 3583 767 3641 sed
786 3585 974 3667 etymologiae
994 3586 1062 3659 isti,
1083 3604 1167 3662 quam
1186 3589 1274 3642 voca*

55 3781 295 3800 R———n——n

83 3903 105 3968 ι)
122 3908 227 3963 rnna.
240 3911 299 3962 aro.
318 3911 349 3963 u.
369 3910 416 3964 ou.
435 3913 512 3964 naa
526 3929 552 3980 p.
571 3912 637 3978 in,
655 3912 715 3966 ooo.

82 3987 106 4052 a)
121 3993 222 4062 same.
241 3994 309 4060 aaa,
331 3994 390 4047 227.
411 3996 458 4047 or.
477 3997 555 4049 nrm
570 4014 596 4064 ρ.
614 3997 679 4061 aso,
698 3997 757 4050 aar.

82 4079 105 4147 3)
121 4085 199 4138 Anat.
217 4090 326 4157 Metapa
346 4089 365 4140 l.
384 4089 410 4140 6.
429 4078 462 4139 ἐκ
489 4077 556 4140 νέου
582 4103 613 4141 τε
640 4074 697 4159 yolo
724 4077 933 4163 συγγενόμενος
969 4083 1091 4165 πρῶτον
1121 4070 1276 4165 Κρατύλῳ

55 4170 95 4231 tal
114 4181 175 4252 ταῖς
194 4173 421 4261 ‘Humanam
447 4175 568 4259 δόξαις,
590 4175 632 4256 ὥς
653 4176 877 4246 ἁπάντωντῶν
898 4184 1056 4266 αἰσθητῶν
1083 4180 1129 4246 ἀεὶ
1149 4177 1278 4266 ῥεόντων

53 4271 94 4332 καὶ
117 4274 279 4363 ἐπιστήμης
306 4282 374 4364 περὶ
403 4273 504 4344 acircio
534 4279 587 4343 mix
613 4276 747 4366 οὕσης-
770 4310 922 4363 quamquain
950 4297 1009 4347 hinc
1033 4301 1091 4349 non'
1112 4292 1275 4346 efficiendum

55 4387 121 4440 esse,
139 4383 175 4430 sie
195 4386 303 4448 primum
323 4385 427 4437 Platoni
452 4385 601 4452 cranium,
626 4395 654 4436 ut
672 4394 765 4452 postea
786 4388 934 4450 Socratem,
955 4397 1154 4454 praeceptorem
1174 4387 1273 4448 tuisse,

54 4468 116 4512 recte
133 4471 217 4518 statuit
233 4470 295 4521 Ast
313 4471 424 4522 Platon’s
439 4471 519 4522 beten
532 4487 558 4536 p.
574 4469 616 4520 19.

1118 4551 1157 4611 27
