2872 5122
741 277 799 336 122
817 294 822 306 “

151 460 208 518 qua
227 439 305 499 nibil
325 451 366 498 est
385 437 417 497 in
436 458 466 497 re
485 437 604 520 publica
626 439 760 518 gratim,
779 439 986 499 conferendam
1006 438 1259 520 adhibendamque
1278 441 1369 502 eristi·

150 552 239 599 ment.
264 535 294 618 1)
312 535 481 597 Ducendam
506 557 564 596 esse
593 535 740 597 affirmant
761 534 981 598 multitudinem
1000 539 1069 598 veri*
1090 545 1204 615 specie,
1223 559 1305 616 quam
1328 541 1368 620 qui

151 638 283 697 ostendat
298 637 422 696 maxime
440 634 621 716 probabilem
631 680 640 710 ,
661 635 741 696 hunc
765 650 904 696 oratorem
925 635 1085 716 optimum,
1104 637 1155 713 qui
1175 637 1326 697 informare
1341 635 1369 694 ad

150 757 291 796 summum
308 735 436 796 civitatis
455 733 680 792 emolumentum
706 735 815 814 possit,
836 735 976 814 optimum
1001 732 1153 814 appellant
1180 735 1222 792 rei
1249 733 1369 815 publicae

149 833 296 894 rectorem.
333 833 351 892 J
354 853 461 894 avenes
479 846 574 890 autem
594 852 744 912 generosos
763 846 876 892 tantum
896 831 994 906 abest,
1015 845 1047 890 ut
1066 832 1128 890 rite'
1138 832 1276 892 excolant
1292 846 1370 912 aptos·

148 953 204 1010 que
224 931 368 1005 reddant,
388 931 438 1009 qui
456 949 584 1011 praeesse
606 928 784 1008 aliquando,
806 943 882 988 certe
899 929 1033 1010 prodesse
1059 931 1171 1012 possint
1199 932 1328 1004 civitati,
1346 913 1380 987 ut

148 1051 195 1090 eos
213 1033 400 1110 'corrumpant
416 1029 513 1111 plane.
555 1029 710 1087 Nemeum
734 1027 858 1086 liberare
881 1047 980 1086 eorum
1003 1029 1113 1088 animos
1135 1042 1280 1110 oporteret
1302 1029 1372 1090 vanis

148 1127 410 1210 praejudicatisque
428 1127 634 1208 opinionibus,
655 1147 712 1206 quo
732 1147 832 1186 vetum
847 1141 1063 1205 assequerentur
1077 1128 1212 1205 lacilius3
1234 1147 1295 1186 non
1312 1125 1372 1184 libe·

148 1224 293 1302 rant,sed
313 1226 372 1287 suis
388 1227 506 1307 insuper
525 1225 714 1306 opinionibus
732 1225 862 1306 opplent.
885 1227 956 1284 Cum
975 1226 1103 1284 excitare
1117 1227 1149 1286 in
1169 1227 1206 1284 iis
1225 1224 1372 1296 deberent,

148 1327 199 1406 qui
219 1327 300 1386 intus
318 1325 422 1383 natura
440 1324 538 1399 adest,
559 1325 691 1402 quamvis
708 1323 795 1382 lateat
812 1324 898 1398 istos,
923 1344 1047 1383 amorem
1075 1326 1156 1400 veri,
1188 1345 1279 1403 eoque
1307 1322 1372 1380 enci·

147 1423 236 1484 tando
255 1422 497 1503 incendendoque
517 1421 648 1496 efficere,
670 1437 702 1482 ut
720 1423 776 1504 ipsi
795 1443 847 1503 per
865 1443 894 1482 se
909 1437 1011 1504 sponte
1026 1444 1077 1481 sua
1096 1421 1214 1484 adteri
1234 1421 1373 1480 scientiam

121 1579 124 1588 ,
147 1523 375 1598 contenderent3
396 1511 579 1602 restinguunt
592 1521 671 1580 bunc
692 1541 815 1580 amorem
835 1522 1004 1597 inanimis,
1025 1507 1190 1602 impediunt
1207 1517 1326 1594 saltem,
1345 1537 1374 1575 ne

148 1621 352 1683 inflammetur.
382 1620 453 1678 Nam
475 1640 527 1678 cur
545 1640 605 1678 non
626 1619 806 1700 impediant,
826 1621 937 1698 quoties
959 1620 1056 1700 longis
1078 1618 1263 1698 infinitisque
1278 1617 1372 1677 baben·

147 1718 391 1779 discretionibus
409 1719 533 1799 speciem
553 1718 613 1777 illis
631 1737 725 1776 rerum
746 1717 921 1792 ostendunt,
942 1737 987 1775 res
1005 1717 1169 1792 occultant,
1188 1717 1313 1798 speciem
1331 1734 1374 1771 au-

147 1831 204 1876 tem
224 1819 264 1877 sic
282 1815 503 1892 commendant,
524 1817 566 1876 sic
584 1817 702 1877 veritati
722 1813 838 1896 lingunt
853 1814 990 1891 similem,
1006 1830 1038 1875 ut
1056 1816 1104 1877 illi
1122 1836 1175 1896 per
1193 1829 1285 1875 totam
1303 1815 1374 1873 dein·

147 1916 294 1977 devitem
324 1915 432 1975 umbris
460 1916 598 1994 falsisque
625 1914 804 1988 simulacris,
825 1917 1014 1990 opinionibus
1042 1915 1161 1973 omnino
1181 1913 1373 1988 delectentur;

147 2016 296 2076 veritatem
314 2035 383 2074 vero
403 2035 464 2073 non
480 2027 594 2073 tantum
613 2036 674 2072 non
696 2027 811 2088 ament,
842 2012 892 2071 sed
919 2033 979 2072 esse
1007 2012 1097 2088 adeo,
1119 2026 1246 2094 excepta,
1271 2014 1374 2094 specie,

147 2127 262 2192 negent.
304 2111 384 2186 Quid
402 2112 541 2171 faciamus
561 2110 727 2170 hominibus
745 2111 842 2174 istisl,
854 2112 925 2171 Nam
945 2111 1025 2170 baud
1042 2131 1110 2170 sane
1137 2109 1308 2190 negligendi
1335 2109 1375 2172 ti·

147 2210 255 2270 dentur
272 2232 349 2285 csse,
370 2225 420 2270 aut
440 2208 655 2269 contemnendi.
698 2210 874 2270 Confirmare
893 2209 964 2268 haec
980 2208 1091 2290 placita
1114 2227 1292 2267 summorum
1319 2229 1375 2266 cum

147 2315 295 2390 poetarum
315 2323 376 2368 tum
402 2308 641 2390 philosophorum
663 2311 832 2368 auctoritate
860 2309 1013 2366 nituntur:
1034 2308 1143 2388 quippe
1160 2326 1301 2388 perquam
1317 2319 1376 2366 sunt

146 2421 175 2466 ct
192 2406 271 2466 docti
290 2421 317 2466 et
334 2408 411 2467 acuti
429 2421 457 2466 et
479 2397 645 2487 praesertim
668 2406 778 2467 diserti.
821 2406 866 2465 Ab
886 2407 1038 2466 Homerico
1055 2407 1144 2486 igitur
1166 2407 1284 2482 exorsi,
1305 2403 1375 2485 quod

146 2504 311 2566 reconditae
330 2505 401 2586 ipsis
419 2503 536 2564 videtur
555 2505 714 2586 sapientiae
734 2505 872 2587 plenum:

349 2597 484 2664 Ὠκεανόν
503 2626 549 2678 τε,
571 2603 654 2666 θεῶν
674 2599 797 2685 γένεσιν,
819 2597 1006 2686 καὶμητέρα
1030 2595 1152 2685 Τηθύν·

146 2707 187 2765 sie
225 2706 369 2786 placuisse
406 2707 624 2787 sapientissimis
653 2709 744 2784 viris,
775 2710 878 2788 ajunt,
909 2721 941 2766 ut
970 2705 1059 2764 fluere
1085 2706 1247 2784 mutarique
1272 2721 1376 2784 semper

145 2805 262 2879 omnia,
283 2804 328 2864 nil
347 2825 405 2864 esse
428 2805 532 2864 stabile
552 2807 600 2868 vel
618 2806 731 2867 firmum
741 2805 966 2867 contenderent:
988 2802 1169 2865 contendisse
1185 2805 1276 2884 igitur
1289 2799 1376 2862 videri

146 2903 278 2978 eosdem,
299 2903 332 2962 in
359 2904 412 2964 bac
441 2925 536 2964 rerum
556 2905 744 2966 fluctuatione
771 2907 832 2968 veri
862 2925 920 2964 csse
939 2904 1034 2980 nibil,
1055 2904 1106 2964 sed
1133 2903 1166 2964 id
1183 2903 1244 2963 diei
1262 2921 1376 2973 verum,

145 3000 223 3082 quod
252 3000 403 3062 videatur:
426 3003 480 3062 hoc
501 3018 595 3064 autem
622 3006 688 3065 eliis
715 3005 900 3080 bominibus,
921 3003 988 3063 aliis
1005 3002 1181 3085 temporibus
1200 3001 1286 3062 aliud
1314 3019 1375 3058 esse.

145 3101 181 3160 In
205 3101 311 3181 quibus
336 3101 532 3164 Heracliteum
557 3105 679 3163 afferunt
703 3105 873 3185 inprimis:
905 3095 946 3176 ώς
973 3100 1020 3176 δὶς
1047 3101 1078 3177 ἒς
1098 3095 1152 3163 τόν
1173 3095 1267 3162 αὐτόν
1288 3119 1376 3160 ποτα-

145 3194 206 3279 priv
228 3194 279 3261 οὐκ
301 3193 337 3259 ὃν
358 3196 492 3282 ἐμβαίης·
513 3209 547 3260 in
567 3205 646 3262 idam
656 3204 780 3279 flumen
799 3206 843 3264 bie
861 3227 919 3264 nen
940 3208 1118 3264 descendet:
1140 3202 1171 3286 2)
1192 3224 1280 3278 nam,
1302 3221 1375 3284 prae·

146 3301 298 3362 terfluente
319 3322 391 3380 aqua
401 3348 410 3378 ,
431 3301 513 3361 aliud
533 3323 643 3383 semper
663 3301 771 3361 flumen
788 3304 925 3364 nascitur.
961 3303 1008 3363 Sic
1019 3350 1027 3379 ,
1049 3306 1150 3382 ajunt,
1171 3305 1203 3362 in
1224 3302 1281 3362 boe
1300 3300 1375 3380 quasi

146 3400 267 3462 flumine
285 3421 380 3460 rerum
398 3401 543 3476 omnium,
565 3422 621 3480 quo
644 3401 801 3480 agitamur,
823 3404 940 3462 nomine
968 3402 1108 3462 dicuntur
1134 3401 1248 3481 singula
1279 3402 1374 3458 eodem

146 3521 222 3576 esse,
244 3521 275 3558 re
294 3514 388 3559 autem
407 3518 466 3558 non
486 3514 561 3560 sunt.
603 3499 707 3574 Quid?
739 3500 817 3578 quod
835 3500 919 3561 bomo
938 3502 1019 3583 ipse,
1040 3520 1119 3560 mens
1140 3498 1211 3559 adeo
1232 3499 1374 3572 bominis,

144 3621 217 3678 quae
237 3599 366 3678 exquirit
384 3619 484 3660 verum
494 3643 502 3674 ,
523 3613 650 3659 mutatur
669 3619 788 3680 semper.
832 3599 966 3660 Inlluunt
985 3601 1017 3660 in
1035 3621 1097 3659 eam
1115 3600 1296 3660 extrinsecus
1316 3617 1374 3672 res,

143 3698 223 3777 quod
242 3700 374 3774 discere,
396 3698 516 3760 effluunt
534 3695 604 3756 inde
624 3699 749 3779 pariter,
767 3697 846 3776 quod
866 3701 1001 3758 oblivisci
1019 3718 1161 3760 vocamus.
1184 3697 1265 3773 Quid
1285 3699 1371 3779 igitur

145 3796 339 3875 relinquitur,
360 3796 438 3876 quod
458 3816 517 3855 esse
534 3808 689 3855 statuamus
708 3796 835 3854 aarum?
859 3825 890 3838 —-
910 3797 958 3857 Sic
977 3798 1041 3861 illi:
1064 3817 1117 3858 nec
1137 3797 1285 3879 profecto,
1307 3815 1369 3856 nam

117 3915 122 3926 ·
145 3894 217 3974 quid
241 3894 440 3956 diffiteamur?
461 3895 549 3976 plane
567 3893 691 3953 absurda
708 3896 879 3976 proferunt,
905 3911 933 3956 et
954 3898 1109 3957 sententias
1138 3896 1275 3957 emittunt
1301 3896 1368 3956 sub-

146 3993 235 4070 inde,
266 3995 442 4076 sapientiae,
478 4007 510 4052 ut
536 3992 672 4068 videtur,
702 3995 811 4075 plenas.
851 3996 887 4056 In
916 3997 962 4056 bis
989 3999 1171 4076 Protagoras,
1202 3994 1369 4076 sophisticae

178 4241 203 4308 1)
221 4241 294 4309 dorp.
312 4239 363 4294 483
380 4241 410 4294 Α.
430 4257 486 4310 sqq.
504 4240 560 4292 Vid.
580 4240 613 4292 de
634 4241 673 4292 his
696 4242 831 4293 sententiis
845 4244 875 4294 de
889 4242 952 4295 (laer
961 4243 1046 4310 ¹llietr.
1059 4245 1084 4295 in
1104 4244 1176 4310 polit.
1196 4241 1260 4294 Plet.
1290 4243 1369 4308 princ.

164 4328 203 4380 .1
242 4345 254 4379 s
293 4367 299 4379 .

144 4326 314 4481 pssl3crdllyl.
332 4411 382 4466 402
404 4412 435 4465 Α.
462 4375 606 4464 et'l'beaet.
630 4410 679 4460 152
702 4411 731 4464 E.
751 4413 880 4481 Explicuit
895 4417 1048 4468 sententiam
1065 4417 1173 4468 maxime
1189 4415 1305 4478 Seneca,
1323 4413 1366 4479 Ep·

142 4500 185 4552 ee.
204 4500 260 4552 vrr.
286 4501 356 4567 trau.
376 4499 409 4550 ur
425 4497 490 4550 rtur.
511 4499 543 4549 re
560 4498 585 4550 s.
605 4497 634 4550 u.
653 4499 682 4549 v.
701 4515 726 4566 p.
747 4497 786 4552 rt.
