2838 5120
717 274 776 336 2¹16

131 439 250 512 oomni
270 453 357 513 sunt,
386 440 418 499 hi
437 436 548 519 κριταὶ·
571 453 602 499 ut
621 438 772 498 audientes
789 439 821 498 hi
841 453 900 498 tres
919 440 996 499 sint:
1017 434 1235 522 imtqotuorq'c,
1261 437 1358 522 κριτής

132 561 163 606 et
194 536 322 623 θεωρός.
364 539 480 612 Quibus
500 542 540 600 ita
561 537 727 620 dispositis,
749 536 785 596 de
805 538 928 618 singulis
946 539 991 600 his
1009 541 1133 602 dicendi
1149 541 1302 622 generibus
1320 545 1356 602 ita

131 646 208 726 agit,
237 658 269 705 ut
297 636 440 702 ἐκτίνων
464 638 512 699 dei
532 631 705 720 προτρέπειν
730 634 779 714 stoi
803 629 993 717 iserniam,
1021 634 1052 702 ἐκ
1077 637 1165 700 τίνων
1191 643 1357 722 κατηγορεῖν

129 741 178 803 καὶ
197 739 423 825 ἀπολογεῖσθαι,
443 735 475 802 ἔκ
493 737 581 802 τίνων
597 735 699 819 ψέγειν
712 737 761 799 καὶ
777 733 900 800 mutreio
920 742 1051 824 exploret
1068 763 1101 801 ae
1121 741 1240 822 probet:
1255 741 1356 820 quibus

129 843 249 904 adhibet
275 847 418 920 manime,
446 865 519 924 quae
546 843 726 925 explicuerat
745 843 777 900 in
805 832 1064 922 praecedentibus,
1093 835 1131 900 ad
1151 833 1355 920 ivdupq'paeo.

129 941 263 1019 Etenim,
293 942 371 1023 quod
400 943 498 1018 addit,
528 939 595 1023 περὶ
617 935 675 1023 ydp
701 933 815 1001 τούτων
841 933 947 1012 καὲζέκ
967 933 1081 1002 τούτων
1099 935 1138 1003 toi
1158 935 1356 1024 ἐνθυμήματα

128 1035 248 1119 λέγεται.
273 1042 302 1124 l)
516 1050 519 1056 ’
598 1041 601 1048 ’
772 1037 783 1066 “
1138 1044 1164 1117 ’ᾗ

169 1143 349 1202 Documento
369 1143 458 1204 nobis
471 1144 541 1204 haec
563 1146 657 1227 operis
677 1144 854 1205 Aristoteliei
881 1145 1089 1227 argumgntatio
1119 1120 1177 1230 aab,
1206 1147 1353 1228 perfecisse

127 1255 273 1300 auctorem
290 1240 339 1317 id,
360 1241 439 1320 quod
458 1245 490 1302 in
512 1243 653 1324 Sophiste
676 1257 704 1302 et
730 1243 860 1302 Politice
880 1242 960 1301 Plato
970 1216 1045 1311 edm
1064 1243 1253 1305 inchoaverat
1263 1291 1272 1320 ,
1298 1257 1350 1303 tun

127 1337 294 1397 faciendum
322 1355 515 1422 praeceperat.
557 1343 599 1401 Ut
628 1341 676 1400 hie
703 1341 905 1422 sophisticam,
927 1339 1164 1400 itatrhnoricam
1193 1343 1348 1402 Aristoteles

126 1436 272 1497 cernendo
288 1439 494 1519 jungendoque
512 1440 665 1523 explicuit.
708 1441 886 1518 Quamquam
911 1438 984 1497 ratio
1012 1439 1161 1518 utriusque
1190 1439 1350 1520 philosophi

127 1533 242 1594 diversa
262 1549 312 1596 est.
349 1531 435 1596 'Plato
463 1539 544 1616 quasi
573 1537 726 1596 nobiseum
754 1537 885 1616 quaerit,
916 1535 1052 1616 indagat,
1080 1537 1215 1597 invenire
1243 1535 1352 1596 stud‘et:

128 1655 188 1692 non
209 1633 249 1692 ita
268 1635 454 1712 Aristoteles,
486 1635 536 1694 sed
556 1656 629 1715 quae
649 1655 745 1694 secum
765 1623 825 1716 ipse
845 1648 928 1693 antea
949 1646 977 1693 et
995 1634 1138 1714 quaesivit
1159 1648 1187 1694 et
1207 1633 1356 1714 indagavit

125 1727 290 1792 etinvenit
300 1778 309 1808 ,
331 1734 397 1813 apta
418 1731 502 1793 nobis
521 1733 695 1794 discretione
714 1746 743 1792 et
762 1731 950 1814 dispositione
968 1733 1114 1813 proponit.
1164 1725 1266 1812 ltaque
1285 1754 1356 1791 com-

126 1823 387 1911 parantibus'haee
409 1831 494 1892 nobis
513 1833 663 1911 utriusque
682 1830 850 1912 philosophi
872 1832 994 1912 scripta,
1024 1833 1058 1891 in
1077 1832 1207 1892 Platonis
1235 1830 1356 1912 dialogis

125 1931 259 1987 intentio
280 1928 397 2004 ubivis,
419 1931 452 1989 in
472 1931 634 1990 Aristotelis
653 1949 722 1990 vero
742 1929 937 2011 disputatione
951 1935 1143 1989 inventurum
1164 1937 1354 2008 inpositione

125 2029 339 2086 demonstratio
365 2031 501 2090 occurrit.
553 2033 577 2088 Α
605 2027 830 2088 demonstrando
859 2027 955 2086 aliena
975 2029 1008 2087 in
1036 2028 1081 2099 his
1100 2027 1353 2108 disquisitionibus

124 2122 253 2185 Platonis
272 2128 345 2185 ratio
364 2141 423 2186 est:
445 2127 612 2187 Aristoteles
631 2148 700 2187 vero
711 2171 719 2200 ,
741 2126 872 2205 quamvis
891 2147 951 2184 non
976 2145 1028 2205 per
1047 2127 1226 2207 syllogismos
1255 2149 1352 2207 procc-

126 2224 195 2298 dat,
215 2237 314 2283 tamen
334 2225 455 2306 probare
474 2225 559 2284 nobis
578 2239 605 2284 et
624 2224 819 2284 demonstrare
830 2225 1008 2290 ,sententiam
1026 2245 1105 2283 suam
1124 2224 1238 2289 stfflet:
1271 2237 1353 2301 utet

125 2325 289 2400 definiendi
306 2322 392 2383 modo
410 2319 595 2404 intelligitur.
637 2325 727 2397 Nam,
758 2324 818 2397 rei,
847 2321 883 2380 de
903 2341 959 2401 qna
986 2322 1097 2402 agitur,
1128 2300 1355 2399 definitiofitti

125 2420 204 2503 apud
221 2421 371 2479 Platonem
391 2421 538 2480 cernendo
554 2421 763 2501 jungendoque
781 2421 934 2480 invenitur
955 2421 1073 2480 tandem
1084 2466 1093 2495 ,
1120 2421 1160 2480 ita
1189 2418 1268 2503 apud
1288 2423 1358 2479 Ari-

126 2519 254 2578 stotelem
275 2519 415 2578 continuo
435 2520 573 2600 ponitur:
596 2520 701 2600 incipit
729 2519 766 2576 ab
794 2519 855 2600 ipsa
884 2515 1054 2578 definitione
1080 2518 1248 2600 disputatio.
1291 2519 1357 2577 Om-

124 2617 197 2676 nino
208 2664 216 2691 ,
228 2629 270 2676 ut
289 2617 323 2676 in
344 2617 466 2697 legendo
485 2618 604 2677 Platone
624 2611 764 2676 unacum
783 2616 882 2675 Eleate
900 2615 948 2676 vel
962 2614 1077 2676 Socrate
1094 2618 1175 2696 quasi
1195 2637 1358 2692 venamur,

124 2715 164 2774 ita
184 2715 347 2796 legentibus
366 2715 547 2774 Aristotelem
567 2729 666 2776 auctor
693 2715 795 2797 nobis,
816 2713 894 2792 quod
914 2721 1011 2793 capit,
1032 2716 1177 2775 ostendit:
1199 2717 1240 2774 sic
1260 2729 1358 2774 autem

125 2812 271 2887 ostendit,
292 2825 325 2872 ut
352 2813 457 2887 simul,
477 2835 534 2893 qpa
565 2809 644 2873 illud
669 2815 781 2874 ratione
802 2813 822 2874 i.
843 2833 868 2872 e.
890 2813 997 2890 quibus
1016 2813 1223 2894 partitionibus
1242 2827 1270 2872 et
1290 2835 1357 2874 con·

125 2909 313 2969 ductionibus
341 2926 485 2971 assecutus
505 2912 614 2987 fuerit,
645 2909 851 2992 intelligamus.
894 2910 941 2969 Sic
960 2910 1047 2990 plane
1067 2911 1137 2971 haec
1156 2911 1260 2977 ordine
1287 2933 1358 2992 pro-

124 3007 231 3068 cedens
250 2999 414 3069 Aristotelis
429 3010 600 3092 disceptatio
621 3011 786 3070 Platonicae
806 3011 925 3070 tationis
947 3011 1127 3072 continuatio
1147 3023 1208 3070 est:
1239 3011 1357 3090 perficit

125 3106 305 3188 discipulus,
325 3108 406 3186 quod
425 3111 558 3188 magister
578 3109 737 3168 inchoavit.

165 3205 274 3267 Verum
300 3206 419 3286 propius
447 3207 532 3267 etiam
551 3206 631 3266 Plato
650 3206 687 3265 ab
708 3206 881 3279 Aristotelis
896 3205 1060 3286 synthetica
1087 3205 1148 3266 sive
1171 3204 1357 3286 syllogistica

124 3305 236 3364 ratione
254 3302 358 3363 abfuit.
401 3305 437 3362 In
457 3304 511 3364 hac
530 3305 683 3382 methodo,
705 3318 737 3366 ut
754 3325 790 3363 ex
808 3303 926 3365 laudata
945 3303 1106 3364 Aristotelis
1131 3305 1356 3384 argumentatio·

125 3423 161 3462 ne
180 3414 272 3483 patet,
293 3403 479 3479 definitionis
497 3404 529 3463 in
549 3405 651 3485 primis
671 3405 765 3482 agitur
789 3403 952 3482 diligentia.
975 3400 1207 3462 Fundamentum
1231 3401 1286 3462 illa
1317 3415 1355 3462 est

124 3503 185 3561 sive
205 3501 271 3560 fons
292 3501 444 3560 universae
461 3501 676 3584 disputationis.
718 3503 753 3564 ln
774 3503 916 3561 Phaedro
931 3516 1025 3570 autem
1046 3501 1146 3574 Plato,
1166 3498 1247 3580 quod
1269 3499 1353 3558 modo

124 3603 434 3682 commemoravimus,
465 3601 645 3681 syntheticae
673 3600 854 3660 delinitionis
881 3613 910 3659 et
944 3601 1084 3660 rationem
1123 3611 1151 3657 et
1188 3597 1353 3678 exemplum

124 3699 216 3760 dedit.
238 3699 270 3780 2)
305 3702 362 3774 ,De
392 3699 545 3760 dialectica
573 3701 756 3779 eloquentiae
782 3699 952 3758 adhibenda
979 3700 1095 3780 proprie
1114 3697 1209 3776 agatur
1238 3697 1268 3754 in
1300 3695 1353 3754 hoe

123 3798 255 3878 dialogo:
286 3799 451 3877 disquisitio
470 3799 506 3858 de
524 3797 623 3858 amore'
636 3797 762 3878 exempli
779 3798 935 3858 adducitur
962 3797 1070 3856 eaussd.
1121 3795 1221 3875 Lysias
1249 3781 1290 3854 sie
1316 3791 1352 3850 de

123 3896 177 3956 boe
196 3912 363 3976 argumento
387 3899 558 3979 scripserat,
574 3911 612 3955 ut
631 3897 731 3956 nullus
758 3911 887 3956 exstaret.
900 3897 934 3958 in
953 3897 1082 3958 oratione
1101 3894 1182 3956 ordo.
1224 3891 1351 3950 Socrates

123 4009 218 4054 autem
238 4017 254 4054 a
273 3994 445 4056 delinitione
461 3995 650 4056 ordiendum
678 3998 838 4078 praecipit,
867 3997 984 4077 ipseque
1012 3994 1048 4054 de
1068 3993 1167 4054 eodem
1186 3998 1349 4070 argumento

121 4093 274 4172 dicturus,
306 4094 365 4167 sie,
396 4096 439 4154 uti
459 4095 664 4170 meminimus,
684 4115 806 4158 amorem
827 4094 940 4176 definit.
982 4094 1033 4156 Est
1054 4093 1124 4167 ille,
1145 4093 1206 4166 ait,
1235 4080 1255 4168 η’
1279 4079 1346 4146 ἄνευ

158 4407 184 4471 1)
206 4408 377 4460 Continentur
401 4409 464 4460 haee
482 4411 580 4460 litator.
606 4409 623 4459 l.
648 4407 687 4460 ct.
709 4407 738 4458 ll.
761 4406 783 4458 1.

155 4491 182 4546 2)
203 4495 280 4546 Initia
301 4512 325 4562 p.
349 4493 407 4569 Ι261.
