2872 5122
724 273 765 332 92

154 405 255 518 pulcro
281 449 310 493 et
337 433 446 492 artibus
477 432 612 509 doetrina-
640 433 866 510 confundamus,
895 435 1068 517 diligantim
1089 438 1143 500 boc
1173 389 1364 520 exponendum

154 535 279 595 ridetur.

193 636 235 692 De
263 629 373 692 artibus
401 643 430 690 et
457 651 568 690 summo
595 628 667 704 illo,
697 629 775 709 quod
802 631 910 691 imitari
938 631 1062 692 artifices
1087 632 1189 709 decet,
1218 636 1365 716 proposito,

153 730 315 811 praeclarus
340 742 386 788 est
405 728 552 788 Ciceronis
576 727 655 788 locus
678 727 732 788 illo
756 728 789 786 in
803 727 905 804 libro,
930 749 986 808 quo
1012 731 1171 810 perfectum
1197 732 1366 794 adiimbravit
1433 755 1434 776 ³

152 835 283 888 orator-ir
298 826 472 907 exemplum.
518 829 627 904 «Atque
644 845 694 906 ego
712 827 745 886 in
767 847 875 886 summo
890 841 999 888 oratore
1017 827 1155 909 fingendo
1179 830 1265 893 talem
1283 832 1366 888 infor-

152 927 253 1001 mabo,
274 925 368 1005 qualis
382 925 501 984 fortasse
517 945 599 984 nemo
614 925 680 984 fuit.
722 925 786 984 Non
805 926 883 985 enim
900 947 1024 1006 quaero,
1037 929 1102 1005 quis
1113 928 1225 1002 fuerit,
1243 927 1293 988 sed
1306 927 1367 1016 quid
1428 935 1434 974 Ἀ

153 1027 191 1086 sit
208 1021 304 1099 illud,
325 1044 381 1102 quo
401 1022 479 1086 nihil
497 1023 587 1103 possit
601 1043 660 1082 esse
674 1024 882 1104 praestantius:
905 1022 984 1106 quod
1003 1025 1036 1085 in
1055 1027 1244 1106 perpetuitate
1260 1025 1367 1086 dicendi
1428 1067 1429 1098 ,

153 1144 214 1184 nau
232 1143 333 1203 saepe,
364 1135 448 1200 atque
469 1120 548 1182 haud
572 1122 630 1182 scio
648 1143 686 1181 an
711 1143 854 1201 unquam,
879 1123 911 1182 in
939 1122 1035 1200 aliqua
1060 1138 1154 1183 autem
1179 1138 1259 1204 parte
1286 1123 1369 1182 elucet
1427 1141 1428 1152 ¹

154 1219 331 1299 aliquando,
352 1217 430 1278 idem
449 1217 526 1295 aqud
545 1218 615 1277 alios
629 1218 765 1294 densius,
786 1219 865 1300 apud
884 1220 956 1278 alios
974 1220 1091 1280 fortasse
1110 1221 1211 1292 rarius.
1253 1219 1309 1280 Sed
1326 1241 1369 1299 ego
1427 1209 1434 1270 ³,

153 1320 193 1378 sic
214 1331 325 1392 statuo,
348 1315 426 1376 nihil
444 1336 502 1376 esse
527 1316 559 1378 in
579 1309 640 1377 ullo
662 1337 764 1396 genere
788 1331 846 1376 tam
870 1317 1005 1398 pulcrum
1014 1363 1024 1394 ‚
1044 1340 1100 1400 quo
1120 1340 1180 1380 non
1197 1318 1325 1400 pulcrius
1343 1317 1369 1376 id

151 1419 203 1490 sit,
225 1415 304 1475 unde
323 1414 420 1492 illud,
442 1428 474 1473 ut
492 1435 528 1473 ex
545 1435 594 1474 ore
614 1414 730 1492 aliquo,
751 1416 832 1494 quasi
858 1417 950 1496 imago
973 1417 1167 1496 exprimatur,
1190 1417 1268 1496 quod
1286 1436 1369 1494 neque
1433 1457 1434 1466 2

151 1515 242 1574 oculis
262 1534 355 1594 neque
368 1511 495 1576 ¹auribus
513 1532 606 1590 neque
627 1510 687 1571 ullo
708 1535 794 1573 sensu
812 1514 923 1602 percipi
942 1527 1050 1596 potest:
1072 1515 1243 1593 cogitatione
1268 1527 1370 1573 tantum
1433 1545 1434 1550 κ

150 1626 179 1670 et
197 1625 292 1671 mente
308 1609 537 1690 complectimur.
567 1609 666 1687 Itaque
686 1625 714 1670 et
729 1611 850 1670 Phidiae
866 1611 1042 1686 simulacris,
1063 1612 1168 1690 quibus
1183 1612 1260 1671 nihil
1280 1612 1313 1672 in
1327 1610 1372 1669 illo

151 1730 253 1788 genere
271 1710 428 1790 perfectius
455 1699 605 1782 videmus,
626 1709 805 1788 -cogitare
829 1723 925 1768 tamen
953 1731 1100 1790 possumus
1127 1710 1281 1792 pulcriora.
1322 1711 1372 1768 Nec

153 1829 222 1868 vero
241 1806 291 1867 ille
311 1807 435 1882 artifex,
456 1827 521 1866 cum
540 1805 647 1865 faceret
664 1807 744 1867 Jovis
765 1807 884 1866 formam
906 1807 1142 1882 autMinervae,
1165 1807 1373 1890 contemplaba-
1430 1873 1432 1876 ¹

155 1920 202 1966 tur
220 1904 363 1984 aliquem,
383 1927 397 1964 e
416 1927 472 1986 quo
491 1903 714 1964 similitudinem
734 1904 870 1981 duceret5
891 1903 942 1964 sed
961 1905 1051 1986 ipsius
1069 1905 1100 1965 in
1119 1919 1214 1964 mente
1236 1905 1374 1965 insidebat
1427 1927 1434 1977 ¹,

156 2005 264 2084 species
284 2003 495 2084 pulcritudinis
518 2003 623 2060 eximia
643 2001 802 2080 quaedam,
823 2023 908 2082 quam
935 2003 1070 2076 intuens,
1092 2003 1124 2062 in
1142 2025 1230 2081 eaque
1249 2003 1373 2074 defixus,
1433 2045 1434 2076 ,

155 2101 192 2161 ad
212 2101 293 2162 illius
320 2101 542 2170 similitudinem
566 2115 654 2159 artem
679 2114 707 2158 et
731 2121 846 2158 manum
866 2101 1018 2180 dirigebat.
1059 2101 1100 2161 Ut
1124 2101 1212 2181 igitur
1231 2103 1263 2160 in
1283 2102 1375 2160 formis
1433 2143 1434 2150 κ

154 2213 182 2258 et
202 2199 300 2280 liguris
320 2213 361 2258 est
377 2198 490 2280 aliquid
509 2199 669 2279 perfectum
688 2212 716 2256 et
736 2197 900 2272 excellens,
922 2200 1003 2276 cujus
1025 2198 1063 2258 ad
1085 2199 1234 2279 cogitatam
1258 2200 1374 2280 speciem
1427 2221 1428 2228 ¹

1 2355 7 2368 ,
155 2296 295 2356 imitando
314 2298 480 2355 referuntur
498 2317 549 2371 ea,
570 2316 642 2375 quae
664 2296 717 2354 sub
737 2295 834 2354 oculos
852 2292 914 2376 ipsa
932 2290 1059 2356 cadunt:
1074 2298 1120 2359 'sic
1150 2297 1292 2377 perfectae
1319 2297 1375 2356 elo·
1429 2343 1434 2360 κ,

67 2375 70 2386 ,
154 2395 288 2473 quentiae
307 2395 429 2474 speciem
443 2395 538 2454 animo
548 2393 679 2454 ridemus
688 2439 697 2468 ,
710 2386 841 2472 'effigiem
857 2388 975 2454 auribus
988 2395 1179 2473 quaerimusis
1197 2381 1226 2474 1)
1243 2389 1375 2454 Similiter

155 2493 249 2568 Plato,
271 2493 315 2569 cuj
321 2513 352 2551 us
366 2491 537 2551 sententiam
549 2489 596 2552 his
611 2491 707 2551 verbis
721 2483 859 2570 expressit
869 2491 977 2552 Cicero.
989 2491 1021 2572 2)
1047 2493 1157 2551 Imitari
1171 2490 1195 2551 is
1209 2494 1277 2552 item
1286 2507 1376 2552 censet

156 2593 277 2673 optimos
304 2611 428 2669 quosque
457 2584 597 2664 artifices,
619 2612 678 2649 non
697 2587 774 2667 quod
788 2589 918 2648 sensibus
932 2605 1050 2670 apparet
1064 2589 1215 2672 pulcrum,
1234 2587 1284 2649 sed
1304 2589 1375 2669 quod
1430 2625 1431 2656 r

158 2708 251 2768 neque
266 2684 369 2762 oculis,
395 2709 487 2766 neque
506 2689 642 2761 auribus,
663 2708 756 2765 neque
774 2685 835 2745 ullo
853 2707 938 2745 sensu
953 2689 1063 2772 percipi
1081 2702 1172 2769 potest
1183 2711 1192 2752 :2
1211 2689 1376 2768 cogitatione
1428 2657 1432 2743 l

156 2801 269 2846 tantum
283 2801 415 2846 etmente
433 2783 657 2867 complectimur.
678 2783 715 2844 Et
732 2784 786 2842 hoc
806 2805 864 2842 esse
884 2783 1000 2844 videtur
1020 2785 1205 2861 aestbeticae,
1226 2807 1312 2864 quam
1332 2806 1377 2844 nos

158 2906 309 2958 vocamus,
338 2877 460 2943 sublime
486 2881 630 2963 quoddam
653 2881 840 2963 principium.
876 2881 963 2940 Haud
991 2885 1067 2942 enim
1086 2877 1217 2958 'sufficit‚
1241 2878 1377 2942 imitando
1433 2955 1434 2964 ἵ

159 2983 346 3063 expressisse,
370 2983 489 3060 quaein
509 3000 603 3041 rerum
620 2996 721 3054 natura
740 2977 845 3039 adsunt
855 3005 862 3056 3
878 2979 910 3039 id
931 3001 997 3040 vero
1017 2981 1085 3040 artis
1103 2983 1251 3062 proprium
1271 2993 1330 3054 est,
1351 2993 1377 3038 ct

159 3095 272 3163 superet
291 3095 439 3140 naturam:
461 3082 493 3140 in
512 3103 568 3159 quo
588 3083 648 3160 ejus
667 3079 804 3162 perfectio
823 3092 851 3136 et
871 3080 915 3138 vis
934 3077 1037 3139 divina
1056 3081 1193 3139 cernitur.
1221 3079 1278 3139 Sed
1296 3080 1377 3138 altius

159 3183 244 3240 etiam
264 3179 417 3259 spectabat.
439 3179 519 3238 Plato
538 3159 660 3238 artificis
681 3177 787 3236 imitari
802 3175 923 3252 jubebat
942 3197 1002 3236 non
1021 3177 1131 3251 solum,
1152 3177 1229 3256 quod
1248 3177 1377 3258 pulcrum

160 3293 232 3338 esset
250 3277 489 3357 vehementerque
506 3277 650 3358 placeret,
672 3275 722 3334 sed
742 3273 820 3354 qnod
839 3277 944 3332 bonum
963 3289 1034 3333 esset
1054 3275 1156 3350 simul,
1176 3289 1307 3354 recteque
1330 3296 1377 3333 ex-

159 3393 286 3456 pressum
304 3376 420 3436 virtutis
438 3377 575 3435 excitaret
594 3389 727 3434 amorem.
768 3373 804 3430 In
823 3372 902 3430 omui
925 3371 961 3430 de
981 3371 1083 3452 pulcro
1104 3372 1299 3454 disputatione
1317 3388 1376 3430 cum

159 3488 307 3534 venustate
325 3487 353 3533 et
372 3475 460 3554 gratia
480 3471 632 3532 utilitatem
648 3471 765 3550 jungit:
789 3469 907 3529 utilitati
922 3469 994 3528 adeo
1008 3469 1110 3529 tribuit
1124 3471 1292 3552 plurimum.
1314 3471 1376 3529 Tria

154 3573 321 3647 sunt‚'ait,
344 3573 377 3630 in
396 3571 488 3631 nullis
507 3589 567 3629 non
584 3569 670 3628 rebus
688 3568 913 3648 distinguenda,
933 3561 1035 3648 χάρις,
1063 3563 1214 3650 ὀρθότης,
1238 3563 1375 3650 audura,

154 3691 277 3748 quorum
299 3671 485 3750 praecipuum
509 3682 549 3726 est
579 3681 607 3727 ct
635 3666 677 3724 rei
702 3667 841 3744 cujusque
863 3668 932 3731 finis
959 3664 1099 3751 ω’φέλεια,
1126 3683 1211 3750 quam
1231 3665 1375 3752 ὀρθότητι

159 3767 349 3845 assequimur:
371 3767 484 3826 accedit
500 3780 595 3825 antem
612 3765 728 3844 utrique
747 3758 843 3846 χάρις.
878 3769 987 3844 Quodsi
1006 3775 1181 3854 quaerimus,
1201 3790 1274 3851 quae
1294 3775 1330 3832 sir
1347 3775 1374 3832 in

160 3864 270 3926 artibus
290 3857 439 3946 ἅρθότηςε
460 3880 527 3924 sunt
542 3864 610 3922 illae
630 3859 786 3927 eluminat
805 3871 866 3931 sive
885 3870 1052 3951 μιμητικαό,
1073 3893 1144 3949 quae
1162 3871 1285 3929 musicae
1298 3873 1374 3930 etiam

160 3963 232 4022 ratio
261 3981 306 4027 est,
323 3993 357 4010 u·
375 3987 442 4026 nam
468 3957 563 4024 noina
587 3956 625 4023 roi
651 3964 719 4048 arpi
745 3963 838 4051 αὐτήν
863 3967 925 4032 ἐστι
950 3966 1102 4054 ποιήματα
1125 3964 1250 4048 μίμησίς
1276 3989 1307 4028 τε
1332 3967 1376 4028 rui
1433 3983 1434 4056 q

158 4055 308 4124 ἀπεικασία
326 4107 357 4116 -
380 4067 530 4143 quocirca,
551 4077 582 4124 ut
602 4059 761 4150 ὀρθότητα
781 4073 925 4149 babeant,
948 4074 1054 4134 babere
1073 4073 1181 4134 debent
1201 4064 1256 4152 τήν
1278 4063 1375 4149 ὁμοιό-

158 4185 233 4243 τητα
253 4163 297 4250 τῷ
317 4164 371 4226 rori
392 4163 482 4224 καλοῦ
502 4158 662 4250 proripere,
704 4170 821 4230 Scilicet
845 4193 889 4232 res
913 4191 979 4234 vere
999 4171 1119 4254 pulcrae
1136 4163 1297 4253 μιμήματα
1316 4185 1375 4236 sunt
1433 4211 1434 4250 ,

194 4375 419 4440 numana

194 4459 221 4518 2l
240 4461 279 4514 cf.
297 4479 323 4514 v.
343 4480 365 4514 c.
387 4463 424 4514 Dc
438 4464 498 4532 liep.
518 4463 559 4515 Vl.
577 4463 635 4516 501.
653 4464 683 4516 B.
704 4473 730 4517 et
747 4462 813 4518 Μ’
826 4464 854 4517 C.
