<?xml version="1.0" encoding="UTF-8"?>
<!DOCTYPE html PUBLIC "-//W3C//DTD XHTML 1.0 Transitional//EN"
    "http://www.w3.org/TR/xhtml1/DTD/xhtml1-transitional.dtd">
<html xmlns="http://www.w3.org/1999/xhtml" xml:lang="en" lang="en">
 <head>
  <title>
</title>
<meta http-equiv="Content-Type" content="text/html;charset=utf-8" />
  <meta name='ocr-system' content='tesseract 3.04.00' />
  <meta name='ocr-capabilities' content='ocr_page ocr_carea ocr_par ocr_line ocrx_word'/>
</head>
<body>
  <div class='ocr_page' id='page_1' title='image "./initiaphilosoph02heusgoog_0495.png"; bbox 0 0 2886 5118; ppageno 0'>
   <div class='ocr_carea' id='block_1_1' title="bbox 706 230 767 296">
    <p class='ocr_par' dir='ltr' id='par_1_1' title="bbox 706 230 767 296">
     <span class='ocr_line' id='line_1_1' title="bbox 706 230 767 296; baseline -0.066 -1"><span class='ocrx_word' id='word_1_1' title='bbox 706 230 767 296; x_wconf 73' lang='lat' dir='ltr'>trs</span> 
     </span>
    </p>
   </div>
   <div class='ocr_carea' id='block_1_2' title="bbox 113 400 1385 2857">
    <p class='ocr_par' dir='ltr' id='par_1_2' title="bbox 113 400 1385 2857">
     <span class='ocr_line' id='line_1_2' title="bbox 123 400 1349 482; baseline 0.005 -24"><span class='ocrx_word' id='word_1_2' title='bbox 123 423 183 460; x_wconf 88' lang='lat' dir='ltr'>non</span> <span class='ocrx_word' id='word_1_3' title='bbox 210 400 371 479; x_wconf 73' lang='lat' dir='ltr'>intelligis,</span> <span class='ocrx_word' id='word_1_4' title='bbox 391 401 492 480; x_wconf 81' lang='lat' dir='ltr'>pueris</span> <span class='ocrx_word' id='word_1_5' title='bbox 516 421 569 460; x_wconf 88' lang='lat' dir='ltr'>nos</span> <span class='ocrx_word' id='word_1_6' title='bbox 588 401 715 482; x_wconf 84' lang='lat' dir='ltr'>primum</span> <span class='ocrx_word' id='word_1_7' title='bbox 734 400 848 460; x_wconf 75' lang='lat' dir='ltr'>fabulas</span> <span class='ocrx_word' id='word_1_8' title='bbox 869 403 1011 460; x_wconf 71' lang='lat' dir='ltr'>narare?</span> <span class='ocrx_word' id='word_1_9' title='bbox 1032 400 1088 460; x_wconf 79' lang='lat' dir='ltr'>bae</span> <span class='ocrx_word' id='word_1_10' title='bbox 1108 415 1217 478; x_wconf 80' lang='lat' dir='ltr'>eutem,</span> <span class='ocrx_word' id='word_1_11' title='bbox 1238 419 1270 464; x_wconf 81' lang='lat' dir='ltr'>ut</span> <span class='ocrx_word' id='word_1_12' title='bbox 1286 407 1349 464; x_wconf 85' lang='lat' dir='ltr'>uui-</span> 
     </span>
     <span class='ocr_line' id='line_1_3' title="bbox 122 497 1385 580; baseline 0.006 -24"><span class='ocrx_word' id='word_1_13' title='bbox 122 521 202 558; x_wconf 79' lang='lat' dir='ltr'>versc</span> <span class='ocrx_word' id='word_1_14' title='bbox 228 499 342 572; x_wconf 89' lang='lat' dir='ltr'>dicam,</span> <span class='ocrx_word' id='word_1_15' title='bbox 369 497 459 556; x_wconf 79' lang='lat' dir='ltr'>falsae</span> <span class='ocrx_word' id='word_1_16' title='bbox 488 512 576 557; x_wconf 89' lang='lat' dir='ltr'>sunt:</span> <span class='ocrx_word' id='word_1_17' title='bbox 608 500 710 558; x_wconf 87' lang='lat' dir='ltr'>insunt</span> <span class='ocrx_word' id='word_1_18' title='bbox 737 514 833 558; x_wconf 74' lang='lat' dir='ltr'>tamen</span> <span class='ocrx_word' id='word_1_19' title='bbox 863 500 948 558; x_wconf 85' lang='lat' dir='ltr'>ctiam</span> <span class='ocrx_word' id='word_1_20' title='bbox 978 519 1063 574; x_wconf 65' lang='grc' dir='ltr'>νοτες</span> <span class='ocrx_word' id='word_1_21' title='bbox 1092 501 1174 580; x_wconf 89' lang='lat' dir='ltr'>prius</span> <span class='ocrx_word' id='word_1_22' title='bbox 1201 515 1293 562; x_wconf 86' lang='lat' dir='ltr'>autem</span> <span class='ocrx_word' id='word_1_23' title='bbox 1310 505 1350 562; x_wconf 80' lang='lat' dir='ltr'>fa-</span> <span class='ocrx_word' id='word_1_24' title='bbox 1380 565 1385 574; x_wconf 67' lang='grc'>,</span> 
     </span>
     <span class='ocr_line' id='line_1_4' title="bbox 123 596 1349 681; baseline 0.005 -25"><span class='ocrx_word' id='word_1_25' title='bbox 123 597 204 670; x_wconf 84' lang='lat' dir='ltr'>bulis¹</span> <span class='ocrx_word' id='word_1_26' title='bbox 221 596 259 657; x_wconf 82' lang='lat' dir='ltr'>ad</span> <span class='ocrx_word' id='word_1_27' title='bbox 278 618 398 677; x_wconf 89' lang='lat' dir='ltr'>pueros,</span> <span class='ocrx_word' id='word_1_28' title='bbox 418 618 503 674; x_wconf 83' lang='lat' dir='ltr'>quam</span> <span class='ocrx_word' id='word_1_29' title='bbox 523 599 682 676; x_wconf 78' lang='lat' dir='ltr'>gymnasiis</span> <span class='ocrx_word' id='word_1_30' title='bbox 703 600 877 657; x_wconf 86' lang='lat' dir='ltr'>utimur...</span> <span class='ocrx_word' id='word_1_31' title='bbox 896 597 966 671; x_wconf 69' lang='lat' dir='ltr'>Est,</span> <span class='ocrx_word' id='word_1_32' title='bbox 989 611 1021 656; x_wconf 84' lang='lat' dir='ltr'>nt</span> <span class='ocrx_word' id='word_1_33' title='bbox 1052 597 1138 658; x_wconf 90' lang='lat' dir='ltr'>dicis.</span> <span class='ocrx_word' id='word_1_34' title='bbox 1158 637 1193 647; x_wconf 93' lang='lat'>—</span> <span class='ocrx_word' id='word_1_35' title='bbox 1213 602 1274 660; x_wconf 85' lang='lat' dir='ltr'>Hoc</span> <span class='ocrx_word' id='word_1_36' title='bbox 1292 623 1349 681; x_wconf 80' lang='lat' dir='ltr'>ergo</span> 
     </span>
     <span class='ocr_line' id='line_1_5' title="bbox 123 695 1351 779; baseline 0.002 -26"><span class='ocrx_word' id='word_1_37' title='bbox 123 696 274 768; x_wconf 79' lang='lat' dir='ltr'>volebam,</span> <span class='ocrx_word' id='word_1_38' title='bbox 303 717 370 754; x_wconf 90' lang='lat' dir='ltr'>cum</span> <span class='ocrx_word' id='word_1_39' title='bbox 395 695 540 769; x_wconf 75' lang='lat' dir='ltr'><strong>dicerem,</strong></span> <span class='ocrx_word' id='word_1_40' title='bbox 560 695 741 756; x_wconf 71' lang='lat' dir='ltr'>masadam</span> <span class='ocrx_word' id='word_1_41' title='bbox 769 696 851 776; x_wconf 90' lang='lat' dir='ltr'>prius</span> <span class='ocrx_word' id='word_1_42' title='bbox 870 715 931 754; x_wconf 86' lang='lat' dir='ltr'>esse</span> <span class='ocrx_word' id='word_1_43' title='bbox 949 696 1106 771; x_wconf 86' lang='lat' dir='ltr'>musicam,</span> <span class='ocrx_word' id='word_1_44' title='bbox 1126 719 1213 776; x_wconf 85' lang='lat' dir='ltr'>quam</span> <span class='ocrx_word' id='word_1_45' title='bbox 1231 720 1351 779; x_wconf 76' lang='lat' dir='ltr'>gymnas·</span> 
     </span>
     <span class='ocr_line' id='line_1_6' title="bbox 121 785 1351 877; baseline 0.005 -25"><span class='ocrx_word' id='word_1_46' title='bbox 121 795 217 854; x_wconf 86' lang='lat' dir='ltr'>ticam.</span> <span class='ocrx_word' id='word_1_47' title='bbox 237 821 274 832; x_wconf 94' lang='grc'><strong>-</strong></span> <span class='ocrx_word' id='word_1_48' title='bbox 293 796 391 854; x_wconf 81' lang='lat' dir='ltr'>Recte.</span> <span class='ocrx_word' id='word_1_49' title='bbox 420 817 457 830; x_wconf 62' lang='lat'>*-</span> <span class='ocrx_word' id='word_1_50' title='bbox 492 787 607 854; x_wconf 65' lang='grc' dir='ltr'><strong><em>Οὐκοῦν</em></strong></span> <span class='ocrx_word' id='word_1_51' title='bbox 641 787 724 856; x_wconf 71' lang='grc' dir='ltr'><strong><em>οἶσθ’</em></strong></span> <span class='ocrx_word' id='word_1_52' title='bbox 756 785 804 855; x_wconf 80' lang='grc' dir='ltr'>ὅτι</span> <span class='ocrx_word' id='word_1_53' title='bbox 834 787 919 872; x_wconf 60' lang='lat' dir='ltr'>dom*</span> <span class='ocrx_word' id='word_1_54' title='bbox 949 785 1063 867; x_wconf 52' lang='lat' dir='ltr'>narro}</span> <span class='ocrx_word' id='word_1_55' title='bbox 1090 790 1180 875; x_wconf 75' lang='grc' dir='ltr'><strong><em>ἔργον</em></strong></span> <span class='ocrx_word' id='word_1_56' title='bbox 1209 793 1351 877; x_wconf 73' lang='grc' dir='ltr'><strong><em>μέγιστον,</em></strong></span> 
     </span>
     <span class='ocr_line' id='line_1_7' title="bbox 121 885 1351 982; baseline 0.007 -28"><span class='ocrx_word' id='word_1_57' title='bbox 121 885 218 966; x_wconf 63' lang='lat' dir='ltr'>dung</span> <span class='ocrx_word' id='word_1_58' title='bbox 239 915 272 953; x_wconf 75' lang='lat' dir='ltr'>rs</span> <span class='ocrx_word' id='word_1_59' title='bbox 293 891 343 952; x_wconf 79' lang='grc' dir='ltr'>καὶ</span> <span class='ocrx_word' id='word_1_60' title='bbox 370 888 428 976; x_wconf 77' lang='grc' dir='ltr'>νέῳ</span> <span class='ocrx_word' id='word_1_61' title='bbox 449 894 500 956; x_wconf 73' lang='grc' dir='ltr'>καὶ</span> <span class='ocrx_word' id='word_1_62' title='bbox 520 889 627 981; x_wconf 54' lang='lat' dir='ltr'>medici</span> <span class='ocrx_word' id='word_1_63' title='bbox 650 890 780 982; x_wconf 80' lang='grc' dir='ltr'><em>ὁτῳοῦν;</em></span> <span class='ocrx_word' id='word_1_64' title='bbox 804 889 934 974; x_wconf 76' lang='grc' dir='ltr'>μάλιστα</span> <span class='ocrx_word' id='word_1_65' title='bbox 961 889 1020 976; x_wconf 71' lang='grc' dir='ltr'>γὰρ</span> <span class='ocrx_word' id='word_1_66' title='bbox 1044 891 1085 977; x_wconf 71' lang='lat' dir='ltr'>oq*</span> <span class='ocrx_word' id='word_1_67' title='bbox 1112 890 1180 958; x_wconf 69' lang='lat' dir='ltr'>ro‘re</span> <span class='ocrx_word' id='word_1_68' title='bbox 1204 894 1351 962; x_wconf 72' lang='grc' dir='ltr'>πλόππιο</span> 
     </span>
     <span class='ocr_line' id='line_1_8' title="bbox 120 989 1352 1086; baseline 0.003 -28"><span class='ocrx_word' id='word_1_69' title='bbox 120 996 171 1058; x_wconf 80' lang='grc' dir='ltr'>καὶ</span> <span class='ocrx_word' id='word_1_70' title='bbox 203 989 337 1056; x_wconf 73' lang='lat' dir='ltr'>e&#39;vdrirrut</span> <span class='ocrx_word' id='word_1_71' title='bbox 361 990 468 1072; x_wconf 66' lang='grc' dir='ltr'><strong><em>τύπος,</em></strong></span> <span class='ocrx_word' id='word_1_72' title='bbox 503 994 538 1060; x_wconf 77' lang='grc' dir='ltr'>ὃν</span> <span class='ocrx_word' id='word_1_73' title='bbox 571 991 608 1059; x_wconf 79' lang='lat' dir='ltr'>dr</span> <span class='ocrx_word' id='word_1_74' title='bbox 640 1021 685 1072; x_wconf 84' lang='grc' dir='ltr'>τις</span> <span class='ocrx_word' id='word_1_75' title='bbox 716 992 860 1079; x_wconf 75' lang='grc' dir='ltr'>βοόλήτω</span> <span class='ocrx_word' id='word_1_76' title='bbox 896 992 1128 1079; x_wconf 73' lang='grc' dir='ltr'>ἒνοημήνιοιθοι</span> <span class='ocrx_word' id='word_1_77' title='bbox 1161 995 1290 1086; x_wconf 70' lang='grc' dir='ltr'><em>ἑκάστῳ·</em></span> <span class='ocrx_word' id='word_1_78' title='bbox 1318 1027 1352 1062; x_wconf 81' lang='lat' dir='ltr'>on</span> 
     </span>
     <span class='ocr_line' id='line_1_9' title="bbox 123 1093 1352 1183; baseline 0.005 -25"><span class='ocrx_word' id='word_1_79' title='bbox 123 1107 236 1172; x_wconf 79' lang='lat' dir='ltr'>nescis,</span> <span class='ocrx_word' id='word_1_80' title='bbox 264 1105 299 1155; x_wconf 84' lang='lat' dir='ltr'>in</span> <span class='ocrx_word' id='word_1_81' title='bbox 325 1121 507 1178; x_wconf 78' lang='lat' dir='ltr'>unoquoque</span> <span class='ocrx_word' id='word_1_82' title='bbox 526 1123 561 1160; x_wconf 84' lang='lat' dir='ltr'>re</span> <span class='ocrx_word' id='word_1_83' title='bbox 577 1109 768 1178; x_wconf 81' lang='lat' dir='ltr'>principium</span> <span class='ocrx_word' id='word_1_84' title='bbox 786 1108 920 1161; x_wconf 77' lang='lat' dir='ltr'>omniurn</span> <span class='ocrx_word' id='word_1_85' title='bbox 939 1093 1002 1160; x_wconf 73' lang='lat' dir='ltr'>esse</span> <span class='ocrx_word' id='word_1_86' title='bbox 1019 1111 1207 1178; x_wconf 71' lang='lat' dir='ltr'>maximum,</span> <span class='ocrx_word' id='word_1_87' title='bbox 1221 1125 1352 1183; x_wconf 75' lang='lat' dir='ltr'>prom-</span> 
     </span>
     <span class='ocr_line' id='line_1_10' title="bbox 123 1201 1353 1280; baseline 0.002 -24"><span class='ocrx_word' id='word_1_88' title='bbox 123 1207 181 1256; x_wconf 82' lang='lat' dir='ltr'>tim</span> <span class='ocrx_word' id='word_1_89' title='bbox 193 1207 308 1275; x_wconf 76' lang='lat' dir='ltr'>juveni</span> <span class='ocrx_word' id='word_1_90' title='bbox 334 1209 365 1257; x_wconf 84' lang='lat' dir='ltr'>et</span> <span class='ocrx_word' id='word_1_91' title='bbox 385 1210 488 1258; x_wconf 80' lang='lat' dir='ltr'>tenero</span> <span class='ocrx_word' id='word_1_92' title='bbox 505 1201 639 1278; x_wconf 77' lang='lat' dir='ltr'>cuique?</span> <span class='ocrx_word' id='word_1_93' title='bbox 665 1209 797 1258; x_wconf 74' lang='lat' dir='ltr'>mosim</span> <span class='ocrx_word' id='word_1_94' title='bbox 813 1207 895 1258; x_wconf 80' lang='lat' dir='ltr'>enim</span> <span class='ocrx_word' id='word_1_95' title='bbox 914 1201 1136 1280; x_wconf 72' lang='lat' dir='ltr'>tumfingstar</span> <span class='ocrx_word' id='word_1_96' title='bbox 1162 1206 1353 1280; x_wconf 72' lang='lat' dir='ltr'>induiturque</span> 
     </span>
     <span class='ocr_line' id='line_1_11' title="bbox 113 1299 1352 1377; baseline 0.001 -21"><span class='ocrx_word' id='word_1_97' title='bbox 113 1301 243 1373; x_wconf 81' lang='lat' dir='ltr'>formo,</span> <span class='ocrx_word' id='word_1_98' title='bbox 270 1319 361 1376; x_wconf 79' lang='lat' dir='ltr'>quam</span> <span class='ocrx_word' id='word_1_99' title='bbox 386 1306 456 1376; x_wconf 81' lang='lat' dir='ltr'>quir</span> <span class='ocrx_word' id='word_1_100' title='bbox 478 1306 644 1377; x_wconf 79' lang='lat' dir='ltr'>uuicuique</span> <span class='ocrx_word' id='word_1_101' title='bbox 659 1306 838 1376; x_wconf 75' lang='lat' dir='ltr'><strong><em>imprimere</em></strong></span> <span class='ocrx_word' id='word_1_102' title='bbox 855 1299 938 1358; x_wconf 81' lang='lat' dir='ltr'>uelit.</span> <span class='ocrx_word' id='word_1_103' title='bbox 957 1335 995 1344; x_wconf 98' lang='lat'>-</span> <span class='ocrx_word' id='word_1_104' title='bbox 1013 1299 1153 1359; x_wconf 87' lang='lat' dir='ltr'>Omnino.</span> <span class='ocrx_word' id='word_1_105' title='bbox 1173 1341 1210 1350; x_wconf 90' lang='lat'><em>-</em></span> <span class='ocrx_word' id='word_1_106' title='bbox 1230 1300 1352 1360; x_wconf 80' lang='lat' dir='ltr'>Facilenc</span> 
     </span>
     <span class='ocr_line' id='line_1_12' title="bbox 123 1395 1352 1478; baseline 0.002 -25"><span class='ocrx_word' id='word_1_107' title='bbox 123 1396 213 1475; x_wconf 82' lang='lat' dir='ltr'>igitur</span> <span class='ocrx_word' id='word_1_108' title='bbox 242 1397 390 1471; x_wconf 89' lang='lat' dir='ltr'>sinemus,</span> <span class='ocrx_word' id='word_1_109' title='bbox 418 1397 564 1475; x_wconf 85' lang='lat' dir='ltr'>quaslibet</span> <span class='ocrx_word' id='word_1_110' title='bbox 592 1396 708 1457; x_wconf 82' lang='lat' dir='ltr'>fabulas</span> <span class='ocrx_word' id='word_1_111' title='bbox 732 1418 749 1455; x_wconf 87' lang='lat' dir='ltr'>a</span> <span class='ocrx_word' id='word_1_112' title='bbox 774 1395 998 1474; x_wconf 84' lang='lat' dir='ltr'>quibuscunque</span> <span class='ocrx_word' id='word_1_113' title='bbox 1018 1396 1102 1456; x_wconf 84' lang='lat' dir='ltr'>fictas</span> <span class='ocrx_word' id='word_1_114' title='bbox 1118 1398 1224 1458; x_wconf 82' lang='lat' dir='ltr'>audire</span> <span class='ocrx_word' id='word_1_115' title='bbox 1242 1417 1352 1478; x_wconf 88' lang='lat' dir='ltr'>pueros,</span> 
     </span>
     <span class='ocr_line' id='line_1_13' title="bbox 123 1493 1352 1577; baseline 0.002 -26"><span class='ocrx_word' id='word_1_116' title='bbox 123 1495 286 1575; x_wconf 79' lang='lat' dir='ltr'>animisque</span> <span class='ocrx_word' id='word_1_117' title='bbox 313 1493 455 1555; x_wconf 79' lang='lat' dir='ltr'>imbibere</span> <span class='ocrx_word' id='word_1_118' title='bbox 482 1495 636 1577; x_wconf 83' lang='lat' dir='ltr'>opiniones</span> <span class='ocrx_word' id='word_1_119' title='bbox 663 1509 695 1554; x_wconf 87' lang='lat' dir='ltr'>ut</span> <span class='ocrx_word' id='word_1_120' title='bbox 723 1493 885 1577; x_wconf 88' lang='lat' dir='ltr'>plurimum</span> <span class='ocrx_word' id='word_1_121' title='bbox 911 1495 1071 1554; x_wconf 84' lang='lat' dir='ltr'>contrarias</span> <span class='ocrx_word' id='word_1_122' title='bbox 1088 1495 1169 1571; x_wconf 87' lang='lat' dir='ltr'>illis,</span> <span class='ocrx_word' id='word_1_123' title='bbox 1189 1519 1279 1575; x_wconf 91' lang='lat' dir='ltr'>quas,</span> <span class='ocrx_word' id='word_1_124' title='bbox 1298 1515 1352 1554; x_wconf 90' lang='lat' dir='ltr'>cum</span> 
     </span>
     <span class='ocr_line' id='line_1_14' title="bbox 122 1592 1354 1667; baseline -0.002 -16"><span class='ocrx_word' id='word_1_125' title='bbox 122 1592 326 1667; x_wconf 82' lang='lat' dir='ltr'>adoleverint,</span> <span class='ocrx_word' id='word_1_126' title='bbox 351 1593 458 1652; x_wconf 88' lang='lat' dir='ltr'>babere</span> <span class='ocrx_word' id='word_1_127' title='bbox 487 1594 554 1652; x_wconf 88' lang='lat' dir='ltr'>illos</span> <span class='ocrx_word' id='word_1_128' title='bbox 581 1593 687 1652; x_wconf 90' lang='lat' dir='ltr'>debere</span> <span class='ocrx_word' id='word_1_129' title='bbox 715 1593 937 1651; x_wconf 80' lang='lat' dir='ltr'>existimemus?</span> <span class='ocrx_word' id='word_1_130' title='bbox 957 1593 1103 1651; x_wconf 82' lang='lat' dir='ltr'>-Nullo</span> <span class='ocrx_word' id='word_1_131' title='bbox 1121 1593 1155 1653; x_wconf 90' lang='lat' dir='ltr'>id</span> <span class='ocrx_word' id='word_1_132' title='bbox 1182 1594 1269 1653; x_wconf 91' lang='lat' dir='ltr'>modo</span> <span class='ocrx_word' id='word_1_133' title='bbox 1286 1594 1354 1652; x_wconf 86' lang='lat' dir='ltr'>sine-</span> 
     </span>
     <span class='ocr_line' id='line_1_15' title="bbox 124 1689 1353 1774; baseline 0 -26"><span class='ocrx_word' id='word_1_134' title='bbox 124 1710 197 1751; x_wconf 92' lang='lat' dir='ltr'>mus.</span> <span class='ocrx_word' id='word_1_135' title='bbox 216 1719 253 1730; x_wconf 92' lang='lat'><em>-</em></span> <span class='ocrx_word' id='word_1_136' title='bbox 270 1692 398 1750; x_wconf 88' lang='lat' dir='ltr'>Primum</span> <span class='ocrx_word' id='word_1_137' title='bbox 426 1693 534 1771; x_wconf 81' lang='lat' dir='ltr'>igitur,</span> <span class='ocrx_word' id='word_1_138' title='bbox 566 1705 598 1750; x_wconf 88' lang='lat' dir='ltr'>nt</span> <span class='ocrx_word' id='word_1_139' title='bbox 628 1691 767 1765; x_wconf 81' lang='lat' dir='ltr'>videtur,</span> <span class='ocrx_word' id='word_1_140' title='bbox 788 1689 954 1748; x_wconf 78' lang='lat' dir='ltr'>fabularum</span> <span class='ocrx_word' id='word_1_141' title='bbox 976 1690 1144 1749; x_wconf 82' lang='lat' dir='ltr'>auctoribus</span> <span class='ocrx_word' id='word_1_142' title='bbox 1163 1691 1353 1774; x_wconf 79' lang='lat' dir='ltr'>imperandum</span> 
     </span>
     <span class='ocr_line' id='line_1_16' title="bbox 123 1785 1353 1868; baseline -0.002 -20"><span class='ocrx_word' id='word_1_143' title='bbox 123 1801 185 1862; x_wconf 84' lang='lat' dir='ltr'>est,</span> <span class='ocrx_word' id='word_1_144' title='bbox 216 1802 265 1863; x_wconf 88' lang='lat' dir='ltr'>et,</span> <span class='ocrx_word' id='word_1_145' title='bbox 292 1791 316 1848; x_wconf 87' lang='lat' dir='ltr'>si</span> <span class='ocrx_word' id='word_1_146' title='bbox 344 1811 431 1868; x_wconf 80' lang='lat' dir='ltr'>quam</span> <span class='ocrx_word' id='word_1_147' title='bbox 459 1789 589 1849; x_wconf 80' lang='lat' dir='ltr'>fabulam</span> <span class='ocrx_word' id='word_1_148' title='bbox 616 1789 724 1848; x_wconf 88' lang='lat' dir='ltr'>bonam</span> <span class='ocrx_word' id='word_1_149' title='bbox 740 1788 897 1861; x_wconf 63' lang='lat' dir='ltr'>iecerint,</span> <span class='ocrx_word' id='word_1_150' title='bbox 927 1785 1169 1864; x_wconf 74' lang='lat' dir='ltr'>adsciscendum,</span> <span class='ocrx_word' id='word_1_151' title='bbox 1200 1791 1247 1848; x_wconf 90' lang='lat' dir='ltr'>sin</span> <span class='ocrx_word' id='word_1_152' title='bbox 1267 1803 1353 1848; x_wconf 77' lang='lat' dir='ltr'>contra</span> 
     </span>
     <span class='ocr_line' id='line_1_17' title="bbox 124 1883 1352 1968; baseline -0.001 -23"><span class='ocrx_word' id='word_1_153' title='bbox 124 1886 250 1960; x_wconf 76' lang='lat' dir='ltr'>maiam,</span> <span class='ocrx_word' id='word_1_154' title='bbox 279 1887 473 1965; x_wconf 88' lang='lat' dir='ltr'>rejiciendum</span> <span class='ocrx_word' id='word_1_155' title='bbox 496 1901 557 1947; x_wconf 86' lang='lat' dir='ltr'>est:</span> <span class='ocrx_word' id='word_1_156' title='bbox 587 1902 651 1946; x_wconf 87' lang='lat' dir='ltr'>tum</span> <span class='ocrx_word' id='word_1_157' title='bbox 670 1888 756 1946; x_wconf 78' lang='lat' dir='ltr'>etium</span> <span class='ocrx_word' id='word_1_158' title='bbox 767 1931 778 1960; x_wconf 96' lang='lat'>,</span> <span class='ocrx_word' id='word_1_159' title='bbox 806 1905 877 1963; x_wconf 88' lang='lat' dir='ltr'>quas</span> <span class='ocrx_word' id='word_1_160' title='bbox 902 1883 1129 1961; x_wconf 76' lang='lat' dir='ltr'>adsciverimus,</span> <span class='ocrx_word' id='word_1_161' title='bbox 1160 1909 1215 1968; x_wconf 84' lang='lat' dir='ltr'>per</span> <span class='ocrx_word' id='word_1_162' title='bbox 1239 1888 1352 1946; x_wconf 80' lang='lat' dir='ltr'>nutrices</span> 
     </span>
     <span class='ocr_line' id='line_1_18' title="bbox 124 1975 1354 2065; baseline 0 -21"><span class='ocrx_word' id='word_1_163' title='bbox 124 1999 154 2044; x_wconf 89' lang='lat' dir='ltr'>et</span> <span class='ocrx_word' id='word_1_164' title='bbox 171 1998 276 2044; x_wconf 81' lang='lat' dir='ltr'>matres</span> <span class='ocrx_word' id='word_1_165' title='bbox 292 1987 391 2065; x_wconf 90' lang='lat' dir='ltr'>pueris</span> <span class='ocrx_word' id='word_1_166' title='bbox 409 1985 569 2046; x_wconf 84' lang='lat' dir='ltr'>narrandas</span> <span class='ocrx_word' id='word_1_167' title='bbox 583 1985 767 2059; x_wconf 88' lang='lat' dir='ltr'>curabimus,</span> <span class='ocrx_word' id='word_1_168' title='bbox 787 1981 838 2043; x_wconf 80' lang='lat' dir='ltr'>stoi</span> <span class='ocrx_word' id='word_1_169' title='bbox 851 1975 987 2042; x_wconf 74' lang='grc' dir='ltr'>πλάττειν</span> <span class='ocrx_word' id='word_1_170' title='bbox 1000 1977 1055 2056; x_wconf 66' lang='grc' dir='ltr'>τὰς</span> <span class='ocrx_word' id='word_1_171' title='bbox 1068 1979 1174 2064; x_wconf 66' lang='grc' dir='ltr'><em>ψυχὰς</em></span> <span class='ocrx_word' id='word_1_172' title='bbox 1196 1979 1295 2046; x_wconf 64' lang='lat' dir='ltr'>arhor</span> <span class='ocrx_word' id='word_1_173' title='bbox 1302 1986 1354 2056; x_wconf 76' lang='grc' dir='ltr'><strong><em>τοῖς</em></strong></span> 
     </span>
     <span class='ocr_line' id='line_1_19' title="bbox 123 2076 1352 2166; baseline -0.003 -21"><span class='ocrx_word' id='word_1_174' title='bbox 123 2076 240 2162; x_wconf 74' lang='grc' dir='ltr'><strong><em>μύθοις</em></strong></span> <span class='ocrx_word' id='word_1_175' title='bbox 261 2078 337 2144; x_wconf 63' lang='lat' dir='ltr'>nolti</span> <span class='ocrx_word' id='word_1_176' title='bbox 357 2082 475 2163; x_wconf 67' lang='lat' dir='ltr'>premor</span> <span class='ocrx_word' id='word_1_177' title='bbox 492 2078 513 2166; x_wconf 80' lang='grc' dir='ltr'><em>ἢ</em></span> <span class='ocrx_word' id='word_1_178' title='bbox 531 2078 571 2144; x_wconf 80' lang='lat' dir='ltr'>rd</span> <span class='ocrx_word' id='word_1_179' title='bbox 593 2076 720 2161; x_wconf 78' lang='grc' dir='ltr'><em>σώματα</em></span> <span class='ocrx_word' id='word_1_180' title='bbox 743 2087 809 2158; x_wconf 83' lang='grc' dir='ltr'><strong><em>ταῖς</em></strong></span> <span class='ocrx_word' id='word_1_181' title='bbox 832 2080 944 2165; x_wconf 74' lang='grc' dir='ltr'><strong><em>χερσίν</em></strong></span> <span class='ocrx_word' id='word_1_182' title='bbox 963 2095 1000 2142; x_wconf 82' lang='lat' dir='ltr'>ut</span> <span class='ocrx_word' id='word_1_183' title='bbox 1017 2092 1154 2162; x_wconf 77' lang='lat' dir='ltr'>ipsorum</span> <span class='ocrx_word' id='word_1_184' title='bbox 1175 2097 1295 2146; x_wconf 72' lang='lat' dir='ltr'>onim</span> <span class='ocrx_word' id='word_1_185' title='bbox 1307 2089 1352 2162; x_wconf 78' lang='lat' dir='ltr'>sc·</span> 
     </span>
     <span class='ocr_line' id='line_1_20' title="bbox 122 2184 1353 2269; baseline -0.003 -24"><span class='ocrx_word' id='word_1_186' title='bbox 122 2189 205 2246; x_wconf 72' lang='lat' dir='ltr'>buliu</span> <span class='ocrx_word' id='word_1_187' title='bbox 231 2189 327 2246; x_wconf 81' lang='lat' dir='ltr'>multo</span> <span class='ocrx_word' id='word_1_188' title='bbox 352 2195 453 2269; x_wconf 79' lang='lat' dir='ltr'>magis</span> <span class='ocrx_word' id='word_1_189' title='bbox 478 2191 664 2263; x_wconf 76' lang='lat' dir='ltr'>informent,</span> <span class='ocrx_word' id='word_1_190' title='bbox 682 2207 774 2264; x_wconf 80' lang='lat' dir='ltr'>quom</span> <span class='ocrx_word' id='word_1_191' title='bbox 799 2207 924 2264; x_wconf 82' lang='lat' dir='ltr'>corporo</span> <span class='ocrx_word' id='word_1_192' title='bbox 943 2186 1112 2244; x_wconf 73' lang='lat' dir='ltr'>morcidus.»</span> <span class='ocrx_word' id='word_1_193' title='bbox 1136 2184 1166 2266; x_wconf 91' lang='lat' dir='ltr'>l)</span> <span class='ocrx_word' id='word_1_194' title='bbox 1209 2187 1264 2244; x_wconf 85' lang='lat' dir='ltr'>His</span> <span class='ocrx_word' id='word_1_195' title='bbox 1281 2185 1353 2243; x_wconf 82' lang='lat' dir='ltr'>dictis</span> 
     </span>
     <span class='ocr_line' id='line_1_21' title="bbox 125 2281 1355 2366; baseline -0.002 -23"><span class='ocrx_word' id='word_1_196' title='bbox 125 2285 241 2363; x_wconf 82' lang='lat' dir='ltr'>longam</span> <span class='ocrx_word' id='word_1_197' title='bbox 261 2283 400 2366; x_wconf 74' lang='lat' dir='ltr'>deinceps</span> <span class='ocrx_word' id='word_1_198' title='bbox 420 2286 549 2345; x_wconf 78' lang='lat' dir='ltr'>Socrates</span> <span class='ocrx_word' id='word_1_199' title='bbox 569 2284 607 2344; x_wconf 89' lang='lat' dir='ltr'>de</span> <span class='ocrx_word' id='word_1_200' title='bbox 629 2284 738 2344; x_wconf 79' lang='lat' dir='ltr'>fabulis</span> <span class='ocrx_word' id='word_1_201' title='bbox 755 2307 821 2344; x_wconf 90' lang='lat' dir='ltr'>cum</span> <span class='ocrx_word' id='word_1_202' title='bbox 842 2281 1014 2356; x_wconf 86' lang='lat' dir='ltr'>Hesiodeis,</span> <span class='ocrx_word' id='word_1_203' title='bbox 1044 2296 1106 2341; x_wconf 86' lang='lat' dir='ltr'>tum</span> <span class='ocrx_word' id='word_1_204' title='bbox 1125 2285 1287 2344; x_wconf 80' lang='lat' dir='ltr'>Homericis</span> <span class='ocrx_word' id='word_1_205' title='bbox 1303 2282 1355 2341; x_wconf 88' lang='lat' dir='ltr'>dis·</span> 
     </span>
     <span class='ocr_line' id='line_1_22' title="bbox 122 2379 1354 2461; baseline -0.003 -21"><span class='ocrx_word' id='word_1_206' title='bbox 122 2385 313 2460; x_wconf 85' lang='lat' dir='ltr'>quisitionem</span> <span class='ocrx_word' id='word_1_207' title='bbox 344 2383 487 2461; x_wconf 86' lang='lat' dir='ltr'>subjecit,</span> <span class='ocrx_word' id='word_1_208' title='bbox 517 2383 586 2442; x_wconf 83' lang='lat' dir='ltr'>illas</span> <span class='ocrx_word' id='word_1_209' title='bbox 613 2383 749 2460; x_wconf 85' lang='lat' dir='ltr'>rejiciens</span> <span class='ocrx_word' id='word_1_210' title='bbox 773 2385 916 2456; x_wconf 81' lang='lat' dir='ltr'>maxime,</span> <span class='ocrx_word' id='word_1_211' title='bbox 937 2399 1010 2457; x_wconf 77' lang='lat' dir='ltr'>quoe</span> <span class='ocrx_word' id='word_1_212' title='bbox 1030 2381 1159 2441; x_wconf 89' lang='lat' dir='ltr'>moribus</span> <span class='ocrx_word' id='word_1_213' title='bbox 1179 2383 1310 2460; x_wconf 83' lang='lat' dir='ltr'>sanisque</span> <span class='ocrx_word' id='word_1_214' title='bbox 1325 2379 1354 2438; x_wconf 91' lang='lat' dir='ltr'>de</span> 
     </span>
     <span class='ocr_line' id='line_1_23' title="bbox 122 2470 1354 2562; baseline -0.006 -22"><span class='ocrx_word' id='word_1_215' title='bbox 122 2480 231 2540; x_wconf 77' lang='lat' dir='ltr'>diviua</span> <span class='ocrx_word' id='word_1_216' title='bbox 258 2495 364 2540; x_wconf 84' lang='lat' dir='ltr'>natura</span> <span class='ocrx_word' id='word_1_217' title='bbox 393 2480 583 2562; x_wconf 83' lang='lat' dir='ltr'>opinionibus</span> <span class='ocrx_word' id='word_1_218' title='bbox 608 2493 749 2538; x_wconf 83' lang='lat' dir='ltr'>noceant:</span> <span class='ocrx_word' id='word_1_219' title='bbox 780 2479 907 2560; x_wconf 88' lang='lat' dir='ltr'>denique</span> <span class='ocrx_word' id='word_1_220' title='bbox 932 2470 1045 2551; x_wconf 72' lang='lat' dir='ltr'>trinovi,-</span> <span class='ocrx_word' id='word_1_221' title='bbox 1070 2479 1202 2555; x_wconf 88' lang='lat' dir='ltr'>indicat,</span> <span class='ocrx_word' id='word_1_222' title='bbox 1234 2479 1272 2539; x_wconf 90' lang='lat' dir='ltr'>ad</span> <span class='ocrx_word' id='word_1_223' title='bbox 1296 2497 1354 2557; x_wconf 90' lang='lat' dir='ltr'>quos</span> 
     </span>
     <span class='ocr_line' id='line_1_24' title="bbox 126 2577 1354 2660; baseline -0.004 -23"><span class='ocrx_word' id='word_1_224' title='bbox 126 2585 276 2660; x_wconf 67' lang='lat' dir='ltr'>poetarum</span> <span class='ocrx_word' id='word_1_225' title='bbox 303 2579 419 2659; x_wconf 84' lang='lat' dir='ltr'>exigere</span> <span class='ocrx_word' id='word_1_226' title='bbox 446 2579 575 2637; x_wconf 83' lang='lat' dir='ltr'>carmina</span> <span class='ocrx_word' id='word_1_227' title='bbox 596 2577 701 2656; x_wconf 86' lang='lat' dir='ltr'>jubet,</span> <span class='ocrx_word' id='word_1_228' title='bbox 721 2592 772 2653; x_wconf 89' lang='lat' dir='ltr'>ut,</span> <span class='ocrx_word' id='word_1_229' title='bbox 792 2599 866 2656; x_wconf 88' lang='lat' dir='ltr'>quae</span> <span class='ocrx_word' id='word_1_230' title='bbox 894 2580 1077 2640; x_wconf 83' lang='lat' dir='ltr'>conveniunt</span> <span class='ocrx_word' id='word_1_231' title='bbox 1105 2579 1188 2653; x_wconf 88' lang='lat' dir='ltr'>illis,</span> <span class='ocrx_word' id='word_1_232' title='bbox 1209 2579 1354 2638; x_wconf 84' lang='lat' dir='ltr'>admittan-</span> 
     </span>
     <span class='ocr_line' id='line_1_25' title="bbox 125 2666 1353 2757; baseline 0 -21"><span class='ocrx_word' id='word_1_233' title='bbox 125 2691 194 2752; x_wconf 88' lang='lat' dir='ltr'>tur,</span> <span class='ocrx_word' id='word_1_234' title='bbox 223 2697 299 2756; x_wconf 85' lang='lat' dir='ltr'>quae</span> <span class='ocrx_word' id='word_1_235' title='bbox 323 2699 385 2738; x_wconf 90' lang='lat' dir='ltr'>non</span> <span class='ocrx_word' id='word_1_236' title='bbox 413 2677 615 2751; x_wconf 87' lang='lat' dir='ltr'>conveniunt,</span> <span class='ocrx_word' id='word_1_237' title='bbox 646 2675 848 2757; x_wconf 82' lang='lat' dir='ltr'>repudientur.</span> <span class='ocrx_word' id='word_1_238' title='bbox 889 2678 962 2736; x_wconf 87' lang='lat' dir='ltr'>Tam</span> <span class='ocrx_word' id='word_1_239' title='bbox 980 2679 1038 2737; x_wconf 84' lang='lat' dir='ltr'>late</span> <span class='ocrx_word' id='word_1_240' title='bbox 1057 2678 1165 2738; x_wconf 85' lang='lat' dir='ltr'>iccirco</span> <span class='ocrx_word' id='word_1_241' title='bbox 1183 2666 1308 2748; x_wconf 84' lang='lat' dir='ltr'>musica,</span> <span class='ocrx_word' id='word_1_242' title='bbox 1325 2671 1353 2730; x_wconf 75' lang='lat' dir='ltr'>de</span> 
     </span>
     <span class='ocr_line' id='line_1_26' title="bbox 123 2774 885 2857; baseline 0 -23"><span class='ocrx_word' id='word_1_243' title='bbox 123 2778 272 2835; x_wconf 85' lang='lat' dir='ltr'>sententia</span> <span class='ocrx_word' id='word_1_244' title='bbox 289 2775 437 2852; x_wconf 81' lang='lat' dir='ltr'>Platonis,</span> <span class='ocrx_word' id='word_1_245' title='bbox 457 2789 613 2857; x_wconf 74' lang='lat' dir='ltr'>pestutum</span> <span class='ocrx_word' id='word_1_246' title='bbox 632 2774 780 2834; x_wconf 79' lang='lat' dir='ltr'>civitatem</span> <span class='ocrx_word' id='word_1_247' title='bbox 797 2788 885 2854; x_wconf 89' lang='lat' dir='ltr'>patet.</span> 
     </span>
    </p>
   </div>
   <div class='ocr_carea' id='block_1_3' title="bbox 167 2969 1322 3131">
    <p class='ocr_par' dir='ltr' id='par_1_3' title="bbox 167 2969 1322 3131">
     <span class='ocr_line' id='line_1_27' title="bbox 167 2969 1322 3050; baseline -0.003 -19"><span class='ocrx_word' id='word_1_248' title='bbox 167 2969 227 3031; x_wconf 86' lang='lat' dir='ltr'>De</span> <span class='ocrx_word' id='word_1_249' title='bbox 252 2973 1045 3050; x_wconf 77' lang='lat' dir='ltr'>placitoPlutonie,mutotomuricoe</span> <span class='ocrx_word' id='word_1_250' title='bbox 1065 2979 1256 3046; x_wconf 77' lang='lat' dir='ltr'>ratione„</span> <span class='ocrx_word' id='word_1_251' title='bbox 1275 2979 1322 3048; x_wconf 81' lang='lat' dir='ltr'>ip·</span> 
     </span>
     <span class='ocr_line' id='line_1_28' title="bbox 305 3075 1201 3131; baseline -0.004 0"><span class='ocrx_word' id='word_1_252' title='bbox 305 3095 390 3131; x_wconf 83' lang='lat' dir='ltr'>rom</span> <span class='ocrx_word' id='word_1_253' title='bbox 415 3075 582 3130; x_wconf 80' lang='lat' dir='ltr'>mutari</span> <span class='ocrx_word' id='word_1_254' title='bbox 608 3086 655 3124; x_wconf 85' lang='lat' dir='ltr'>ac</span> <span class='ocrx_word' id='word_1_255' title='bbox 682 3076 934 3125; x_wconf 81' lang='lat' dir='ltr'>commoveri</span> <span class='ocrx_word' id='word_1_256' title='bbox 961 3075 1201 3128; x_wconf 78' lang='lat' dir='ltr'>civitatem.</span> 
     </span>
    </p>
   </div>
   <div class='ocr_carea' id='block_1_4' title="bbox 127 3263 1358 4233">
    <p class='ocr_par' dir='ltr' id='par_1_4' title="bbox 127 3263 1358 4233">
     <span class='ocr_line' id='line_1_29' title="bbox 169 3263 1354 3344; baseline -0.008 -19"><span class='ocrx_word' id='word_1_257' title='bbox 169 3268 229 3325; x_wconf 83' lang='lat' dir='ltr'>Nec</span> <span class='ocrx_word' id='word_1_258' title='bbox 256 3287 326 3327; x_wconf 80' lang='lat' dir='ltr'>vero</span> <span class='ocrx_word' id='word_1_259' title='bbox 355 3287 435 3326; x_wconf 87' lang='lat' dir='ltr'>nunc</span> <span class='ocrx_word' id='word_1_260' title='bbox 459 3264 692 3325; x_wconf 83' lang='lat' dir='ltr'>dubitaverimus</span> <span class='ocrx_word' id='word_1_261' title='bbox 709 3281 901 3344; x_wconf 82' lang='lat' dir='ltr'>magnopere,</span> <span class='ocrx_word' id='word_1_262' title='bbox 921 3263 995 3342; x_wconf 88' lang='lat' dir='ltr'>quid</span> <span class='ocrx_word' id='word_1_263' title='bbox 1013 3265 1095 3324; x_wconf 85' lang='lat' dir='ltr'>Plato</span> <span class='ocrx_word' id='word_1_264' title='bbox 1114 3263 1261 3337; x_wconf 80' lang='lat' dir='ltr'>voluerit,</span> <span class='ocrx_word' id='word_1_265' title='bbox 1280 3277 1354 3340; x_wconf 85' lang='lat' dir='ltr'>quon</span> 
     </span>
     <span class='ocr_line' id='line_1_30' title="bbox 127 3359 1355 3444; baseline -0.009 -20"><span class='ocrx_word' id='word_1_266' title='bbox 127 3378 257 3438; x_wconf 82' lang='lat' dir='ltr'>tentem,</span> <span class='ocrx_word' id='word_1_267' title='bbox 289 3379 428 3444; x_wconf 81' lang='lat' dir='ltr'>quantam</span> <span class='ocrx_word' id='word_1_268' title='bbox 457 3364 606 3436; x_wconf 82' lang='lat' dir='ltr'>diximus,</span> <span class='ocrx_word' id='word_1_269' title='bbox 637 3362 761 3420; x_wconf 86' lang='lat' dir='ltr'>musicae</span> <span class='ocrx_word' id='word_1_270' title='bbox 788 3362 822 3420; x_wconf 92' lang='lat' dir='ltr'>in</span> <span class='ocrx_word' id='word_1_271' title='bbox 850 3363 998 3420; x_wconf 86' lang='lat' dir='ltr'>civitatem</span> <span class='ocrx_word' id='word_1_272' title='bbox 1027 3363 1086 3422; x_wconf 81' lang='lat' dir='ltr'>vim</span> <span class='ocrx_word' id='word_1_273' title='bbox 1115 3377 1144 3422; x_wconf 79' lang='lat' dir='ltr'>ct</span> <span class='ocrx_word' id='word_1_274' title='bbox 1171 3359 1355 3420; x_wconf 75' lang='lat' dir='ltr'>efficacitaten</span> 
     </span>
     <span class='ocr_line' id='line_1_31' title="bbox 128 3459 1356 3544; baseline -0.011 -20"><span class='ocrx_word' id='word_1_275' title='bbox 128 3463 282 3524; x_wconf 83' lang='lat' dir='ltr'>tribueret.</span> <span class='ocrx_word' id='word_1_276' title='bbox 323 3464 464 3544; x_wconf 84' lang='lat' dir='ltr'>Respexit</span> <span class='ocrx_word' id='word_1_277' title='bbox 492 3459 608 3522; x_wconf 76' lang='lat' dir='ltr'>fabulas</span> <span class='ocrx_word' id='word_1_278' title='bbox 635 3479 729 3518; x_wconf 83' lang='lat' dir='ltr'>sacras</span> <span class='ocrx_word' id='word_1_279' title='bbox 754 3471 783 3516; x_wconf 91' lang='lat' dir='ltr'>et</span> <span class='ocrx_word' id='word_1_280' title='bbox 807 3459 980 3539; x_wconf 84' lang='lat' dir='ltr'>populares,</span> <span class='ocrx_word' id='word_1_281' title='bbox 1009 3460 1117 3540; x_wconf 89' lang='lat' dir='ltr'>quibus</span> <span class='ocrx_word' id='word_1_282' title='bbox 1145 3461 1187 3520; x_wconf 87' lang='lat' dir='ltr'>sic</span> <span class='ocrx_word' id='word_1_283' title='bbox 1215 3475 1356 3540; x_wconf 78' lang='lat' dir='ltr'>puerorum</span> 
     </span>
     <span class='ocr_line' id='line_1_32' title="bbox 130 3553 1356 3645; baseline -0.009 -25"><span class='ocrx_word' id='word_1_284' title='bbox 130 3563 242 3636; x_wconf 85' lang='lat' dir='ltr'>animi,</span> <span class='ocrx_word' id='word_1_285' title='bbox 272 3576 306 3621; x_wconf 91' lang='lat' dir='ltr'>ut</span> <span class='ocrx_word' id='word_1_286' title='bbox 332 3561 467 3622; x_wconf 89' lang='lat' dir='ltr'>manibus</span> <span class='ocrx_word' id='word_1_287' title='bbox 493 3585 592 3626; x_wconf 89' lang='lat' dir='ltr'>eorum</span> <span class='ocrx_word' id='word_1_288' title='bbox 618 3585 754 3645; x_wconf 87' lang='lat' dir='ltr'>corpora,</span> <span class='ocrx_word' id='word_1_289' title='bbox 783 3564 977 3645; x_wconf 82' lang='lat' dir='ltr'>fingebantur.</span> <span class='ocrx_word' id='word_1_290' title='bbox 1028 3556 1219 3637; x_wconf 77' lang='lat' dir='ltr'>Tragoediam</span> <span class='ocrx_word' id='word_1_291' title='bbox 1245 3553 1356 3635; x_wconf 81' lang='lat' dir='ltr'>respexit</span> 
     </span>
     <span class='ocr_line' id='line_1_33' title="bbox 131 3653 1356 3746; baseline -0.012 -26"><span class='ocrx_word' id='word_1_292' title='bbox 131 3675 161 3720; x_wconf 87' lang='lat' dir='ltr'>ct</span> <span class='ocrx_word' id='word_1_293' title='bbox 183 3661 377 3736; x_wconf 85' lang='lat' dir='ltr'>comoediam,</span> <span class='ocrx_word' id='word_1_294' title='bbox 408 3663 517 3724; x_wconf 89' lang='lat' dir='ltr'>musica</span> <span class='ocrx_word' id='word_1_295' title='bbox 537 3662 722 3746; x_wconf 87' lang='lat' dir='ltr'>spectacula,</span> <span class='ocrx_word' id='word_1_296' title='bbox 743 3661 795 3720; x_wconf 90' lang='lat' dir='ltr'>sed</span> <span class='ocrx_word' id='word_1_297' title='bbox 819 3683 917 3741; x_wconf 82' lang='lat' dir='ltr'>quae,</span> <span class='ocrx_word' id='word_1_298' title='bbox 931 3673 964 3720; x_wconf 89' lang='lat' dir='ltr'>ut</span> <span class='ocrx_word' id='word_1_299' title='bbox 982 3659 1061 3738; x_wconf 79' lang='lat' dir='ltr'>ipsae</span> <span class='ocrx_word' id='word_1_300' title='bbox 1078 3654 1197 3746; x_wconf 77' lang='lat' dir='ltr'>fabniae</span> <span class='ocrx_word' id='word_1_301' title='bbox 1206 3699 1217 3729; x_wconf 90' lang='lat'>,</span> <span class='ocrx_word' id='word_1_302' title='bbox 1236 3653 1273 3713; x_wconf 91' lang='lat' dir='ltr'>ad</span> <span class='ocrx_word' id='word_1_303' title='bbox 1290 3669 1356 3710; x_wconf 82' lang='lat' dir='ltr'>sacre</span> 
     </span>
     <span class='ocr_line' id='line_1_34' title="bbox 133 3751 1357 3841; baseline -0.007 -23"><span class='ocrx_word' id='word_1_304' title='bbox 133 3759 334 3818; x_wconf 83' lang='lat' dir='ltr'>referebantur</span> <span class='ocrx_word' id='word_1_305' title='bbox 361 3763 514 3841; x_wconf 90' lang='lat' dir='ltr'>proxime,</span> <span class='ocrx_word' id='word_1_306' title='bbox 544 3781 635 3840; x_wconf 90' lang='lat' dir='ltr'>eoque</span> <span class='ocrx_word' id='word_1_307' title='bbox 661 3759 751 3839; x_wconf 80' lang='lat' dir='ltr'>magis</span> <span class='ocrx_word' id='word_1_308' title='bbox 780 3760 973 3839; x_wconf 78' lang='lat' dir='ltr'>spectantium</span> <span class='ocrx_word' id='word_1_309' title='bbox 992 3755 1103 3813; x_wconf 83' lang='lat' dir='ltr'>animos</span> <span class='ocrx_word' id='word_1_310' title='bbox 1120 3751 1292 3824; x_wconf 81' lang='lat' dir='ltr'>movebant,</span> <span class='ocrx_word' id='word_1_311' title='bbox 1310 3766 1357 3824; x_wconf 77' lang='lat' dir='ltr'>quo</span> 
     </span>
     <span class='ocr_line' id='line_1_35' title="bbox 135 3844 1357 3938; baseline -0.011 -24"><span class='ocrx_word' id='word_1_312' title='bbox 135 3857 253 3938; x_wconf 82' lang='lat' dir='ltr'>plenius</span> <span class='ocrx_word' id='word_1_313' title='bbox 271 3878 363 3917; x_wconf 86' lang='lat' dir='ltr'>mores</span> <span class='ocrx_word' id='word_1_314' title='bbox 382 3862 478 3921; x_wconf 83' lang='lat' dir='ltr'>varios</span> <span class='ocrx_word' id='word_1_315' title='bbox 493 3857 636 3920; x_wconf 86' lang='lat' dir='ltr'>imitando</span> <span class='ocrx_word' id='word_1_316' title='bbox 652 3856 863 3938; x_wconf 81' lang='lat' dir='ltr'>exprimebant.</span> <span class='ocrx_word' id='word_1_317' title='bbox 885 3855 943 3915; x_wconf 90' lang='lat' dir='ltr'>Sed</span> <span class='ocrx_word' id='word_1_318' title='bbox 959 3865 1106 3936; x_wconf 87' lang='lat' dir='ltr'>praeterea</span> <span class='ocrx_word' id='word_1_319' title='bbox 1125 3863 1154 3908; x_wconf 89' lang='lat' dir='ltr'>et</span> <span class='ocrx_word' id='word_1_320' title='bbox 1171 3869 1239 3911; x_wconf 84' lang='lat' dir='ltr'>vcro</span> <span class='ocrx_word' id='word_1_321' title='bbox 1254 3844 1357 3928; x_wconf 80' lang='lat' dir='ltr'>potissi·</span> 
     </span>
     <span class='ocr_line' id='line_1_36' title="bbox 135 3938 1356 4038; baseline -0.013 -24"><span class='ocrx_word' id='word_1_322' title='bbox 135 3975 214 4014; x_wconf 90' lang='lat' dir='ltr'>mum</span> <span class='ocrx_word' id='word_1_323' title='bbox 234 3957 326 4037; x_wconf 86' lang='lat' dir='ltr'>ipsius</span> <span class='ocrx_word' id='word_1_324' title='bbox 344 3957 405 4017; x_wconf 77' lang='lat' dir='ltr'>rim</span> <span class='ocrx_word' id='word_1_325' title='bbox 431 3961 557 4019; x_wconf 77' lang='lat' dir='ltr'>musicae</span> <span class='ocrx_word' id='word_1_326' title='bbox 575 3957 722 4038; x_wconf 85' lang='lat' dir='ltr'>respexit,</span> <span class='ocrx_word' id='word_1_327' title='bbox 743 3975 816 4035; x_wconf 88' lang='lat' dir='ltr'>quae</span> <span class='ocrx_word' id='word_1_328' title='bbox 837 3974 895 4012; x_wconf 89' lang='lat' dir='ltr'>una</span> <span class='ocrx_word' id='word_1_329' title='bbox 914 3955 1021 4012; x_wconf 85' lang='lat' dir='ltr'>artium</span> <span class='ocrx_word' id='word_1_330' title='bbox 1041 3949 1171 4008; x_wconf 89' lang='lat' dir='ltr'>omniurn</span> <span class='ocrx_word' id='word_1_331' title='bbox 1191 3947 1311 4005; x_wconf 76' lang='lat' dir='ltr'>maxime</span> <span class='ocrx_word' id='word_1_332' title='bbox 1326 3938 1356 3998; x_wconf 83' lang='lat' dir='ltr'>ad</span> 
     </span>
     <span class='ocr_line' id='line_1_37' title="bbox 134 4046 1356 4136; baseline -0.015 -22"><span class='ocrx_word' id='word_1_333' title='bbox 134 4049 335 4136; x_wconf 66' lang='grc' dir='ltr'>εὐαρμοστίαν</span> <span class='ocrx_word' id='word_1_334' title='bbox 359 4055 506 4134; x_wconf 81' lang='lat' dir='ltr'>quendam</span> <span class='ocrx_word' id='word_1_335' title='bbox 536 4072 565 4118; x_wconf 87' lang='lat' dir='ltr'>et</span> <span class='ocrx_word' id='word_1_336' title='bbox 584 4050 754 4136; x_wconf 69' lang='grc' dir='ltr'><em>εὐρυθμίαν</em></span> <span class='ocrx_word' id='word_1_337' title='bbox 775 4051 923 4112; x_wconf 87' lang='lat' dir='ltr'>bominem</span> <span class='ocrx_word' id='word_1_338' title='bbox 946 4048 1113 4130; x_wconf 85' lang='lat' dir='ltr'>componit,</span> <span class='ocrx_word' id='word_1_339' title='bbox 1133 4046 1304 4121; x_wconf 85' lang='lat' dir='ltr'>caeterisque</span> <span class='ocrx_word' id='word_1_340' title='bbox 1321 4057 1356 4096; x_wconf 88' lang='lat' dir='ltr'>ar·</span> 
     </span>
     <span class='ocr_line' id='line_1_38' title="bbox 137 4136 1358 4233; baseline -0.02 -16"><span class='ocrx_word' id='word_1_341' title='bbox 137 4157 233 4233; x_wconf 86' lang='lat' dir='ltr'>tibus,</span> <span class='ocrx_word' id='word_1_342' title='bbox 255 4171 288 4216; x_wconf 90' lang='lat' dir='ltr'>ot</span> <span class='ocrx_word' id='word_1_343' title='bbox 315 4154 394 4216; x_wconf 87' lang='lat' dir='ltr'>idem</span> <span class='ocrx_word' id='word_1_344' title='bbox 419 4153 566 4232; x_wconf 85' lang='lat' dir='ltr'>efficiant,</span> <span class='ocrx_word' id='word_1_345' title='bbox 587 4156 681 4218; x_wconf 71' lang='lat' dir='ltr'>veluti</span> <span class='ocrx_word' id='word_1_346' title='bbox 702 4151 868 4232; x_wconf 86' lang='lat' dir='ltr'>exemplum</span> <span class='ocrx_word' id='word_1_347' title='bbox 889 4148 1018 4230; x_wconf 81' lang='lat' dir='ltr'>praebet.</span> <span class='ocrx_word' id='word_1_348' title='bbox 1060 4142 1225 4213; x_wconf 72' lang='lat' dir='ltr'>Praeclarus</span> <span class='ocrx_word' id='word_1_349' title='bbox 1244 4136 1358 4200; x_wconf 86' lang='lat' dir='ltr'>Platonis</span> 
     </span>
    </p>
   </div>
   <div class='ocr_carea' id='block_1_5' title="bbox 176 4435 676 4512">
    <p class='ocr_par' dir='ltr' id='par_1_5' title="bbox 176 4435 676 4512">
     <span class='ocr_line' id='line_1_39' title="bbox 176 4435 676 4512; baseline -0.01 -18"><span class='ocrx_word' id='word_1_350' title='bbox 176 4435 676 4512; x_wconf 56' lang='lat' dir='ltr'>immensu-ezec.</span> 
     </span>
    </p>
   </div>
   <div class='ocr_carea' id='block_1_6' title="bbox 0 0 1457 5108">
    <p class='ocr_par' dir='ltr' id='par_1_6' title="bbox 0 0 1457 5108">
     <span class='ocr_line' id='line_1_40' title="bbox 0 0 1457 5108; baseline 0 0"><span class='ocrx_word' id='word_1_351' title='bbox 0 0 1457 5108; x_wconf 95' lang='lat' dir='ltr'> </span> 
     </span>
    </p>
   </div>
  </div>
 </body>
</html>
