2908 5114
711 285 771 344 310
793 277 796 281 ’

125 444 157 502 in
177 463 208 502 re
226 441 328 502 similis
347 452 388 500 est
407 441 546 526 llerodoti
567 455 594 502 et
613 444 745 505 Platonis
762 444 843 505 ratio.
889 442 931 504 Ut
945 440 998 501 ille
1017 440 1056 502 ab
1075 444 1163 503 initio
1183 445 1275 522 operia
1295 445 1360 502 uni·

125 560 238 600 versam
256 540 340 600 nohis
366 540 460 618 aperit
477 538 627 600 historiam
646 541 844 622 gentium,ita
864 541 946 600 Plato
965 540 997 598 in
1016 539 1161 619 singulis,
1182 562 1252 620 quos
1270 541 1361 620 scrip

122 638 178 712 sit,
208 636 350 718 dialogis,
381 637 443 696 siue
473 638 509 698 de
540 639 642 719 pulcro
668 654 697 700 et
726 659 820 700 amore
843 638 926 719 agit,
957 637 1020 700 sive
1053 636 1090 697 de
1120 639 1252 698 veritatis
1281 657 1364 698 asse-

123 719 256 815 quendae
276 733 456 810 rationibus,
485 735 547 796 sive
576 735 612 796 de
639 737 755 815 justitia
781 749 810 796 et
839 734 1017 811 virtutibus,
1037 734 1072 792 in
1091 733 1219 794 mediam
1239 735 1364 795 lectores

123 831 337 913 philosophiam
358 832 493 908 inducit,
516 845 546 890 ut
565 833 620 913 ipsi
639 855 758 915 perse,
779 834 834 894 illo
852 831 946 906 duee,
966 830 1040 911 quid
1059 851 1161 892 verum
1180 831 1237 906 sit,
1258 833 1363 910 exqui-

123 944 199 989 rant.
240 931 321 1006 Quae
340 929 414 989 ratio
432 928 470 988 ad
487 931 663 1011 capiendum
681 932 818 992 lectorem
837 943 866 990 et
886 927 1049 990 tenendum
1076 940 1106 986 et
1125 947 1218 1004 vero,
1238 930 1264 988 si
1294 929 1361 1008 phi·

123 1025 260 1106 losophus
285 1041 327 1087 est
355 1028 478 1102 natura,
513 1028 715 1108 philosophiae
742 1027 840 1090 studio
870 1025 1112 1102 incendendum,
1144 1046 1203 1084 una
1230 1027 1363 1086 omnium

122 1125 246 1184 maxime
264 1137 332 1205 apta
351 1138 440 1184 estet
459 1123 576 1188 efficax.
607 1125 680 1184 lnde
702 1141 798 1187 autem
817 1137 914 1206 patet,
936 1144 1022 1202 quam
1039 1124 1139 1203 inepte
1157 1123 1285 1199 faciant,
1307 1126 1363 1204 qui

122 1221 286 1304 synthetica
308 1223 421 1282 ratione
445 1221 607 1282 doctrinam
632 1223 782 1299 Platonis,
808 1236 946 1302 tanquam
967 1234 1091 1300 systema
1110 1220 1282 1298 quoddam,
1303 1237 1364 1282 tra·

123 1319 192 1378 dere
222 1320 367 1381 nituntur.
389 1371 390 1376 ,
409 1321 527 1380 Rationi
557 1334 585 1380 et
611 1320 774 1401 proposito,
794 1321 856 1380 imo
884 1332 1004 1404 natutae
1034 1331 1200 1398 repugnant
1225 1318 1364 1397 philoso-

122 1415 210 1497 phiae
228 1417 405 1478 Platonicae.
429 1419 513 1492 ·Quo
529 1420 617 1498 magis
632 1437 703 1493 nos,
723 1417 778 1480 hac
801 1417 971 1500 praesertim
990 1415 1023 1475 in
1050 1435 1081 1474 re
1106 1414 1256 1476 Platonem
1283 1417 1361 1478 imi-

120 1515 193 1589 tati,
213 1535 231 1573 a
253 1515 399 1595 principio
419 1514 490 1574 inde
509 1515 673 1595 aperuimus
690 1535 753 1574 eam
770 1506 865 1582 totam,
885 1513 1063 1585 lectoribus,
1085 1525 1136 1588 ut,
1157 1513 1253 1590 qualis
1281 1529 1363 1575 esset

120 1629 234 1690 quoque
252 1625 412 1691 spectaret,
433 1625 652 1690 assequerentur
670 1613 831 1686 continuo,
852 1626 915 1672 tum
934 1629 1005 1672 vero
1030 1608 1162 1689 legendis
1180 1611 1245 1687 ejus
1264 1613 1366 1692 scrip-

121 1707 178 1784 tis,
198 1708 260 1786 ipso
278 1721 411 1784 auctore,
433 1708 549 1789 singula
567 1709 600 1766 in
625 1728 658 1766 ea
678 1709 847 1788 singulatim
866 1709 924 1790 ipsi
944 1705 1210 1768 animadverterent
1238 1721 1268 1768 et
1299 1730 1368 1790 per·

121 1818 318 1884 sequerentur.
360 1806 486 1885 Longior
513 1805 583 1866 haee
604 1807 653 1867 via
681 1819 743 1881 est,
764 1827 850 1883 quam
871 1806 1035 1887 synthetica
1061 1805 1155 1880 ratio,
1176 1825 1251 1883 quae
1279 1827 1369 1866 com-

121 1901 275 1982 pendiaria
295 1915 388 1984 potest
407 1901 486 1979 dict,
509 1902 561 1963 sed
580 1902 635 1962 hac
658 1903 787 1964 tenenda
805 1902 883 1964 illud
902 1917 930 1962 et
954 1902 1095 1977 hactenus
1117 1903 1318 1982 spectavimus
1340 1919 1369 1964 et

122 1998 314 2079 spectabimus
334 1999 461 2075 deinde,
483 2013 516 2058 ut
534 1999 656 2061 studiosi
679 2001 809 2060 Platonis
836 2021 929 2060 none
946 1999 1023 2059 lihro
1045 2013 1162 2074 nostro„
1183 2012 1366 2078 tanquame

34 2167 37 2173 .
121 2096 314 2176 compendio,
340 2117 438 2178 sapere
463 2097 521 2156 sihi
546 2097 737 2173 viderentur,
758 2097 827 2174 sed,
849 2097 1011 2178 praeparati
1030 2095 1076 2157 his
1095 2096 1207 2156 Initiie
1223 2109 1256 2156 et
1275 2101 1369 2176 quasi

120 2200 246 2253 initiate·
264 2193 493 2273 quodammodo,
506 2213 542 2254 ex
559 2195 630 2275 ipsis
647 2194 786 2276 deinceps
803 2215 908 2274 reapse
925 2206 1059 2276 saperent
1079 2195 1194 2274 scriptis
1213 2194 1364 2256 Platonis.

315 2441 316 2444 ’
349 2437 407 2498 De
428 2442 530 2514 sine
560 2441 829 2498 dialecticae
857 2436 1129 2548 Platqnicee.

164 2686 288 2745 Effectus
316 2685 349 2746 hi
380 2686 504 2746 maxime
523 2687 610 2761 sunt,
631 2686 665 2745 in
684 2685 747 2767 ipsa
765 2683 886 2744 dicendi
905 2682 1110 2762 scribendique
1131 2697 1207 2760 arte,
1227 2681 1373 2750 dialecti·

125 2803 175 2842 eae
195 2783 374 2844 Platonicae.
395 2783 484 2844 Unde
502 2783 698 2864 intelligitur,
718 2795 828 2860 quanta
848 2782 937 2859 hujus
955 2782 993 2842 sit
1010 2782 1044 2842 in
1063 2775 1165 2863 primis
1183 2781 1373 2865 disciplinae

125 2881 158 2939 in
186 2881 266 2940 omni
293 2879 480 2961 philosophia
507 2881 672 2940 auctoritas.
690 2881 694 2886 ⁴
714 2881 872 2942 Careamus
891 2899 980 2955 vero,
1000 2899 1055 2955 ne,
1075 2879 1155 2958 quod
1175 2880 1261 2940 multi
1279 2903 1373 2944 com-

123 2979 266 3039 tniserunt
297 2978 483 3060 philosophi,
517 2998 584 3036 cum
612 2977 676 3058 ipsa
709 2976 896 3058 philosophia
923 2976 1106 3038 dialecticam
1134 2979 1372 3046 confundamus.

52 3135 53 3138 ,
121 3075 173 3136 Est
198 3076 253 3135 illa
277 3075 479 3157 philosophiae
497 3074 580 3153 quasi
599 3074 826 3134 instrumentum
842 3071 1008 3152 quoddam,
1029 3087 1062 3135 ut
1079 3073 1117 3134 de
1135 3077 1255 3136 caeteris
1273 3076 1373 3140 dm.

122 3173 214 3253 plinis
241 3172 448 3253 pronunciavit
474 3171 577 3245 Plato,
608 3190 667 3231 esse
696 3183 742 3230 eas
770 3171 874 3231 dicens
903 3173 1080 3246 dialecticae
1108 3174 1318 3237 aduentam
1339 3187 1373 3238 at

122 3272 293 3346 etly'utrieat
318 3272 358 3329 ad
383 3277 522 3328 animum
541 3288 665 3328 aureum
684 3271 879 3349 erigendum:
898 3268 928 3349 l)
948 3269 989 3330 sic
1009 3271 1073 3350 ipsa
1091 3267 1245 3332 dialectiea
1263 3273 1372 3354 philu-

122 3367 240 3448 sophi'ae
269 3366 440 3428 administra
468 3379 497 3426 et
525 3365 674 3445 adjutrix,
705 3367 881 3446 omninoque
906 3367 999 3428 veluti
1017 3368 1243 3430 instrumentum
1262 3386 1311 3431 est
1329 3374 1372 3435 ad

122 3464 214 3547 ipsius
237 3485 350 3534 ‚munus
378 3463 598 3546 perficiendum.
639 3466 750 3526 Munus
776 3475 872 3526 autem
899 3465 1102 3546 philosophiae
1127 3466 1183 3526 hoc
1210 3480 1253 3526 est
1277 3490 1371 3549 prae·

120 3565 238 3641 sertim,
259 3577 293 3624 ut
309 3563 348 3623 ad
365 3563 518 3624 ueritatem
536 3563 700 3639 hominem,
721 3576 784 3622 tum
802 3581 872 3623 vero
890 3563 978 3624 etiam
997 3561 1036 3624 ad
1053 3564 1224 3644 sapientiam
1241 3564 1371 3631 educat.

120 3659 288 3722 Absurdnm
315 3681 383 3721 sane
410 3675 439 3720 et
466 3660 625 3722 ridiculum
657 3661 805 3740 negotium
831 3659 951 3720 illorum
979 3673 1040 3736 est,
1069 3662 1121 3739 qui
1150 3660 1186 3722 de
1214 3661 1372 3727 methodis

121 3757 293 3836 inquirendi
319 3779 353 3818 ac
380 3757 542 3818 disserendi
562 3759 652 3818 anxie
672 3771 836 3836 quaerunt,
857 3779 915 3836 quo
932 3779 1001 3819 vero
1018 3771 1148 3837 spectent
1165 3759 1265 3868 ipsae,
1284 3765 1372 3840 quid

123 3853 200 3948 effici
222 3876 320 3914 earum
340 3877 395 3915 usu
415 3855 539 3932 debeat,
560 3877 621 3915 non
642 3857 780 3936 cogitant
813 3855 931 3916 Similes
950 3855 1012 3915 illis
1029 3871 1115 3934 sunt,
1137 3857 1188 3936 qui
1205 3856 1253 3917 vel
1271 3877 1373 3922 armis

122 3952 171 4013 vel
200 3951 267 4010 aliis
293 3952 515 4033 quibuscunque
544 3954 746 4014 instrumentis
764 3951 952 4014 elaborandis
970 3953 1175 4033 poliendisque
1194 3952 1371 4037 desudant,

121 4071 206 4109 usum
222 4069 321 4108 eorum
341 4072 401 4112 non
418 4065 533 4112 curant
574 4048 656 4112 Plato
673 4071 762 4124 uero,
784 4049 820 4110 de
841 4050 1010 4130 disciplinis
1028 4072 1130 4130 agens,
1150 4050 1184 4120 id
1202 4054 1372 4130 quaerebat

120 4148 261 4207 continuo
278 4189 314 4200 -
330 4149 409 4226 quod
436 4151 590 4228 exquirere
618 4149 799 4229 potissimum
827 4147 1035 4228 philosophum
1064 4148 1200 4208 decet-
1219 4170 1309 4228 quern
1333 4155 1370 4214 in

121 4243 209 4304 finem
229 4246 405 4306 excolendae
423 4255 526 4308 essent.
572 4243 614 4307 Τι’
638 4239 675 4306 ἂν
702 4237 755 4308 οὖν
781 4239 843 4325 εἴη,
866 4235 893 4308 oi
915 4237 1073 4322 Γλαύκων,
1095 4239 1232 4329 μάθημα
1251 4250 1371 4332 ψυχῆς

126 4381 158 4392 ιι-

158 4452 181 4515 t)
202 4454 238 4505 aa
255 4455 314 4522 nep.
338 4454 390 4506 vu.
415 4453 473 4506 aaa.
498 4457 528 4507 o.
550 4457 598 4508 cu.
617 4459 694 4510 rutra
712 4477 737 4526 ρ.
757 4457 815 4510 ast.
