2886 5118
642 285 700 346 ¹169

47 464 155 522 stores,
176 462 208 507 ut
228 461 256 506 et
274 448 414 528 agricolae
432 446 470 508 ad
490 431 632 508 arandum
651 439 762 519 bobus,
784 460 812 507 et
833 447 982 509 arollitecti
1004 447 1041 508 ad
1062 451 1281 511 contrahendam

47 549 196 608 materiam
212 547 370 623 jumentis,
392 559 420 605 et
439 560 564 605 textores
582 547 620 606 ad
641 567 700 604 rem
723 547 887 606 vestiariam
907 548 1035 628 pellibus
1052 569 1085 606 ac
1108 549 1183 608 lauis
1204 563 1286 610 utau-
1313 575 1315 580 ·

47 659 103 706 tur.
148 646 256 704 Verum
284 665 320 701 ne
350 645 527 725 sicquidem
552 643 675 704 sufficiet
703 643 819 703 sibimet
847 645 909 724 ipsa
938 647 1057 707 civitas:
1089 645 1287 722 desiderabit,

45 766 119 824 quae
138 743 206 802 aliis
225 743 258 800 in
276 741 347 801 locis
365 756 499 802 exstant:
522 763 581 802 esse
600 739 879 822 igitur‘meroatores
898 743 1028 822 aliosque
1044 745 1192 804 ministros
1202 767 1285 826 opor·

47 842 138 914 tebit,
160 841 210 919 qui
230 840 392 914 invehant,
414 842 538 921 itemque
559 840 685 900 evehant
704 840 837 920 singula:
860 840 964 918 quodsi
990 842 1133 900 maritima
1163 843 1284 924 iusuper

46 953 207 998 mercatura
226 939 401 1017 requiritur,
423 959 481 998 esse
500 940 620 1020 insuper
639 938 801 1018 oportebit,
822 941 873 1017 qui
899 926 1002 997 harum
1022 940 1081 998 sint
1097 959 1192 998 rerum
1207 949 1281 1019 gna'·

46 1039 80 1098 ri.
121 1039 273 1096 Caeterum
302 1049 330 1094 et
359 1037 453 1096 forum
482 1035 558 1096 adsit
586 1057 700 1097 necesse
728 1050 770 1096 est
800 1037 832 1096 iu
852 1035 949 1096 media
970 1036 1061 1111 urbe,
1083 1050 1111 1095 et
1130 1037 1280 1098 hominurn

45 1157 154 1216 genus,
175 1133 273 1214 quod,
293 1133 332 1193 ad
357 1135 414 1194 alia
436 1135 549 1215 negotia
581 1133 706 1206 inutile,
736 1133 858 1193 emendo
885 1133 1101 1213 vendendoque
1126 1136 1285 1216 occupabi-

45 1248 108 1307 tur,
140 1245 170 1292 et
199 1253 268 1292 vero
294 1233 536 1293 mercenariorum
566 1231 746 1306 multitudo,
777 1251 850 1311 quae
868 1233 998 1292 civitatis
1015 1233 1072 1292 crit
1087 1233 1286 1312 complemen-

45 1345 133 1391 tum.»
169 1328 198 1410 l)
642 1325 645 1331 ¹
1044 1343 1046 1346 ’

83 1431 141 1488 Htc
164 1429 312 1502 Socrates,
333 1427 452 1487 eondith
468 1429 529 1506 jam
549 1427 761 1507 quodammodo
782 1429 919 1503 civitate,
951 1449 987 1486 ex
1009 1426 1165 1488 Adimauto
1193 1451 1285 1508 quae-

49 1529 103 1586 rit:
137 1549 157 1581 a
169 1529 247 1586 itane
269 1547 355 1600 vero,
387 1521 563 1600 Adimaute,
591 1541 675 1585 aucta
699 1527 759 1604 jam
779 1526 864 1586 nobis
889 1527 993 1587 civitas
1013 1541 1074 1600 est,
1105 1539 1137 1584 ut
1154 1527 1283 1606 perfecta

43 1625 103 1684 dici
124 1626 257 1706 possitlr
282 1624 369 1698 Quod
390 1645 456 1683 cum
477 1647 538 1684 nou
557 1638 675 1704 negaret
694 1624 746 1683 ille
758 1671 766 1698 ,
787 1622 917 1686 Socrates
937 1623 1035 1684 denno
1058 1624 1205 1684 «ubinam
1212 1629 1282 1704 jam,

46 1723 165 1801 inquit,
186 1723 219 1781 in
240 1744 271 1781 ea
291 1743 350 1780 esse
365 1723 480 1800 justitia
499 1737 528 1782 et
547 1723 692 1800 injustitia
711 1721 829 1783 videtur
847 1736 875 1781 et
903 1743 1029 1801 quaeram
1050 1744 1116 1782 cum
1136 1744 1166 1780 re
1194 1725 1281 1783 simul

47 1822 77 1878 iu
88 1841 153 1878 eam
164 1821 286 1880 inducta
295 1823 327 1880 lu
353 1819 387 1880 ld
408 1841 476 1880 vero
495 1820 669 1880 Adimantus
690 1821 888 1882 nondumsibi
900 1841 1038 1902 apparere
1058 1824 1181 1880 fatetur:
1208 1823 1282 1882 anisi

48 1919 138 1993 forte,
161 1921 279 1997 inquit,
301 1915 333 1978 ἒν
360 1913 460 1978 αὐτῶν
478 1913 594 1980 τούτων
613 1917 703 2004 χρείᾳ
724 1917 781 1980 τινὶ
800 1919 841 2004 τῇ
860 1912 937 1998 nodo
963 1913 1120 2000 ἀλλήλους·
1149 1933 1183 1982 ta
1212 1942 1282 1980 aeru-
1331 1975 1334 1986 ,

47 2026 96 2074 tuo
124 2039 250 2092 aarum,
286 2041 362 2098 quoe
388 2022 542 2096 desimus,
573 2043 631 2080 aaa
660 2031 782 2081 enatet.»
812 2020 899 2096 Quod
921 2042 987 2079 cum
1014 2035 1086 2080 esset
1105 2011 1283 2101 suspicatus,

43 2113 178 2174 Socrates
196 2118 443 2179 considerandum
462 2119 515 2178 hoc
535 2120 574 2178 ait
595 2118 754 2200 diligenter
774 2140 851 2193 esse,
880 2139 933 2177 nec
954 2106 1050 2178 studio
1068 2115 1284 2177 remittendum..

51 2214 171 2286 Quaerit
186 2215 278 2294 igitur
297 2216 334 2275 de
353 2217 428 2276 vitae
449 2237 563 2296 genere.
610 2217 738 2276 «Nonne
758 2217 857 2291 cibos,
878 2217 938 2291 ait,
960 2219 1082 2292 vinam,
1104 2231 1196 2276 vestes
1207 2213 1282 2288 ,cal-

43 2332 130 2386 ceos,
166 2311 250 2372 aedes
278 2329 430 2395 parantes,
461 2329 565 2375 aestate
594 2317 653 2386 ¹lere
684 2313 777 2390 nudi,
806 2315 901 2374 hieme
921 2335 989 2375 vero
1010 2316 1140 2376 vestibus
1163 2299 1282 2386 induti,

42 2405 124 2490 operi
157 2411 351 2472 incumbent?
381 2401 554 2472 Nutrientur
580 2427 695 2489 autem,
724 2434 761 2472 ex
788 2412 898 2472 hordeo
914 2427 949 2478 ct
969 2415 1116 2474 frumento
1136 2413 1281 2484 farinam,

48 2508 176 2587 indeque
201 2511 362 2590 praeclaras
389 2511 538 2592 placentas
564 2511 771 2586 conficientes,
801 2513 914 2592 ipsique
943 2512 975 2571 in
1000 2513 1083 2572 lectis
1110 2531 1146 2569 ex
1165 2508 1282 2582 herbis,

43 2605 162 2664 smilace
180 2621 266 2684 atque
284 2623 379 2688 myrto
398 2609 501 2683 factis,
522 2609 755 2682 discumbentes,
788 2631 928 2668 unacum
948 2609 1048 2668 liberis
1077 2607 1282 2666 comessabun-

44 2716 106 2776 tur,
128 2705 233 2762 vinum
252 2692 543 2784 gustantes'subinde
553 2754 561 2782 ,
584 2722 669 2786 atque
689 2709 727 2766 ita
747 2707 875 2766 coronati
895 2707 1021 2785 deosque
1041 2705 1279 2780 celebrantesju-

41 2799 140 2859 eunde
158 2801 303 2861 viventi»
329 2804 384 2862 ch
405 2825 474 2864 vero
491 2803 602 2868 Glauco
621 2804 766 2864 Socratem
787 2806 938 2885 excipiens
968 2806 1072 2882 «atqui
1092 2818 1143 2876 tu,
1165 2802 1279 2879 inquit,

42 2899 103 2956 sine
121 2897 243 2958 obsonio
262 2902 338 2960 viros
359 2900 510 2981 epulantes
529 2901 625 2982 lingis.
665 2903 721 2963 Cui
743 2901 892 2976 Socrates,
914 2897 989 2960 re‘cte
1010 2921 1126 2974 mones,
1154 2899 1278 2979 reponit.

43 2992 129 3052 Haud
159 2997 365 3073 memineram,
394 2993 544 3072 habituros
572 3021 620 3059 eos
648 3021 706 3059 esse
728 3000 900 3074 obsonium,
931 2998 994 3073 sal,
1024 2999 1118 3070 oleas,
1146 3018 1279 3068 caseum,

41 3091 158 3152 bulbos.
198 3093 259 3152 lmo
279 3116 347 3154 vero
366 3096 443 3154 olera
462 3097 498 3156 iis
517 3097 745 3178 apponemus-'et
763 3097 887 3155 bellaria
908 3095 1046 3171 ficorum,
1068 3095 1213 3166 cicerum,
1232 3093 1278 3150 fa-
1306 3161 1309 3170 Ι

42 3189 163 3248 barum:
184 3190 287 3250 baccas
306 3207 452 3272 praeterea
472 3197 560 3274 myrti
580 3193 617 3254 ad
638 3196 733 3274 ignem
754 3194 926 3269 terrebunt,
947 3194 1083 3254 bibentes
1099 3191 1279 3265 identidem,

40 3290 130 3346 etsie
151 3287 269 3368 quidem
289 3291 379 3350 vitam
401 3291 433 3350 in
452 3313 522 3372 pace
539 3313 607 3350 sane
627 3306 655 3351 et
675 3293 835 3352 incolumes
855 3292 1011 3372 degentes,
1042 3291 1123 3360 senio
1152 3278 1278 3355 conlecti
1373 3304 1383 3324 ⁸

41 3385 126 3444 talem
147 3387 286 3468 deinceps
305 3389 395 3448 vitam
413 3391 535 3469 posteris
554 3391 613 3448 suis
632 3390 810 3469 relinquent.
853 3388 899 3450 Ad
920 3391 991 3450 h'aec
1021 3404 1116 3448 autem
1146 3388 1277 3461 Glauco,

40 3481 64 3542 εἰ
84 3479 120 3543 δὲ
140 3477 203 3544 ὑῶν
220 3479 322 3561 πόλιν,
345 3477 372 3547 ὦ
388 3481 560 3568 Σώκρατες,
589 3495 687 3570 inquit
697 3539 706 3566 ,
725 3482 951 3562 κατεσκεύαζες,
971 3486 1004 3550 τί
1023 3482 1060 3548 ele
1083 3466 1190 3560 eleale
1207 3481 1277 3546 ἄλλο

40 3579 61 3666 ἢ
84 3585 182 3648 ταῦτα
206 3580 384 3670 ἒχόρταζες;
407 3601 434 3652 ae'
452 3613 630 3670 porcorum,
655 3615 670 3650 o
697 3591 857 3666 Socrates,
887 3599 1043 3650 civitatem
1069 3596 1277 3659 instituisses,

39 3692 149 3766 quibua
165 3710 212 3749 eor
228 3693 302 3749 aliia
323 3694 450 3750 cibam'z'e
470 3689 684 3770 saginasseelu
719 3688 806 3764 Quod
823 3709 890 3747 cum
911 3689 1007 3748 subito
1024 3687 1163 3757 dixisset,
1185 3683 1277 3743 efficit

41 3785 109 3846 iude
129 3787 269 3850 continuo
290 3789 436 3863 Socrates,
459 3788 570 3870 duplex
585 3785 808 3869 jam'repertum
826 3787 862 3846 ab
893 3788 963 3867 ipsis
982 3805 1041 3842 esse
1071 3783 1199 3842 civitatis
1226 3803 1277 3862 ge-

40 3906 114 3960 uus,
136 3885 258 3945 alterum
277 3885 417 3967 simplicis
435 3908 467 3945 ac
488 3889 694 3968 temperantis,
715 3886 879 3946 luxuriosae
898 3879 1029 3943 alterum.
1052 3880 1084 3961 2)
1104 3888 1119 3932 .“

78 3983 176 4042 Lectis
204 3982 283 4043 hisee
311 3987 511 4067 perceptisque
540 3987 655 4059 auimo,
686 4006 759 4066 quae
779 3984 815 4044 de
834 3984 928 4042 initiis
947 3981 1075 4042 civitatis
1094 3978 1174 4038 Plato
1193 3979 1275 4038 tantl

38 4093 154 4160 tamque
174 4081 341 4143 admirabili
360 4083 503 4145 suavitate
520 4104 555 4142 ac
574 4081 727 4163 diligentia
748 4082 903 4163 exposuit,
922 4073 1042 4159 quaerat
1057 4079 1175 4137 fortasse
1193 4078 1271 4155 quis·

41 4253 296 4264 -.·—-—.·—-—-..——-
328 4251 330 4254 ·

73 4373 596 4445 nmmumn-mu

70 4459 412 4524 mmmm-u
