<?xml version="1.0" encoding="UTF-8"?>
<!DOCTYPE html PUBLIC "-//W3C//DTD XHTML 1.0 Transitional//EN"
    "http://www.w3.org/TR/xhtml1/DTD/xhtml1-transitional.dtd">
<html xmlns="http://www.w3.org/1999/xhtml" xml:lang="en" lang="en">
 <head>
  <title>
</title>
<meta http-equiv="Content-Type" content="text/html;charset=utf-8" />
  <meta name='ocr-system' content='tesseract 3.04.00' />
  <meta name='ocr-capabilities' content='ocr_page ocr_carea ocr_par ocr_line ocrx_word'/>
</head>
<body>
  <div class='ocr_page' id='page_1' title='image "./initiaphilosoph02heusgoog_0074.png"; bbox 0 0 2950 5134; ppageno 0'>
   <div class='ocr_carea' id='block_1_1' title="bbox 286 1378 1074 1500">
    <p class='ocr_par' dir='ltr' id='par_1_1' title="bbox 286 1378 1074 1500">
     <span class='ocr_line' id='line_1_1' title="bbox 286 1378 1074 1500; baseline 0.005 -18"><span class='ocrx_word' id='word_1_1' title='bbox 286 1382 753 1494; x_wconf 65' lang='lat' dir='ltr'><strong>ruccoso&#39;lrart</strong></span> <span class='ocrx_word' id='word_1_2' title='bbox 800 1378 1074 1500; x_wconf 72' lang='lat' dir='ltr'><strong>euicui,</strong></span> 
     </span>
    </p>
   </div>
   <div class='ocr_carea' id='block_1_2' title="bbox 519 1795 860 1856">
    <p class='ocr_par' dir='ltr' id='par_1_2' title="bbox 519 1795 860 1856">
     <span class='ocr_line' id='line_1_2' title="bbox 519 1795 860 1856; baseline 0.012 -19"><span class='ocrx_word' id='word_1_3' title='bbox 519 1795 603 1840; x_wconf 80' lang='lat' dir='ltr'><strong>srva</strong></span> <span class='ocrx_word' id='word_1_4' title='bbox 633 1796 677 1840; x_wconf 84' lang='lat' dir='ltr'><strong>uc</strong></span> <span class='ocrx_word' id='word_1_5' title='bbox 710 1797 860 1856; x_wconf 66' lang='lat' dir='ltr'><strong>lucian„</strong></span> 
     </span>
    </p>
   </div>
   <div class='ocr_carea' id='block_1_3' title="bbox 970 2079 1294 2158">
    <p class='ocr_par' dir='ltr' id='par_1_3' title="bbox 970 2079 1294 2158">
     <span class='ocr_line' id='line_1_3' title="bbox 970 2079 1294 2158; baseline 0.009 -20"><span class='ocrx_word' id='word_1_6' title='bbox 970 2079 1106 2158; x_wconf 73' lang='lat' dir='ltr'><strong>Spiritus</strong></span> <span class='ocrx_word' id='word_1_7' title='bbox 1125 2089 1209 2141; x_wconf 76' lang='lat' dir='ltr'><strong>iratus</strong></span> <span class='ocrx_word' id='word_1_8' title='bbox 1227 2085 1294 2142; x_wconf 72' lang='lat' dir='ltr'><strong>alit.</strong></span> 
     </span>
    </p>
   </div>
   <div class='ocr_carea' id='block_1_4' title="bbox 980 2183 1287 2196">
    <p class='ocr_par' dir='ltr' id='par_1_4' title="bbox 980 2183 1287 2196">
     <span class='ocr_line' id='line_1_4' title="bbox 980 2183 1287 2196; baseline 0.01 -3"><span class='ocrx_word' id='word_1_9' title='bbox 980 2183 1287 2196; x_wconf 48' lang='grc' dir='ltr'><strong>ια’-*ιη’-</strong></span> 
     </span>
    </p>
   </div>
   <div class='ocr_carea' id='block_1_5' title="bbox 84 2689 1358 4563">
    <p class='ocr_par' dir='ltr' id='par_1_5' title="bbox 84 2689 1358 4072">
     <span class='ocr_line' id='line_1_5' title="bbox 114 2689 1296 2802; baseline 0 -22"><span class='ocrx_word' id='word_1_10' title='bbox 114 2722 210 2782; x_wconf 81' lang='lat' dir='ltr'><strong>hditus</strong></span> <span class='ocrx_word' id='word_1_11' title='bbox 228 2721 266 2780; x_wconf 91' lang='lat' dir='ltr'><strong>ad</strong></span> <span class='ocrx_word' id='word_1_12' title='bbox 285 2721 496 2802; x_wconf 83' lang='lat' dir='ltr'><strong>philosophiam</strong></span> <span class='ocrx_word' id='word_1_13' title='bbox 521 2723 561 2779; x_wconf 89' lang='lat' dir='ltr'><strong>sic</strong></span> <span class='ocrx_word' id='word_1_14' title='bbox 587 2721 683 2780; x_wconf 90' lang='lat' dir='ltr'><strong>multis</strong></span> <span class='ocrx_word' id='word_1_15' title='bbox 711 2720 827 2781; x_wconf 83' lang='lat' dir='ltr'><strong>videtur</strong></span> <span class='ocrx_word' id='word_1_16' title='bbox 849 2721 979 2782; x_wconf 85' lang='lat' dir='ltr'><strong>difficilis</strong></span> <span class='ocrx_word' id='word_1_17' title='bbox 1007 2739 1034 2782; x_wconf 90' lang='lat' dir='ltr'><strong>et</strong></span> <span class='ocrx_word' id='word_1_18' title='bbox 1061 2689 1214 2796; x_wconf 78' lang='lat' dir='ltr'><strong>molestus,</strong></span> <span class='ocrx_word' id='word_1_19' title='bbox 1246 2726 1296 2783; x_wconf 85' lang='lat' dir='ltr'><strong>vix</strong></span> 
     </span>
     <span class='ocr_line' id='line_1_6' title="bbox 86 2817 1297 2900; baseline 0.005 -28"><span class='ocrx_word' id='word_1_20' title='bbox 86 2832 109 2876; x_wconf 87' lang='lat' dir='ltr'><strong>rt</strong></span> <span class='ocrx_word' id='word_1_21' title='bbox 124 2841 180 2879; x_wconf 86' lang='lat' dir='ltr'><strong>earn</strong></span> <span class='ocrx_word' id='word_1_22' title='bbox 207 2819 325 2900; x_wconf 83' lang='lat' dir='ltr'><strong>ingressi</strong></span> <span class='ocrx_word' id='word_1_23' title='bbox 352 2818 561 2878; x_wconf 76' lang='lat' dir='ltr'><strong>vel‘haereant</strong></span> <span class='ocrx_word' id='word_1_24' title='bbox 587 2817 710 2877; x_wconf 87' lang='lat' dir='ltr'><strong>subinde</strong></span> <span class='ocrx_word' id='word_1_25' title='bbox 741 2820 949 2899; x_wconf 79' lang='lat' dir='ltr'><strong>aegerrimeque</strong></span> <span class='ocrx_word' id='word_1_26' title='bbox 979 2822 1218 2900; x_wconf 76' lang='lat' dir='ltr'><strong>progrediantur,</strong></span> <span class='ocrx_word' id='word_1_27' title='bbox 1250 2821 1297 2882; x_wconf 82' lang='lat' dir='ltr'><strong>vel</strong></span> 
     </span>
     <span class='ocr_line' id='line_1_7' title="bbox 84 2911 1300 3000; baseline 0.004 -30"><span class='ocrx_word' id='word_1_28' title='bbox 84 2919 206 2976; x_wconf 87' lang='lat' dir='ltr'><strong>contiuuo</strong></span> <span class='ocrx_word' id='word_1_29' title='bbox 224 2917 349 2975; x_wconf 89' lang='lat' dir='ltr'><strong>reditum</strong></span> <span class='ocrx_word' id='word_1_30' title='bbox 368 2931 478 2997; x_wconf 88' lang='lat' dir='ltr'><strong>parent.</strong></span> <span class='ocrx_word' id='word_1_31' title='bbox 521 2915 605 2990; x_wconf 88' lang='lat' dir='ltr'><strong>Quod</strong></span> <span class='ocrx_word' id='word_1_32' title='bbox 625 2938 682 2976; x_wconf 88' lang='lat' dir='ltr'><strong>non</strong></span> <span class='ocrx_word' id='word_1_33' title='bbox 710 2917 813 2974; x_wconf 90' lang='lat' dir='ltr'><strong>mirum</strong></span> <span class='ocrx_word' id='word_1_34' title='bbox 836 2932 877 2976; x_wconf 91' lang='lat' dir='ltr'><strong>est</strong></span> <span class='ocrx_word' id='word_1_35' title='bbox 897 2911 929 2976; x_wconf 91' lang='lat' dir='ltr'><strong>in</strong></span> <span class='ocrx_word' id='word_1_36' title='bbox 949 2917 1090 2978; x_wconf 82' lang='lat' dir='ltr'><strong>hodierna</strong></span> <span class='ocrx_word' id='word_1_37' title='bbox 1112 2934 1139 2978; x_wconf 82' lang='lat' dir='ltr'><strong>et</strong></span> <span class='ocrx_word' id='word_1_38' title='bbox 1163 2917 1300 3000; x_wconf 87' lang='lat' dir='ltr'><strong>discipli-</strong></span> 
     </span>
     <span class='ocr_line' id='line_1_8' title="bbox 86 3013 1299 3096; baseline 0.004 -27"><span class='ocrx_word' id='word_1_39' title='bbox 86 3033 170 3073; x_wconf 88' lang='lat' dir='ltr'><strong>narum</strong></span> <span class='ocrx_word' id='word_1_40' title='bbox 198 3013 332 3074; x_wconf 84' lang='lat' dir='ltr'><strong>methodo</strong></span> <span class='ocrx_word' id='word_1_41' title='bbox 359 3028 386 3072; x_wconf 91' lang='lat' dir='ltr'><strong>et</strong></span> <span class='ocrx_word' id='word_1_42' title='bbox 409 3014 607 3094; x_wconf 86' lang='lat' dir='ltr'><strong>philosophiae</strong></span> <span class='ocrx_word' id='word_1_43' title='bbox 635 3013 829 3075; x_wconf 49' lang='lat' dir='ltr'><strong>conditione«</strong></span> <span class='ocrx_word' id='word_1_44' title='bbox 853 3015 1003 3076; x_wconf 84' lang='lat' dir='ltr'><strong>Contineri</strong></span> <span class='ocrx_word' id='word_1_45' title='bbox 1032 3014 1102 3075; x_wconf 85' lang='lat' dir='ltr'><strong>haee</strong></span> <span class='ocrx_word' id='word_1_46' title='bbox 1133 3017 1299 3096; x_wconf 88' lang='lat' dir='ltr'><strong>praesertim</strong></span> 
     </span>
     <span class='ocr_line' id='line_1_9' title="bbox 86 3110 1358 3193; baseline 0.002 -23"><span class='ocrx_word' id='word_1_47' title='bbox 86 3110 186 3171; x_wconf 78' lang='lat' dir='ltr'><strong>ridetur</strong></span> <span class='ocrx_word' id='word_1_48' title='bbox 202 3112 416 3192; x_wconf 73' lang='lat' dir='ltr'><strong>metaphysica,</strong></span> <span class='ocrx_word' id='word_1_49' title='bbox 435 3133 450 3170; x_wconf 92' lang='lat' dir='ltr'><strong>e</strong></span> <span class='ocrx_word' id='word_1_50' title='bbox 467 3114 549 3190; x_wconf 85' lang='lat' dir='ltr'><strong>cujus</strong></span> <span class='ocrx_word' id='word_1_51' title='bbox 567 3112 719 3192; x_wconf 76' lang='lat' dir='ltr'><strong>principiis</strong></span> <span class='ocrx_word' id='word_1_52' title='bbox 732 3111 923 3192; x_wconf 71' lang='lat' dir='ltr'><strong>explicandae</strong></span> <span class='ocrx_word' id='word_1_53' title='bbox 943 3113 1095 3192; x_wconf 83' lang='lat' dir='ltr'><strong>maximam</strong></span> <span class='ocrx_word' id='word_1_54' title='bbox 1115 3127 1224 3193; x_wconf 82' lang='lat' dir='ltr'><strong>partem</strong></span> <span class='ocrx_word' id='word_1_55' title='bbox 1241 3114 1301 3172; x_wconf 83' lang='lat' dir='ltr'><strong>sint</strong></span> <span class='ocrx_word' id='word_1_56' title='bbox 1354 3166 1358 3175; x_wconf 84' lang='lat'><em>.</em></span> 
     </span>
     <span class='ocr_line' id='line_1_10' title="bbox 87 3204 1303 3290; baseline 0.002 -25"><span class='ocrx_word' id='word_1_57' title='bbox 87 3204 179 3285; x_wconf 83' lang='lat' dir='ltr'><strong>logica,</strong></span> <span class='ocrx_word' id='word_1_58' title='bbox 199 3211 294 3270; x_wconf 82' lang='lat' dir='ltr'><strong>ethica</strong></span> <span class='ocrx_word' id='word_1_59' title='bbox 304 3254 312 3284; x_wconf 91' lang='lat'><strong>,</strong></span> <span class='ocrx_word' id='word_1_60' title='bbox 336 3211 397 3290; x_wconf 85' lang='lat' dir='ltr'><strong>ipsa</strong></span> <span class='ocrx_word' id='word_1_61' title='bbox 421 3211 524 3282; x_wconf 81' lang='lat' dir='ltr'><strong>ctiam,</strong></span> <span class='ocrx_word' id='word_1_62' title='bbox 545 3231 714 3288; x_wconf 81' lang='lat' dir='ltr'><strong>quae-nune</strong></span> <span class='ocrx_word' id='word_1_63' title='bbox 743 3223 862 3270; x_wconf 80' lang='lat' dir='ltr'><strong>vocatur</strong></span> <span class='ocrx_word' id='word_1_64' title='bbox 873 3256 882 3284; x_wconf 90' lang='lat'><strong>,</strong></span> <span class='ocrx_word' id='word_1_65' title='bbox 902 3211 1066 3270; x_wconf 82' lang='lat' dir='ltr'><strong>aosthetioa.</strong></span> <span class='ocrx_word' id='word_1_66' title='bbox 1107 3210 1303 3270; x_wconf 82' lang='lat' dir='ltr'><strong>Institutionis</strong></span> 
     </span>
     <span class='ocr_line' id='line_1_11' title="bbox 87 3285 1298 3388; baseline 0.004 -29"><span class='ocrx_word' id='word_1_67' title='bbox 87 3319 163 3365; x_wconf 88' lang='lat' dir='ltr'><strong>autem</strong></span> <span class='ocrx_word' id='word_1_68' title='bbox 180 3307 345 3386; x_wconf 71' lang='lat' dir='ltr'><strong>hujusmodi</strong></span> <span class='ocrx_word' id='word_1_69' title='bbox 365 3321 409 3366; x_wconf 85' lang='lat' dir='ltr'><strong>est</strong></span> <span class='ocrx_word' id='word_1_70' title='bbox 425 3307 515 3381; x_wconf 87' lang='lat' dir='ltr'><strong>ratio,</strong></span> <span class='ocrx_word' id='word_1_71' title='bbox 538 3319 569 3365; x_wconf 91' lang='lat' dir='ltr'><strong>ut</strong></span> <span class='ocrx_word' id='word_1_72' title='bbox 594 3285 735 3384; x_wconf 72' lang='lat' dir='ltr'><strong>juvenis,</strong></span> <span class='ocrx_word' id='word_1_73' title='bbox 758 3309 810 3369; x_wconf 84' lang='lat' dir='ltr'><strong>rix</strong></span> <span class='ocrx_word' id='word_1_74' title='bbox 831 3307 986 3388; x_wconf 74' lang='lat' dir='ltr'><strong>degustatis</strong></span> <span class='ocrx_word' id='word_1_75' title='bbox 1014 3314 1128 3388; x_wconf 71' lang='lat' dir='ltr'><strong>poeseos</strong></span> <span class='ocrx_word' id='word_1_76' title='bbox 1157 3322 1187 3366; x_wconf 89' lang='lat' dir='ltr'><strong>et</strong></span> <span class='ocrx_word' id='word_1_77' title='bbox 1205 3307 1298 3366; x_wconf 85' lang='lat' dir='ltr'><strong>litera·</strong></span> 
     </span>
     <span class='ocr_line' id='line_1_12' title="bbox 87 3403 1344 3486; baseline 0.003 -28"><span class='ocrx_word' id='word_1_78' title='bbox 87 3421 137 3460; x_wconf 87' lang='lat' dir='ltr'><strong>rum</strong></span> <span class='ocrx_word' id='word_1_79' title='bbox 155 3406 264 3480; x_wconf 83' lang='lat' dir='ltr'><strong>initiis,</strong></span> <span class='ocrx_word' id='word_1_80' title='bbox 284 3406 423 3464; x_wconf 87' lang='lat' dir='ltr'><strong>continuo</strong></span> <span class='ocrx_word' id='word_1_81' title='bbox 443 3404 480 3463; x_wconf 91' lang='lat' dir='ltr'><strong>ad</strong></span> <span class='ocrx_word' id='word_1_82' title='bbox 499 3403 721 3484; x_wconf 81' lang='lat' dir='ltr'><strong>metaphysioam</strong></span> <span class='ocrx_word' id='word_1_83' title='bbox 740 3405 822 3464; x_wconf 91' lang='lat' dir='ltr'><strong>illam</strong></span> <span class='ocrx_word' id='word_1_84' title='bbox 841 3407 901 3464; x_wconf 89' lang='lat' dir='ltr'><strong>sive</strong></span> <span class='ocrx_word' id='word_1_85' title='bbox 921 3407 1011 3485; x_wconf 88' lang='lat' dir='ltr'><strong>ipsam</strong></span> <span class='ocrx_word' id='word_1_86' title='bbox 1030 3406 1090 3465; x_wconf 84' lang='lat' dir='ltr'><strong>sive</strong></span> <span class='ocrx_word' id='word_1_87' title='bbox 1111 3407 1175 3484; x_wconf 85' lang='lat' dir='ltr'><strong>ejus</strong></span> <span class='ocrx_word' id='word_1_88' title='bbox 1189 3406 1301 3486; x_wconf 80' lang='lat' dir='ltr'><strong>prinoi-</strong></span> <span class='ocrx_word' id='word_1_89' title='bbox 1342 3430 1344 3436; x_wconf 95' lang='lat'>·</span> 
     </span>
     <span class='ocr_line' id='line_1_13' title="bbox 87 3499 1302 3582; baseline 0.002 -26"><span class='ocrx_word' id='word_1_90' title='bbox 87 3499 124 3576; x_wconf 89' lang='lat' dir='ltr'><strong>pia</strong></span> <span class='ocrx_word' id='word_1_91' title='bbox 148 3502 346 3577; x_wconf 81' lang='lat' dir='ltr'><strong>adducantur,</strong></span> <span class='ocrx_word' id='word_1_92' title='bbox 375 3523 446 3581; x_wconf 90' lang='lat' dir='ltr'><strong>quae</strong></span> <span class='ocrx_word' id='word_1_93' title='bbox 475 3523 542 3560; x_wconf 84' lang='lat' dir='ltr'><strong>sane</strong></span> <span class='ocrx_word' id='word_1_94' title='bbox 569 3502 724 3581; x_wconf 85' lang='lat' dir='ltr'><strong>disciplina</strong></span> <span class='ocrx_word' id='word_1_95' title='bbox 756 3518 783 3562; x_wconf 91' lang='lat' dir='ltr'><strong>et</strong></span> <span class='ocrx_word' id='word_1_96' title='bbox 813 3517 854 3562; x_wconf 92' lang='lat' dir='ltr'><strong>est</strong></span> <span class='ocrx_word' id='word_1_97' title='bbox 883 3516 910 3560; x_wconf 90' lang='lat' dir='ltr'><strong>et</strong></span> <span class='ocrx_word' id='word_1_98' title='bbox 936 3502 1058 3562; x_wconf 90' lang='lat' dir='ltr'><strong>habetur</strong></span> <span class='ocrx_word' id='word_1_99' title='bbox 1083 3501 1302 3582; x_wconf 86' lang='lat' dir='ltr'><strong>disciplinarum</strong></span> 
     </span>
     <span class='ocr_line' id='line_1_14' title="bbox 88 3598 1303 3682; baseline 0.003 -30"><span class='ocrx_word' id='word_1_100' title='bbox 88 3601 198 3660; x_wconf 86' lang='lat' dir='ltr'><strong>omnium</strong></span> <span class='ocrx_word' id='word_1_101' title='bbox 217 3601 302 3681; x_wconf 80' lang='lat' dir='ltr'><strong>longe</strong></span> <span class='ocrx_word' id='word_1_102' title='bbox 319 3598 503 3659; x_wconf 89' lang='lat' dir='ltr'><strong>difficillima.</strong></span> <span class='ocrx_word' id='word_1_103' title='bbox 545 3598 656 3673; x_wconf 85' lang='lat' dir='ltr'><strong>Quidni</strong></span> <span class='ocrx_word' id='word_1_104' title='bbox 671 3600 759 3680; x_wconf 84' lang='lat' dir='ltr'><strong>igitur</strong></span> <span class='ocrx_word' id='word_1_105' title='bbox 773 3600 984 3682; x_wconf 88' lang='lat' dir='ltr'><strong>philosophiam</strong></span> <span class='ocrx_word' id='word_1_106' title='bbox 1005 3623 1063 3660; x_wconf 88' lang='lat' dir='ltr'><strong>rem</strong></span> <span class='ocrx_word' id='word_1_107' title='bbox 1078 3600 1202 3658; x_wconf 89' lang='lat' dir='ltr'><strong>habeant</strong></span> <span class='ocrx_word' id='word_1_108' title='bbox 1211 3645 1219 3673; x_wconf 91' lang='lat'><em>‚</em></span> <span class='ocrx_word' id='word_1_109' title='bbox 1241 3620 1303 3678; x_wconf 82' lang='lat' dir='ltr'><strong>gra·</strong></span> 
     </span>
     <span class='ocr_line' id='line_1_15' title="bbox 89 3680 1303 3778; baseline 0.002 -27"><span class='ocrx_word' id='word_1_110' title='bbox 89 3693 206 3756; x_wconf 76' lang='lat' dir='ltr'><strong>tissimum</strong></span> <span class='ocrx_word' id='word_1_111' title='bbox 224 3680 345 3760; x_wconf 76' lang='lat' dir='ltr'><strong>tortasse</strong></span> <span class='ocrx_word' id='word_1_112' title='bbox 357 3699 423 3758; x_wconf 87' lang='lat' dir='ltr'><strong>aliis</strong></span> <span class='ocrx_word' id='word_1_113' title='bbox 441 3713 468 3758; x_wconf 87' lang='lat' dir='ltr'><strong>ct</strong></span> <span class='ocrx_word' id='word_1_114' title='bbox 483 3697 759 3778; x_wconf 85' lang='lat' dir='ltr'><strong>pulcerrimam,sed</strong></span> <span class='ocrx_word' id='word_1_115' title='bbox 779 3699 834 3758; x_wconf 90' lang='lat' dir='ltr'><strong>sihi</strong></span> <span class='ocrx_word' id='word_1_116' title='bbox 855 3699 1007 3778; x_wconf 80' lang='lat' dir='ltr'><strong>ingratam,</strong></span> <span class='ocrx_word' id='word_1_117' title='bbox 1023 3700 1130 3778; x_wconf 83' lang='lat' dir='ltr'><strong>quippe</strong></span> <span class='ocrx_word' id='word_1_118' title='bbox 1148 3719 1199 3758; x_wconf 91' lang='lat' dir='ltr'><strong>suo</strong></span> <span class='ocrx_word' id='word_1_119' title='bbox 1218 3711 1303 3778; x_wconf 79' lang='lat' dir='ltr'><strong>captu</strong></span> 
     </span>
     <span class='ocr_line' id='line_1_16' title="bbox 90 3795 1304 3876; baseline 0.007 -28"><span class='ocrx_word' id='word_1_120' title='bbox 90 3795 228 3869; x_wconf 73' lang='lat' dir='ltr'><strong>majorem?</strong></span> <span class='ocrx_word' id='word_1_121' title='bbox 250 3797 315 3870; x_wconf 88' lang='lat' dir='ltr'><strong>Quo</strong></span> <span class='ocrx_word' id='word_1_122' title='bbox 332 3797 421 3876; x_wconf 79' lang='lat' dir='ltr'><strong>magis</strong></span> <span class='ocrx_word' id='word_1_123' title='bbox 439 3795 613 3856; x_wconf 79' lang='lat' dir='ltr'><strong>admiramur</strong></span> <span class='ocrx_word' id='word_1_124' title='bbox 631 3817 698 3872; x_wconf 84' lang='lat' dir='ltr'><strong>eos,</strong></span> <span class='ocrx_word' id='word_1_125' title='bbox 724 3797 773 3874; x_wconf 83' lang='lat' dir='ltr'><strong>qui</strong></span> <span class='ocrx_word' id='word_1_126' title='bbox 799 3797 831 3858; x_wconf 89' lang='lat' dir='ltr'><strong>in</strong></span> <span class='ocrx_word' id='word_1_127' title='bbox 850 3795 990 3856; x_wconf 83' lang='lat' dir='ltr'><strong>tradenda</strong></span> <span class='ocrx_word' id='word_1_128' title='bbox 1015 3795 1197 3876; x_wconf 86' lang='lat' dir='ltr'><strong>philosophia</strong></span> <span class='ocrx_word' id='word_1_129' title='bbox 1216 3796 1304 3860; x_wconf 77' lang='lat' dir='ltr'><strong>,hisce</strong></span> 
     </span>
     <span class='ocr_line' id='line_1_17' title="bbox 91 3891 1303 3974; baseline 0.007 -30"><span class='ocrx_word' id='word_1_130' title='bbox 91 3907 138 3946; x_wconf 89' lang='lat' dir='ltr'><strong>non</strong></span> <span class='ocrx_word' id='word_1_131' title='bbox 153 3892 349 3974; x_wconf 82' lang='lat' dir='ltr'><strong>impediuntur</strong></span> <span class='ocrx_word' id='word_1_132' title='bbox 366 3891 606 3968; x_wconf 79' lang='lat' dir='ltr'><strong>difficultatibus,</strong></span> <span class='ocrx_word' id='word_1_133' title='bbox 627 3893 677 3952; x_wconf 84' lang='lat' dir='ltr'><strong>sed</strong></span> <span class='ocrx_word' id='word_1_134' title='bbox 700 3895 766 3954; x_wconf 73' lang='lat' dir='ltr'><strong>siue·</strong></span> <span class='ocrx_word' id='word_1_135' title='bbox 784 3895 918 3972; x_wconf 82' lang='lat' dir='ltr'><strong>ingenio,</strong></span> <span class='ocrx_word' id='word_1_136' title='bbox 939 3894 999 3952; x_wconf 87' lang='lat' dir='ltr'><strong>sivo</strong></span> <span class='ocrx_word' id='word_1_137' title='bbox 1028 3908 1153 3954; x_wconf 79' lang='lat' dir='ltr'><strong>veterum</strong></span> <span class='ocrx_word' id='word_1_138' title='bbox 1182 3895 1303 3954; x_wconf 79' lang='lat' dir='ltr'><strong>lectione</strong></span> 
     </span>
     <span class='ocr_line' id='line_1_18' title="bbox 92 3982 388 4072; baseline 0.027 -30"><span class='ocrx_word' id='word_1_139' title='bbox 92 3982 164 4046; x_wconf 81' lang='lat' dir='ltr'><strong>facile</strong></span> <span class='ocrx_word' id='word_1_140' title='bbox 180 4012 224 4050; x_wconf 90' lang='lat' dir='ltr'><strong>eas</strong></span> <span class='ocrx_word' id='word_1_141' title='bbox 242 4005 388 4072; x_wconf 89' lang='lat' dir='ltr'><strong>superant.</strong></span> 
     </span>
    </p>

    <p class='ocr_par' dir='ltr' id='par_1_6' title="bbox 94 4085 1304 4563">
     <span class='ocr_line' id='line_1_19' title="bbox 122 4085 1302 4170; baseline 0 -24"><span class='ocrx_word' id='word_1_142' title='bbox 122 4085 178 4146; x_wconf 83' lang='lat' dir='ltr'><strong>Non</strong></span> <span class='ocrx_word' id='word_1_143' title='bbox 195 4090 233 4148; x_wconf 84' lang='lat' dir='ltr'><strong>ita</strong></span> <span class='ocrx_word' id='word_1_144' title='bbox 252 4111 281 4148; x_wconf 92' lang='lat' dir='ltr'><strong>se</strong></span> <span class='ocrx_word' id='word_1_145' title='bbox 303 4089 389 4147; x_wconf 91' lang='lat' dir='ltr'><strong>hahet</strong></span> <span class='ocrx_word' id='word_1_146' title='bbox 401 4088 588 4169; x_wconf 87' lang='lat' dir='ltr'><strong>philosophia</strong></span> <span class='ocrx_word' id='word_1_147' title='bbox 607 4087 754 4155; x_wconf 78' lang='lat' dir='ltr'><strong>Platon-isa</strong></span> <span class='ocrx_word' id='word_1_148' title='bbox 773 4105 869 4169; x_wconf 75' lang='lat' dir='ltr'><strong>neque·</strong></span> <span class='ocrx_word' id='word_1_149' title='bbox 893 4087 1030 4148; x_wconf 78' lang='lat' dir='ltr'><strong>absterret</strong></span> <span class='ocrx_word' id='word_1_150' title='bbox 1051 4091 1111 4170; x_wconf 91' lang='lat' dir='ltr'><strong>ipso</strong></span> <span class='ocrx_word' id='word_1_151' title='bbox 1139 4089 1244 4162; x_wconf 88' lang='lat' dir='ltr'><strong>aditu,</strong></span> <span class='ocrx_word' id='word_1_152' title='bbox 1276 4101 1302 4146; x_wconf 82' lang='lat' dir='ltr'><strong>et</strong></span> 
     </span>
     <span class='ocr_line' id='line_1_20' title="bbox 94 4186 1302 4270; baseline 0.003 -30"><span class='ocrx_word' id='word_1_153' title='bbox 94 4198 220 4261; x_wconf 80' lang='lat' dir='ltr'><strong>progressu</strong></span> <span class='ocrx_word' id='word_1_154' title='bbox 244 4187 334 4266; x_wconf 82' lang='lat' dir='ltr'><strong>magis</strong></span> <span class='ocrx_word' id='word_1_155' title='bbox 351 4186 488 4268; x_wconf 88' lang='lat' dir='ltr'><strong>deinceps</strong></span> <span class='ocrx_word' id='word_1_156' title='bbox 504 4188 649 4267; x_wconf 84' lang='lat' dir='ltr'><strong>magisque</strong></span> <span class='ocrx_word' id='word_1_157' title='bbox 665 4187 768 4270; x_wconf 80' lang='lat' dir='ltr'><strong>placet.</strong></span> <span class='ocrx_word' id='word_1_158' title='bbox 790 4186 880 4262; x_wconf 79' lang='lat' dir='ltr'><strong>Quod</strong></span> <span class='ocrx_word' id='word_1_159' title='bbox 895 4187 951 4267; x_wconf 88' lang='lat' dir='ltr'><strong>ipsi</strong></span> <span class='ocrx_word' id='word_1_160' title='bbox 968 4187 1047 4264; x_wconf 85' lang='lat' dir='ltr'><strong>jam,</strong></span> <span class='ocrx_word' id='word_1_161' title='bbox 1066 4189 1097 4246; x_wconf 91' lang='lat' dir='ltr'><strong>ni</strong></span> <span class='ocrx_word' id='word_1_162' title='bbox 1118 4188 1223 4260; x_wconf 78' lang='lat' dir='ltr'><strong>fallor,</strong></span> <span class='ocrx_word' id='word_1_163' title='bbox 1247 4187 1302 4245; x_wconf 86' lang='lat' dir='ltr'><strong>hoc</strong></span> 
     </span>
     <span class='ocr_line' id='line_1_21' title="bbox 95 4272 1303 4366; baseline 0.009 -36"><span class='ocrx_word' id='word_1_164' title='bbox 95 4272 144 4337; x_wconf 90' lang='lat' dir='ltr'><strong>loco</strong></span> <span class='ocrx_word' id='word_1_165' title='bbox 164 4287 333 4366; x_wconf 87' lang='lat' dir='ltr'><strong>experimur.</strong></span> <span class='ocrx_word' id='word_1_166' title='bbox 374 4285 445 4344; x_wconf 83' lang='lat' dir='ltr'><strong>Nam</strong></span> <span class='ocrx_word' id='word_1_167' title='bbox 466 4285 496 4344; x_wconf 88' lang='lat' dir='ltr'><strong>in</strong></span> <span class='ocrx_word' id='word_1_168' title='bbox 521 4283 614 4344; x_wconf 81' lang='lat' dir='ltr'><strong>inedia</strong></span> <span class='ocrx_word' id='word_1_169' title='bbox 634 4286 685 4344; x_wconf 92' lang='lat' dir='ltr'><strong>illa</strong></span> <span class='ocrx_word' id='word_1_170' title='bbox 706 4289 765 4364; x_wconf 63' lang='lat' dir='ltr'><strong>¹jam</strong></span> <span class='ocrx_word' id='word_1_171' title='bbox 790 4284 902 4344; x_wconf 89' lang='lat' dir='ltr'><strong>dudum</strong></span> <span class='ocrx_word' id='word_1_172' title='bbox 924 4307 1084 4359; x_wconf 74' lang='lat' dir='ltr'><strong>versamur,</strong></span> <span class='ocrx_word' id='word_1_173' title='bbox 1106 4307 1158 4344; x_wconf 93' lang='lat' dir='ltr'><strong>nec</strong></span> <span class='ocrx_word' id='word_1_174' title='bbox 1180 4286 1236 4342; x_wconf 85' lang='lat' dir='ltr'><strong>luit</strong></span> <span class='ocrx_word' id='word_1_175' title='bbox 1257 4299 1303 4359; x_wconf 81' lang='lat' dir='ltr'><strong>ta-¹</strong></span> 
     </span>
     <span class='ocr_line' id='line_1_22' title="bbox 96 4381 1303 4468; baseline 0.008 -39"><span class='ocrx_word' id='word_1_176' title='bbox 96 4391 164 4452; x_wconf 89' lang='lat' dir='ltr'><strong>nen,</strong></span> <span class='ocrx_word' id='word_1_177' title='bbox 181 4383 257 4462; x_wconf 83' lang='lat' dir='ltr'><strong>quod</strong></span> <span class='ocrx_word' id='word_1_178' title='bbox 273 4385 334 4446; x_wconf 81' lang='lat' dir='ltr'><strong>sive</strong></span> <span class='ocrx_word' id='word_1_179' title='bbox 349 4381 519 4442; x_wconf 88' lang='lat' dir='ltr'><strong>difficultate</strong></span> <span class='ocrx_word' id='word_1_180' title='bbox 536 4383 596 4444; x_wconf 87' lang='lat' dir='ltr'><strong>sive</strong></span> <span class='ocrx_word' id='word_1_181' title='bbox 610 4385 763 4464; x_wconf 74' lang='lat' dir='ltr'><strong>¹ieiunitate</strong></span> <span class='ocrx_word' id='word_1_182' title='bbox 779 4405 830 4444; x_wconf 90' lang='lat' dir='ltr'><strong>nos</strong></span> <span class='ocrx_word' id='word_1_183' title='bbox 845 4404 1013 4464; x_wconf 78' lang='lat' dir='ltr'><strong>magnopere</strong></span> <span class='ocrx_word' id='word_1_184' title='bbox 1034 4385 1171 4460; x_wconf 82' lang='lat' dir='ltr'><strong>rejiceret.</strong></span> <span class='ocrx_word' id='word_1_185' title='bbox 1194 4381 1303 4468; x_wconf 83' lang='lat' dir='ltr'><strong>Quodsi</strong></span> 
     </span>
     <span class='ocr_line' id='line_1_23' title="bbox 97 4467 1304 4563; baseline 0.003 -29"><span class='ocrx_word' id='word_1_186' title='bbox 97 4467 125 4528; x_wconf 75' lang='lat' dir='ltr'><strong>(le</strong></span> <span class='ocrx_word' id='word_1_187' title='bbox 138 4496 272 4560; x_wconf 84' lang='lat' dir='ltr'><strong>progressu</strong></span> <span class='ocrx_word' id='word_1_188' title='bbox 291 4482 420 4560; x_wconf 87' lang='lat' dir='ltr'><strong>quaeris:</strong></span> <span class='ocrx_word' id='word_1_189' title='bbox 443 4481 503 4540; x_wconf 90' lang='lat' dir='ltr'><strong>noli</strong></span> <span class='ocrx_word' id='word_1_190' title='bbox 527 4481 675 4542; x_wconf 82' lang='lat' dir='ltr'><strong>dubitare:</strong></span> <span class='ocrx_word' id='word_1_191' title='bbox 698 4482 883 4563; x_wconf 88' lang='lat' dir='ltr'><strong>respondebit</strong></span> <span class='ocrx_word' id='word_1_192' title='bbox 901 4480 952 4540; x_wconf 92' lang='lat' dir='ltr'><strong>ille</strong></span> <span class='ocrx_word' id='word_1_193' title='bbox 976 4483 1139 4562; x_wconf 87' lang='lat' dir='ltr'><strong>principio,</strong></span> <span class='ocrx_word' id='word_1_194' title='bbox 1161 4481 1235 4555; x_wconf 86' lang='lat' dir='ltr'><strong>imo,</strong></span> <span class='ocrx_word' id='word_1_195' title='bbox 1258 4503 1304 4539; x_wconf 90' lang='lat' dir='ltr'><strong>ar-</strong></span> 
     </span>
    </p>
   </div>
   <div class='ocr_carea' id='block_1_6' title="bbox 1279 4725 1296 4776">
    <p class='ocr_par' dir='ltr' id='par_1_7' title="bbox 1279 4725 1296 4776">
     <span class='ocr_line' id='line_1_24' title="bbox 1279 4725 1296 4776; baseline 0 0"><span class='ocrx_word' id='word_1_196' title='bbox 1279 4725 1296 4776; x_wconf 57' lang='lat' dir='ltr'><strong>b</strong></span> 
     </span>
    </p>
   </div>
   <div class='ocr_carea' id='block_1_7' title="bbox 0 0 1509 5134">
    <p class='ocr_par' dir='ltr' id='par_1_8' title="bbox 0 0 1509 5134">
     <span class='ocr_line' id='line_1_25' title="bbox 0 0 1509 5134; baseline 0 0"><span class='ocrx_word' id='word_1_197' title='bbox 0 0 1509 5134; x_wconf 95' lang='lat' dir='ltr'><strong> </strong></span> 
     </span>
    </p>
   </div>
  </div>
 </body>
</html>
