2908 5114
739 262 799 320 338

158 425 226 496 item
245 420 378 481 sensibus
398 419 518 494 multis,
540 441 577 480 ne
597 418 694 480 dicam
713 421 868 496 omuibus,
891 418 974 480 nullo
993 418 1191 496 hujuscemodi
1209 439 1314 498 genere
1323 441 1380 500 opus

158 541 226 580 esse.
269 518 377 578 Tibine
396 538 465 579 vero
484 519 697 578 succurritl-
718 521 782 578 Non
809 517 1005 578 succurrit-
1025 517 1096 576 Vim
1123 529 1219 576 atatem
1251 515 1379 589 videndi,

156 638 270 698 quaque
291 637 335 677 res
353 615 484 676 visibiles
505 615 664 690 videntur,
687 638 786 677 nonne
804 639 837 677 eo
857 615 988 694 indigere
1008 613 1241 674 animadvertisti
1254 617 1269 675 i
1280 657 1311 666 -
1329 617 1380 688 Quo

157 716 308 797 pactol-
335 715 487 772 Praesente
511 713 603 772 oeulis
625 717 709 791 visu,
740 717 867 799 ipsisque
887 711 926 774 ad
946 710 1109 772 videndum
1134 699 1278 787 hiterius,
1308 734 1380 793 prae-

156 826 236 874 sente
263 812 332 870 item
359 809 474 884 colore,
506 811 563 870 nisi
592 810 669 872 adsit
697 827 724 872 et
753 833 843 892 genus
872 810 1009 884 tertium,
1032 810 1148 890 proprie
1169 809 1207 868 ad
1227 809 1282 869 boc
1299 811 1379 890 ipsun

156 909 259 968 naturl
277 922 395 988 aptum,
417 909 472 966 scis
490 929 577 984 sane,
610 931 663 969 nec
684 911 780 972 visum
808 911 938 972 visurum
957 907 1116 988 quidquam
1144 928 1205 970 esse
1235 922 1264 967 et
1286 909 1379 968 colores

155 1007 268 1066 futuros
286 1003 475 1064 invisibiles?
491 1039 525 1048 —
546 1006 693 1078 Quidnam
723 1007 755 1068 id
785 1028 844 1067 esse
871 1005 969 1064 dicis?
987 1035 1023 1042 -
1043 1004 1129 1080 Quod
1158 1019 1190 1065 tu
1220 1005 1314 1064 lu'cem
1340 1027 1378 1066 vo·

154 1125 255 1164 cas.—-
276 1103 352 1162 Vera
371 1100 551 1180 loqueris-
571 1105 627 1162 Res
647 1105 736 1185 igitur
766 1128 827 1164 non
856 1103 1104 1178 contemnendae,
1136 1103 1263 1164 videndi
1290 1125 1376 1162 seusus

155 1214 183 1260 et
204 1201 323 1278 visque
342 1198 475 1258 visibiles
496 1199 574 1259 fiunt
591 1221 635 1260 res
646 1248 654 1276 ,
672 1205 743 1284 jugo
761 1201 887 1282 quodam
907 1201 1029 1259 aliarum
1052 1201 1182 1259 omnium
1212 1203 1376 1278 conjunctio-

155 1318 226 1358 num
244 1297 427 1378 honoratiore
453 1297 574 1376 junctae
601 1314 688 1360 sunt:
711 1302 768 1360 nisi
788 1298 1001 1360 contemnenda
1026 1319 1071 1357 res
1097 1298 1150 1356 lux
1176 1299 1222 1358 sit.
1238 1327 1274 1336 -
1302 1300 1376 1377 Atqui

154 1396 278 1456 multum
298 1393 397 1470 abest,
419 1407 451 1453 ut
469 1415 514 1453 res
531 1396 569 1454 sit
590 1398 856 1459 contemnenda-
878 1399 971 1472 Quem
1006 1417 1077 1458 vero
1106 1397 1289 1477 potissimum
1315 1399 1376 1455 Deo·

155 1517 219 1554 rum
238 1493 404 1554 coelestium
421 1492 509 1569 hujus
529 1495 571 1552 rei
592 1517 720 1556 caussam
741 1513 845 1578 putas,
866 1499 949 1574 cujus
967 1495 1066 1554 lumen
1085 1493 1195 1568 efficit,
1219 1507 1250 1552 ut
1269 1508 1295 1553 et
1312 1496 1376 1554 visus

154 1607 251 1653 noster
268 1612 354 1672 quam
373 1590 479 1670 optime
500 1589 600 1652 videat
620 1607 648 1652 et
669 1595 762 1654 oeulis
781 1594 893 1673 objecta
921 1595 1103 1653 cernantur?
1122 1625 1155 1634 -
1184 1593 1277 1666 Quem
1304 1606 1330 1651 et
1352 1605 1375 1649 tu

153 1705 237 1773 putas
255 1703 282 1748 et
301 1688 422 1748 caeteri:
445 1686 534 1746 solem
554 1690 666 1750 scilicet
685 1691 816 1751 dieis.-
835 1694 939 1752 Nonne
961 1692 1001 1770 sic
1022 1689 1060 1749 ad
1083 1689 1164 1748 huuc
1193 1691 1285 1749 Deum
1311 1691 1375 1750 visus

154 1809 183 1848 se
201 1787 359 1847 habetl-
378 1784 598 1859 Quomodot-
619 1790 677 1848 Nee
709 1791 789 1850 visus
813 1791 893 1870 ipse,
922 1809 1016 1867 neque
1037 1785 1088 1863 id,
1120 1787 1168 1845 eui
1189 1787 1283 1862 inest,
1311 1784 1375 1864 quod

152 1887 270 1946 oculum
289 1905 442 1959 vocamus,
472 1875 553 1962 ἥλιος
583 1900 680 1946 est.—
701 1889 766 1947 Non
798 1901 894 1946 est-
914 1884 972 1944 Sed
999 1905 1058 1944 esse
1091 1884 1186 1945 visum
1211 1884 1295 1943 credo
1319 1901 1374 1964 prae

156 1983 431 2042 caeteris-sensibus
452 1971 697 2064 p‘lrosrdiorarov.
708 2013 740 2022 -
762 1985 800 2044 Et
819 1985 943 2042 maxime
963 1982 1136 2061 quidem-
1154 1985 1258 2041 Nonne
1275 1996 1301 2040 et
1317 1982 1374 2052 vim,

153 2102 238 2160 quam
257 2080 362 2157 babet,
383 2103 420 2141 ex
439 2105 473 2145 eo
495 2075 673 2168 deprom'tam
694 2099 722 2145 et
740 2083 823 2162 quasi
852 2082 1012 2142 derivatam
1031 2078 1190 2139 habet?-
1219 2083 1374 2138 Prorsus-
1415 2106 1419 2114 ·

153 2180 256 2239 Nonne
277 2178 319 2236 sol
338 2181 425 2239 etiam
444 2183 524 2243 visus
541 2184 659 2262 quidem
678 2203 737 2241 nou
760 2193 802 2238 est
812 2224 820 2253 ,
843 2179 911 2253 sed,
932 2198 999 2236 eum
1018 2197 1116 2236 caussa
1136 2179 1198 2256 ejus
1217 2178 1271 2252 sit,
1300 2177 1373 2236 abeo

151 2275 215 2358 ipso
234 2278 480 2358 conspiciturl-
501 2279 548 2339 Sic
567 2280 665 2367 plane.
677 2305 712 2314 -
737 2276 850 2340 Τοῦτον
870 2272 968 2336 τοίνυν
983 2267 1074 2360 φοίναι
1083 2297 1122 2351 με
1143 2269 1235 2354 λέγειν
1256 2268 1307 2336 τίν
1324 2277 1374 2334 τοῦ

152 2370 299 2457 οἷγαθοῦ
321 2368 457 2454 ἔκγονον,
481 2369 516 2438 dv
536 2368 675 2457 τᾶγαθῦν
698 2373 852 2458 ἐγέννησεν
873 2371 1015 2457 α’νοὶλογον
1033 2369 1144 2460 ἑαυτοῦ,
1166 2367 1187 2436 ὅ
1209 2373 1291 2456 τίπιρ
1311 2368 1373 2436 ciri

153 2473 186 2538 ἓν
207 2474 253 2561 τῷ
272 2474 371 2560 νοητῷ
390 2469 475 2562 τόπῳ
497 2472 576 2558 πρός
596 2501 626 2540 τι
649 2478 719 2540 νοῦν
740 2478 790 2540 aui
809 2473 847 2541 τῦ
867 2471 1030 2556 νοούμενα,
1058 2477 1145 2538 τοῦτο
1167 2474 1273 2538 τοῦτον
1292 2475 1372 2558 ἓντῷ

153 2572 255 2664 ὁρατῷ
274 2571 350 2661 πρός
370 2599 402 2638 τε
425 2571 499 2654 ι’ίψιν
519 2578 568 2644 καί
578 2574 616 2642 τοὶ
630 2574 777 2664 ὁρώμενα·
790 2585 869 2642 buno
884 2589 1158 2662 igitermeoocare
1177 2582 1271 2639 boni
1287 2582 1372 2654 filium

153 2685 264 2756 dicito,
296 2703 381 2760 quem
413 2684 555 2742 bonum
575 2693 780 2766 progenuerit
807 2681 992 2740 consimilem
1015 2681 1072 2736 sibi
1084 2731 1086 2736 .
1100 2679 1156 2737 Ιιαο
1176 2686 1310 2753 ratione,
1327 2687 1369 2748 ut,

153 2783 230 2860 quod
248 2787 348 2856 iprum
368 2789 413 2839 cst
431 2788 465 2838 in
486 2785 596 2842 mundo
614 2784 810 2864 intelligibili
836 2780 876 2838 od
894 2777 1084 2842 intellectum
1113 2786 1143 2833 et
1160 2777 1370 2857 intelligibilia,

152 2881 187 2940 id
204 2880 257 2937 illc
274 2884 368 2935 sitin
384 2882 540 2956 spectabili
567 2885 677 2942 mundo
696 2883 737 2940 ad
757 2887 856 2957 cisum
885 2885 914 2936 et
941 2875 1172 2952 spectabilio.—·
1192 2875 1256 2948 Quo
1282 2874 1369 2954 paeto?

153 2977 272 3058 planius
291 2975 323 3036 id
343 2975 511 3056 expliea-
532 2979 639 3056 Oculi,
661 2995 694 3039 ut
709 2978 838 3052 novisti,
871 2974 923 3033 ubi
940 2974 1005 3053 quis
1025 2993 1071 3031 eos
1100 2993 1161 3030 non
1191 2971 1237 3031 ad·
1257 2993 1288 3031 ea
1312 2992 1370 3030 cou-

155 3060 289 3146 verterit,
311 3093 434 3152 quorum
453 3075 562 3136 colores
584 3077 689 3138 diurna
711 3079 764 3136 lux
784 3075 922 3147 illustrat,
944 3069 995 3130 sed
1015 3069 1053 3129 ad
1071 3068 1144 3144 illa,
1175 3070 1285 3149 quihus
1300 3071 1369 3128 affusa

155 3173 234 3232 noeti
255 3171 359 3230 similis
378 3170 432 3230 lux
453 3187 513 3248 est,
532 3177 698 3236 coecutiunt
715 3198 747 3235 ac
768 3174 847 3234 coeci
867 3173 927 3230 fere
949 3189 1008 3228 esse
1033 3165 1191 3242 videntur,
1222 3170 1280 3228 acsi
1306 3169 1368 3228 visus

154 3271 225 3351 ipsis
252 3290 343 3349 purus
372 3289 432 3326 non
458 3270 574 3332 inesset.
593 3300 627 3308 -
648 3274 695 3333 Sic
724 3272 841 3332 accidit.
860 3297 895 3304 -
926 3265 1056 3342 Quodsi,
1087 3265 1193 3341 eredo,
1214 3265 1251 3326 ad
1271 3289 1301 3326 ea
1317 3276 1368 3324 sunt

155 3367 304 3440 conversi,
325 3365 432 3444 quibus
453 3367 496 3426 sol
516 3369 611 3430 lucem
632 3371 766 3447 affundit,
788 3369 865 3429 clare
883 3378 1029 3440 cernunt,
1051 3363 1210 3443 iisdemque
1229 3364 1288 3424 illis
1306 3365 1367 3422 ines·

155 3485 183 3524 se
204 3464 322 3526 videtur
340 3465 474 3526 visus-
495 3455 677 3540 Quidnilss
699 3470 747 3530 Sic
764 3469 833 3528 item
852 3466 889 3526 de
906 3476 1002 3523 mente
1020 3461 1132 3542 cogita:
1166 3461 1218 3536 ubi
1236 3462 1274 3522 ad
1291 3459 1366 3531 illud,

156 3561 234 3642 quod
253 3563 358 3622 veritas
379 3576 406 3621 et
426 3552 465 3626 τῦ
497 3558 532 3628 dv
563 3568 709 3644 illustrat,
739 3567 853 3626 intenta
881 3563 988 3638 fuerit,
1019 3560 1161 3640 intelligit
1188 3561 1367 3640 cognoscitque

156 3661 189 3722 id
208 3675 236 3721 et
255 3659 325 3721 νοῦν
347 3654 425 3741 ἔχειν
445 3665 581 3742 videtur3
612 3667 659 3725 sin
689 3687 758 3727 vero
777 3663 815 3724 ad
834 3684 867 3722 ea
884 3673 1012 3743 spectat,
1043 3679 1116 3738 quae
1143 3659 1271 3718 tenebris
1296 3658 1366 3716 mixta

156 3774 224 3819 suut
234 3806 242 3835 ,
264 3784 336 3841 quae
355 3763 432 3827 frunt
449 3778 534 3844 atque
558 3766 726 3841 intereunt,
749 3764 885 3845 opinatur
904 3780 937 3819 ac
955 3757 1098 3832 coecutit,
1119 3777 1198 3816 nune
1211 3757 1268 3816 huc
1277 3803 1285 3830 ,
1305 3772 1366 3814 nunc

157 3855 230 3918 illuc
249 3860 400 3939 opiniones
419 3884 556 3938 versans,
578 3863 737 3942 similisque
757 3882 856 3921 rursus
875 3857 944 3918 νοῦν
965 3849 1017 3915 οῦκ
1039 3849 1138 3934 ἔχοντι
1160 3853 1366 3916 ests-Videtur

159 3956 333 4016 omuino-
357 3959 456 4022 Τοῦτο
478 3958 576 4023 τοίνυν
596 3953 631 4021 τῦ
653 3954 708 4042 την
729 3955 874 4041 α’λήθιιαν
902 3952 1038 4042 παρέχον
1063 3958 1125 4030 τοῖς
1150 3945 1366 4036 γιγνωσκομένοις

157 4051 275 4139 καὶτῷ
299 4055 485 4139 γιγνώσκοντι
515 4057 572 4145 την
604 4057 730 4142 δύναμιν
756 4055 913 4136 incelebris,
932 4051 998 4143 την
1024 4058 1089 4120 τοῦ
1115 4051 1261 4138 lycaei
1285 4045 1366 4114 ἰδίαν

159 4149 240 4236 φάθι
256 4150 342 4235 εἶναι,
360 4155 644 4246 ώςγιγνωσκομίνην
665 4161 722 4244 μὲν
742 4159 792 4226 dcci
813 4165 878 4242 νοῦ,
896 4160 993 4225 αἰτίαν
1012 4157 1040 4222 d'
1054 4153 1220 4241 ἐπιστήμης
1234 4149 1318 4219 οὖσαν
1329 4147 1366 4214 καί

157 4253 310 4340 ἀληθείας·
335 4263 369 4346 lJ
385 4267 435 4325 boc
458 4275 561 4347 igitur
571 4314 580 4343 ‚
602 4271 678 4347 quod
694 4277 735 4328 iis
754 4289 830 4346 quac
848 4275 1071 4348 cognoscuntur
1090 4271 1268 4335 οτνίίαίονι,
1295 4268 1321 4317 ct
1344 4259 1365 4312 cl

193 4451 219 4514 1)
238 4452 319 4504 Locus
337 4455 362 4504 in
379 4454 456 4505 codd.
477 4457 514 4506 sie
532 4455 671 4523 legitur-
697 4439 778 4525 (μα’θι
795 4437 882 4515 εἶναι,
898 4438 993 4502 αἰτίαν
1010 4434 1039 4500 d'
1054 4429 1219 4518 ἐπιστήμης
1232 4426 1339 4495 odacri
1358 4425 1362 4444 ³
