2832 5120
727 275 787 336 200

86 455 92 464 ·
147 457 256 516 uaeque
276 451 393 497 naturae
409 427 551 500 rationem
570 435 684 497 habuit.
726 437 822 496 Patuit
839 436 871 496 id
890 435 975 496 nobis
995 435 1026 493 in
1045 432 1256 515 superioribus,
1274 453 1340 511 quau

146 535 183 594 de
206 536 312 594 musica
338 549 365 594 et
389 538 565 616 gymnastica
585 555 739 615 ageremus.
782 533 955 596 Custodibus
976 533 1104 592 civitatis
1123 532 1177 592 has
1195 544 1264 590 artes
1280 530 1342 590 adhi·

146 633 229 708 buit,
250 647 281 692 ut
299 632 499 693 excolerentur
516 635 570 693 rite
590 645 674 713 atque
692 632 729 693 ad
745 632 947 693 fortitudinem
963 629 1049 690 simul
1064 644 1149 710 atque
1163 629 1342 689 humanitatem

147 729 369 792 adducerentur.
410 729 495 806 Quod
514 731 582 790 fecit
604 730 656 789 illo
673 733 706 790 in
726 751 831 812 opere,
852 750 909 808 quo
926 729 1082 810 perfectam
1103 727 1277 809 reipublicae
1291 749 1344 786 con·
1392 778 1396 818 t

148 829 288 888 ditionem
308 829 501 890 adumbravit.
544 828 683 888 Similiter
703 851 754 888 nos
766 829 827 888 hoc
848 829 910 887 loco
931 828 968 888 de
989 827 1155 908 disciplinis
1173 825 1345 906 disquisitun',

149 949 207 985 non
226 948 272 985 eas
293 926 380 1000 solas,
402 928 477 1006 ipsas
496 947 594 1008 perse
613 941 725 987 tantum
746 925 1010 1002 considerabimus,
1032 924 1082 985 sed
1104 946 1161 984 una
1182 924 1347 1005 spectabimus
1396 993 1397 1002 ἵ

149 1024 299 1084 custodum
329 1024 444 1083 illorum
471 1025 609 1106 optimos,
636 1027 685 1105 qui
716 1047 812 1110 regere
835 1023 993 1104 aliquando
1019 1024 1166 1083 civitatem
1186 1023 1267 1085 illam
1285 1022 1348 1080 debe
1396 1039 1397 1066 t

148 1121 232 1181 bunt.
264 1120 351 1180 Illum
367 1122 456 1181 secuti
475 1122 579 1182 ducem
600 1137 743 1199 nostrum,
764 1145 800 1182 ex
819 1123 919 1183 eodem
936 1143 1022 1203 opere
1040 1121 1193 1203 palmaria,
1215 1141 1251 1180 ex
1270 1120 1349 1180 iisdem

149 1218 210 1279 illis
234 1221 408 1278 suavissimis
427 1219 550 1280 Socratis
570 1242 634 1280 cum
652 1221 801 1281 Glaucone
820 1236 848 1280 et
868 1220 1023 1280 Adimanto
1042 1220 1240 1294 sermonibus,
1263 1209 1350 1278 futuros

149 1317 201 1376 hos
225 1318 352 1377 civitatis
376 1319 515 1398 perfectae
542 1319 763 1397 gubernatores,
794 1318 893 1398 quales
917 1339 976 1377 esse
1005 1317 1148 1393 debeant,
1179 1332 1207 1376 et
1234 1315 1350 1397 quomodo

150 1435 202 1496 per
227 1413 398 1496 disciplinas
425 1417 604 1496 gravissimas
634 1418 671 1476 ad
698 1432 791 1478 tantas
814 1437 859 1476 res
884 1413 1081 1498 suscipiendas
1105 1414 1285 1496 agendasque
1303 1437 1352 1473 eru·
1397 1437 1398 1440 ¹

151 1511 253 1572 diendi
275 1513 511 1594 provehendique
529 1515 602 1589 sint,
623 1514 769 1574 declarare
787 1515 975 1576 studebimus.
1016 1515 1051 1573 In
1068 1535 1123 1593 qua
1145 1515 1353 1594 gravissimarum

152 1631 248 1669 rerum
267 1609 485 1690 disquisitione,
514 1613 680 1693 priusquam
699 1614 737 1672 ad
759 1615 848 1694 ipsam
868 1613 1048 1674 dialecticam
1066 1615 1287 1694 perveniamus,
1305 1633 1354 1671 con·
1398 1637 1399 1642 ¹

152 1711 236 1767 tinuo
264 1709 366 1783 nobis,
397 1731 453 1787 quo
479 1713 619 1785 ualeant,
651 1719 724 1791 quid
746 1714 860 1792 efficere
883 1718 1013 1770 maxime
1036 1713 1214 1789 disciplinae
1235 1714 1343 1771 debeam
1350 1757 1356 1784 ,

155 1807 364 1887 explorandum
388 1810 458 1866 erit:
491 1821 551 1867 tum
576 1813 630 1870 tria
656 1810 901 1871 considerabimus
922 1809 1000 1868 haud
1019 1831 1087 1868 sane
1107 1810 1202 1870 levia:
1220 1812 1357 1892 primum,

154 1912 232 1993 quod
258 1913 429 1994 disciplinas
452 1929 578 1995 spectat,
600 1933 672 1969 uum
696 1919 738 1969 sii
762 1931 866 1969 eorum
885 1929 1038 1976 comnenus
1057 1910 1222 1986 quoddam,
1251 1933 1304 1988 quo
1319 1929 1357 1965 no·
1399 1937 1400 1970 3

156 2017 231 2070 turi
257 2018 503 2092 cosquugautur,
535 2012 709 2070 macutum:
738 2019 961 2087 quoperspecto
978 2006 1094 2064 facilior
1113 2005 1198 2066 nobis
1218 2005 1272 2066 erit
1289 2027 1359 2088 gene·
1399 2031 1400 2066 t

155 2129 281 2169 rosorum
306 2111 466 2187 juvenum,
497 2109 603 2189 quibus
630 2105 788 2166 tradendae
815 2117 917 2179 erunt,
949 2104 1112 2162 institutio:
1143 2103 1271 2180 deinde,
1299 2103 1360 2184 quod
1398 2133 1400 2220 q

152 2210 275 2287 juvenes
291 2206 351 2266 =bos
375 2208 450 2288 ipsos
478 2210 600 2282 attinet,
630 2213 754 2284 quinam
768 2203 1030 2281 propriesliceudi
1045 2203 1221 2280 philosophi,
1233 2211 1313 2262 usti.-
1338 2201 1361 2260 id

157 2306 234 2363 enim
252 2302 428 2379 tenendum,
451 2319 482 2364 ut
502 2304 539 2364 ad
559 2302 638 2362 illud
660 2322 706 2362 eos
724 2299 919 2375 adducamus,
950 2298 1028 2379 quod
1048 2302 1080 2360 in
1099 2301 1282 2384 philosophia
1299 2322 1362 2361 suu-

156 2423 235 2460 mam
255 2415 313 2461 cst:
342 2402 480 2477 tandem,
506 2421 562 2482 quo
582 2415 609 2460 et
630 2399 801 2481 disciplinas
819 2412 847 2457 et
864 2401 1008 2476 juvenum
1028 2398 1122 2458 studia
1142 2400 1363 2482 complectemur,

158 2503 265 2579 quibus
289 2501 322 2558 lsi
345 2501 516 2578 disciplinis
540 2501 701 2558 erudiendi
722 2503 884 2579 praecipue
904 2504 986 2574 sint,
1014 2508 1050 2556 ut
1068 2508 1099 2556 et
1115 2509 1316 2578 assequuntur
1331 2519 1383 2556 ac·-

158 2606 267 2657 ritutis
294 2605 452 2657 scientium
464 2645 472 2674 ,
513 2609 544 2658 ei
567 2605 702 2658 assecuti
733 2599 871 2671 conferre
899 2595 987 2655 ittam
1010 2597 1116 2656 deiude
1139 2605 1173 2656 in
1199 2601 1366 2675 reipublicae

159 2701 288 2758 sulutem
309 2705 432 2772 possint.

205 2891 278 2972 Qua
300 2896 429 2952 valent
449 2901 620 2969 murima,
642 2894 730 2971 quid
751 2894 922 2968 efficere
943 2893 1170 2971 disciplinae
1190 2893 1339 2952 debent?
1401 2885 1402 2928 3

201 3091 241 3150 Ut
263 3090 351 3170 igitur
373 3089 595 3172 disciplinarum
613 3091 672 3150 rim
695 3087 732 3146 ad
752 3087 935 3168 aperiendam
956 3089 1103 3148 veritatem
1121 3089 1311 3170 percipiamus
1328 3109 1370 3170 pe-

162 3189 257 3263 nitus,
279 3189 412 3268 praesens
428 3189 498 3247 haec
519 3190 608 3248 animi
630 3187 719 3247 nostri
739 3184 869 3245 conditio
889 3186 943 3244 rite
965 3199 1006 3245 est
1023 3207 1059 3244 ex
1075 3188 1125 3263 iis,
1146 3189 1290 3266 quaejam
1305 3187 1371 3247 dicta

162 3300 248 3360 sunt,
279 3283 442 3345 efficienda.
483 3286 632 3367 Expressit
658 3305 719 3343 eam
746 3283 826 3342 Plato
852 3284 1016 3363 aptissime,
1047 3305 1133 3364 quum
1161 3285 1300 3364 ejusmodi
1324 3303 1373 3344 esse

163 3382 288 3458 diceret,
319 3397 350 3441 ut
378 3386 581 3443 somniantium
607 3403 659 3442 nos
686 3383 795 3455 instar,
823 3380 922 3440 videre
940 3383 1024 3443 nobis
1044 3383 1212 3458 videamur,
1233 3405 1304 3464 quae
1323 3403 1373 3440 non

163 3496 249 3557 sunt;
282 3499 353 3560 quae
385 3502 453 3541 vero
482 3497 568 3558 sunt,
602 3503 661 3540 non
689 3479 847 3539 videamus.
864 3477 901 3558 ¹ll
927 3482 999 3539 Nam
1028 3495 1177 3563 postquam
1203 3482 1257 3541 hoc
1283 3498 1374 3561 corpus

162 3580 329 3653 induimus,
361 3603 420 3639 non
452 3581 536 3639 licuit
566 3580 650 3640 nobis
679 3571 716 3638 sci
744 3571 828 3651 drea,
862 3599 896 3636 eo
923 3595 998 3658 quius
1019 3591 1107 3654 suut,
1134 3582 1154 3640 i.
1177 3602 1201 3639 e.
1223 3567 1305 3639 ideoi
1322 3579 1375 3659 ipso

163 3681 258 3737 animo
283 3679 409 3754 iutueri;
439 3680 566 3759 corporis
589 3681 721 3739 sensibus
743 3682 785 3738 uti
804 3680 899 3753 ,coacti
926 3700 1041 3753 sumus,
1067 3679 1173 3757 quibus
1196 3681 1330 3738 idearum
1348 3676 1375 3732 in

162 3775 208 3835 his
234 3777 316 3834 terris
331 3797 390 3836 non
413 3778 469 3836 nisi
484 3776 633 3836 simulacra
654 3778 812 3856 quaedam,
833 3792 860 3838 et
879 3775 998 3838 obscura
1015 3777 1133 3856 quidem
1153 3777 1205 3836 illa
1227 3792 1254 3838 et
1272 3775 1377 3836 fallacia

164 3875 430 3955 contemplaremur.
473 3877 550 3934 Hinc
578 3875 627 3950 lit,
657 3890 689 3934 ut
718 3877 887 3957 opinemur,
917 3887 975 3935 no'n
1001 3876 1137 3936 sciamus:
1165 3877 1313 3936 videamur
1332 3893 1377 3930 co-

161 3992 316 4051 gnoscere,
348 3994 408 4031 non
434 3993 651 4054 cognoscamus:
685 3973 855 4039 fluctuemus
881 3975 1000 4034 omnino
1026 3976 1130 4034 incerti
1150 3976 1226 4034 inter
1245 3973 1377 4034 inscitiam

165 4083 192 4128 et
218 4071 375 4129 scientiam.
418 4071 467 4130 Est
494 4073 570 4130 enim
598 4081 746 4150 opinionis
771 4072 841 4132 haec
871 4088 993 4148 natura,
1023 4087 1056 4132 ut
1081 4095 1142 4133 non
1165 4075 1202 4133 sit
1223 4073 1378 4134 inscitia-

165 4169 316 4248 opinantes
337 4169 414 4227 euim
426 4169 565 4230 videntur
585 4173 656 4230 scire
669 4193 720 4228 τ-
741 4191 794 4230 nec
814 4172 933 4231 scientia
954 4173 990 4232 sit
1010 4174 1095 4231 etiam
1111 4174 1213 4252 -qui
1234 4173 1308 4231 enim
1317 4167 1377 4236 scit,

164 4267 277 4348 opinari
294 4287 323 4327 se
342 4288 402 4327 non
422 4267 509 4327 facile
519 4268 629 4330 dixerit
641 4291 691 4326 :-·
711 4269 761 4330 sed
781 4270 818 4330 sit
838 4271 915 4330 inter
933 4270 1078 4331 inscitiam
1095 4285 1123 4330 et
1140 4270 1288 4332 scientiam
1300 4269 1376 4327 iuter·

165 4406 262 4416 ———---—
298 4410 308 4414 -
328 4410 417 4416 -0---

202 4475 226 4541 l)
245 4479 282 4529 De
299 4479 359 4547 liep.
377 4479 406 4530 V.
425 4477 476 4530 tt6
489 4477 523 4532 Ὀ.
