2838 5120
592 292 651 352 219

37 454 73 512 his
89 452 183 529 dictis,
204 454 265 535 ipse
285 454 499 517 animadvertit.
550 446 669 514 «Ἔστιν
689 444 742 513 οὖν
762 443 824 536 ὅπῃ
849 443 962 533 μέμψῃ
982 443 1115 506 τοιοῦτον
1136 435 1242 522 ἐπιτή-

37 551 127 629 δευμα,
153 546 169 614 ii
188 545 298 633 μήποτ’
318 546 355 612 ἄν
374 575 419 628 τις
439 545 502 628 οἷός
522 553 558 617 ra'
573 552 685 637 γένοιτο
701 551 814 626 ,ἱκανοῖς
835 547 1038 632 ἐπιτηδεῦσαι,
1060 543 1086 606 ci
1106 539 1151 626 μή
1173 537 1241 625 φύ-

37 675 77 713 οιι
101 649 141 734 εἴη
167 647 331 735 μνήμων,
357 649 539 739 εὐμαθής,
565 650 856 740 μεγαλοπρεπής,
882 647 1046 733 εὔχαρις,
1074 646 1180 728 φίλος
1204 667 1240 708 τε

37 753 82 816 rol
118 752 286 838 ξογγινής
323 752 515 839 ἀληθείας,
557 754 804 842 δικαιοσύνης,
843 753 1011 838 ἀνδρίας,
1052 743 1240 831 σωφροσύ-

37 881 94 938 sqq
113 903 141 912 -
163 859 205 918 Ne
225 843 337 919 Momus
361 860 478 946 quidem
499 864 559 944 ipse
578 862 743 942 hujusmodi
769 860 842 941 quid
859 871 1018 940 carperet.»
1036 851 1065 934 1)
1106 851 1163 912 Sed
1183 872 1240 930 quo

36 960 131 1042 plenius
147 979 199 1018 nos
219 958 275 1033 ita,
305 958 378 1038 quid
397 961 429 1019 in
447 961 630 1044 philosophia
650 982 791 1021 summum
809 959 864 1033 sit,
893 977 1006 1035 quoque
1025 954 1129 1013 ducere
1149 951 1240 1010 disci-

37 1057 114 1137 plinae
141 1056 286 1116 hominem
316 1047 458 1136 debeant,
496 1061 701 1140 cognovimus,
741 1079 774 1118 eo
802 1057 919 1117 facilius
945 1074 1025 1114 nunc
1057 1050 1239 1129 exquiramus

36 1175 117 1236 porro,
136 1154 215 1234 quod
233 1154 266 1213 in
285 1155 387 1235 primis
405 1155 489 1217 nobis
507 1157 720 1244 explorandum
740 1157 908 1217 sumsimus:

91 1332 249 1414 Quibus
279 1343 457 1396 marimo
486 1339 754 1416 disciplinis
776 1345 963 1414 juvenca
992 1330 1169 1390 erudiri

140 1443 332 1510 oportet,
363 1444 672 1514 quinotieunt
699 1439 750 1495 od
776 1425 1112 1513 philosophiam?

64 1591 129 1652 Sunt
154 1597 274 1655 omnino
303 1595 472 1657 erudiendis
494 1600 637 1677 juvenum
666 1614 827 1660 nostrorum
851 1593 976 1676 ingeniis
993 1587 1167 1670 disciplinae
1187 1605 1241 1642 ne-

37 1693 161 1754 cessariae.
212 1695 286 1753 Nam
316 1696 510 1775 quaesivimus
543 1697 679 1777 quidem,
708 1698 826 1777 quinam
862 1692 984 1752 maxime
1018 1685 1120 1747 natura
1148 1695 1240 1742 essent

37 1789 198 1872 philosophi,
220 1807 380 1874 sponteque
407 1809 435 1854 et
459 1797 629 1877 sapientiam
649 1808 778 1855 amarent
795 1808 822 1852 et
841 1810 981 1850 unacum
1000 1807 1032 1844 ea
1050 1799 1124 1843 artes
1143 1801 1241 1840 omnes

37 1900 55 1943 et
77 1887 235 1966 doctrinas,
256 1912 327 1970 quae
356 1892 483 1953 tendunt
510 1893 548 1953 ad
564 1895 672 1976 ipsam:
695 1893 859 1971 iidemque,
879 1889 933 1948 hoc
951 1884 1032 1945 ducti
1050 1901 1145 1940 amore
1155 1924 1164 1955 ,
1185 1875 1240 1958 ipsi

37 1985 130 2074 luctasse
160 2011 212 2070 per
240 2012 269 2050 se
290 1991 461 2073 disciplinas
476 1987 654 2067 inveniant,
674 1990 780 2072 quihus
798 2004 935 2067 tanquam
955 1979 1143 2042 adminiculis
1162 1975 1241 2035 iuni·

38 2097 123 2160 tentes,
144 2087 181 2147 ad
208 2089 366 2170 sapientiae
395 2111 490 2150 arcem
519 2092 642 2172 tendant
670 2105 698 2150 et
723 2089 906 2172 perveniant.
948 2081 1005 2142 Sed
1031 2077 1171 2157 restingui
1191 2073 1240 2132 hic
1316 2131 1319 2142 ,

38 2202 95 2241 tuor
117 2200 208 2266 potest
234 2187 375 2266 perversis
403 2187 526 2265 studiis,
547 2190 600 2249 illa
619 2203 710 2250 aetate
728 2185 895 2270 pracsertim
905 2230 914 2260 ,
935 2203 991 2262 qua
1009 2175 1192 2238 subnascitur
1208 2171 1240 2229 in

41 2281 122 2341 animis
140 2305 193 2343 nec
213 2285 292 2366 viget
310 2285 394 2360 satis,
416 2300 448 2345 ut
467 2302 555 2348 semet
574 2289 634 2370 ipse
654 2289 730 2347 alat:
752 2287 792 2345 sic
813 2305 911 2366 reapse
929 2280 1005 2362 perit
1021 2276 1072 2336 ille
1091 2275 1124 2333 in
1142 2268 1241 2330 multis

40 2391 57 2434 et
71 2400 120 2440 una
138 2404 203 2441 cum
224 2404 257 2442 co
276 2385 369 2444 omnis
387 2385 580 2465 cognoscendi
599 2386 739 2462 facultas,
761 2398 793 2443 ut
812 2383 961 2460 utriusque
979 2377 1011 2436 in
1029 2387 1088 2434 tota
1104 2370 1243 2448 deinceps

39 2474 82 2533 rita
106 2481 154 2538 vix
183 2481 278 2541 ullum
306 2481 458 2563 vestigium
488 2499 633 2564 appareat.
674 2484 748 2566 Ergo
779 2499 949 2568 quacupque
979 2486 1092 2535 suntet
1112 2465 1243 2550 quamvis

39 2579 167 2649 praestanti
193 2579 314 2655 indole,
343 2579 483 2640 utendum
512 2579 679 2663 disciplinis
703 2597 762 2656 est,
784 2577 891 2661 quihus
910 2590 1029 2637 naturae
1050 2578 1246 2630 succurratur.

40 2669 85 2731 llae
100 2697 160 2736 vero
179 2699 323 2757 quaenam
342 2678 466 2738 maxime
484 2681 560 2755 sint,
582 2680 753 2761 diligentius
768 2681 829 2757 jam
848 2672 1057 2755 indagandum.

435 2855 494 2918 De
528 2861 827 2918 arithmetica.

73 3015 122 3075 «In
148 3019 258 3078 musica
285 3032 313 3077 et
337 3020 534 3100 gymnastica,
563 3021 605 3082 ait
624 3019 752 3081 Socrates
772 3022 804 3080 in
825 3018 926 3080 iisdem
943 3018 990 3080 his
1008 3041 1073 3078 oum
1092 3019 1243 3079 Glaucone
1311 3077 1318 3094 ,

15 3157 16 3160 ,
42 3122 61 3168 tt
73 3112 215 3177 Adimanto
234 3116 428 3193 sermonibus,
449 3119 528 3178 haud
542 3121 743 3201 reperiuntur,
763 3139 834 3198 quas
852 3119 1029 3197 quaerimus,
1050 3117 1240 3199 disciplinae,

43 3209 115 3272 ninus
136 3217 222 3275 etiam
242 3215 275 3275 in
294 3215 405 3276 artibus
424 3217 639 3277 illiberalihus:
661 3221 779 3277 fortasse
800 3219 859 3277 sint
879 3231 959 3278 extra
980 3215 1055 3278 illas.
1096 3216 1154 3282 Sed
1172 3235 1240 3295 age,

44 3325 88 3367 tum
111 3313 258 3373 nihildum
283 3313 320 3374 ab
347 3315 393 3374 his
420 3314 529 3376 diversi
554 3330 679 3376 mentem
696 3317 812 3391 subeat,
832 3337 975 3376 sumamus
993 3314 1106 3394 aliquid
1125 3335 1241 3388 eorum,

47 3423 94 3480 quae
108 3412 237 3471 omnibus
255 3427 323 3472 sunt
341 3415 519 3474 communias
554 3416 628 3476 Tum
649 3414 777 3490 Glauco,
798 3415 884 3494 quale
901 3413 1004 3474 istud?
1025 3413 1145 3492 quaerit.
1187 3413 1242 3472 Cui
1292 3440 1295 3450 ·

46 3499 162 3597 Socrates,
183 3510 278 3572 veluti
304 3511 359 3572 hoc
385 3533 554 3588 commune,
585 3515 701 3594 inquit,
722 3532 779 3592 quo
810 3534 907 3573 omnes
936 3526 1059 3572 utuntur
1077 3525 1105 3570 et
1122 3525 1195 3570 artes
1214 3523 1242 3568 et

45 3604 200 3680 cogitationes
219 3623 248 3668 et
266 3610 420 3686 scientiae,
437 3612 616 3691 quodetiam
631 3613 724 3672 cuivis
738 3632 852 3671 necesse
865 3625 939 3671 estut
954 3612 1079 3693 primum
1094 3608 1196 3676 discat.
1206 3635 1242 3646 -

45 3697 113 3771 Quale
137 3727 205 3768 vero
232 3707 311 3767 istud
339 3709 482 3788 tandem?
503 3753 533 3764 -
557 3711 626 3770 Vile
646 3709 751 3786 hocce,
773 3710 887 3789 inquit,
909 3731 1000 3769 unum
1018 3723 1046 3768 et
1065 3707 1124 3768 duo
1141 3721 1168 3766 et
1186 3706 1241 3767 tria

44 3793 199 3875 dignoscere:
229 3804 296 3866 dico
324 3821 418 3866 autem
449 3810 584 3871 universe
612 3831 773 3867 numerum
801 3823 828 3868 et
846 3816 1097 3887 supputationem.
1138 3808 1248 3866 Nonne·

45 3895 103 3956 enim
125 3903 162 3962 sic
191 3925 220 3963 se
249 3925 293 3963 rec
322 3905 428 3981 hahet,
459 3921 491 3968 nt
519 3908 612 3968 omnis
639 3922 667 3966 et
696 3929 740 3966 ars
767 3922 795 3967 et
813 3907 946 3968 doctrina
966 3927 1064 3965 eorum
1082 3906 1248 3964 necessario

45 3998 161 4081 particeps
189 4004 248 4064 sit?
268 4035 301 4046 ·-
338 4005 474 4067 Omnino.
486 4029 501 4064 u
550 4007 607 4066 ch
635 4006 765 4067 Socrates
792 4008 911 4066 miratur
942 4005 1091 4084 antiquam
1119 4003 1156 4063 de
1186 4005 1245 4064 Pa-

46 4087 133 4156 lamede
157 4102 359 4179 traditionem,
390 4105 423 4164 in
452 4104 606 4186 tragoediis
634 4104 771 4180 obviam,
800 4106 886 4166 illum
912 4105 1019 4178 fuisse,
1041 4105 1092 4182 qui
1109 4121 1244 4162 numeros

47 4187 174 4260 inveniret.
199 4203 330 4278 «Quasi,
352 4204 467 4283 inquit,
488 4219 555 4264 ante
571 4202 752 4264 Palamedem
772 4225 826 4264 noc
846 4203 962 4263 ordine's
982 4204 1014 4262 in
1028 4203 1088 4261 acie
1102 4201 1243 4260 collocare

49 4289 230 4376 Agamemnon,
242 4321 304 4360 =nec
323 4324 411 4363 naves
430 4317 586 4385 supputare
604 4304 761 4385 potuisset,
783 4323 834 4363 nec
853 4323 922 4363 vero
940 4302 1017 4382 ipse,
1037 4315 1106 4380 quot
1124 4300 1243 4359 haberet

80 4429 271 4447 Ἢ·-

75 4479 397 4562 ¹mmmma
