2924 5132
780 279 838 338 562

198 451 260 510 vult
288 471 318 508 ac
347 459 455 529 potest,
478 445 586 525 maguis
610 443 727 522 quidem
754 443 922 525 providebit
951 445 1061 518 solum,
1091 465 1177 525 parva
1204 459 1306 520 autem,
1329 468 1381 526 quae

193 547 309 610 facilius
335 545 488 627 gubernari
516 557 653 624 possunt,
682 557 799 624 propter
828 544 973 624 ignaviam
991 564 1023 602 ac
1041 543 1198 604 socordiam
1216 543 1345 624 negliget?
1359 580 1382 591 -

195 646 283 708 Nullo
306 644 392 706 modo
417 643 513 718 banc,
543 642 663 722 hospes,
693 641 730 702 de
756 643 819 702 Diis
834 641 1015 724 ¹opinionem
1042 640 1247 702 admittendam
1265 657 1381 724 putamus:

195 745 305 806 nefaria
324 756 366 804 est
383 741 462 802 enim
480 740 533 802 illa
552 762 584 800 ac
605 759 721 820 prorsus
740 739 812 802 salsa
829 741 1007 800 sententia.»
1024 736 1061 819 ¹l)

232 842 348 903 habens
374 861 442 900 sane
469 837 622 918 equidem,
642 859 696 898 nec
716 837 896 899 solummodo
913 837 951 897 ad
971 838 1217 919 interpretandam
1237 839 1346 898 Platonis
1359 838 1383 898 de

192 945 266 1017 Deo,
289 940 417 1002 universi
442 952 557 998 anctore
588 957 620 996 ac
650 936 847 1012 moderatore,
877 934 1060 1012 doctrinam,
1081 936 1151 996 haec
1170 937 1325 1020 philosophi
1340 936 1383 996 loca

190 1063 226 1102 ex
252 1044 315 1121 ejus
338 1037 467 1118 Lepidus
489 1032 610 1094 adduxi.
657 1035 729 1094 Nam
757 1034 845 1095 hahet
875 1034 929 1094 hoc
959 1054 1032 1114 opus
1061 1034 1190 1094 Platonis
1213 1036 1299 1096 senile
1324 1055 1384 1115 quan

189 1141 366 1223 plurimum,
387 1155 443 1214 quc
470 1133 655 1194 vehementer
681 1155 733 1192 nos
760 1133 856 1214 capiat
882 1153 916 1192 ac
942 1146 1047 1193 teneat.
1088 1134 1125 1194 ln
1144 1135 1261 1195 caeteris
1277 1137 1329 1214 ejus
1342 1133 1383 1194 dia·

191 1238 263 1319 logis
289 1234 339 1296 vel
366 1232 513 1321 Socrates,
544 1231 592 1292 vel
621 1230 724 1311 hospes
751 1230 857 1311 aliquis
877 1231 1009 1307 Eleates,
1030 1231 1079 1292 vel
1100 1254 1174 1292 unus
1195 1233 1385 1313 ePytbagoreo-

189 1357 254 1398 rum
281 1331 465 1416 principibus
494 1351 617 1391 summas
643 1330 731 1390 habet
756 1343 871 1411 partes,
893 1343 925 1388 ut
944 1328 1031 1390 lateat
1050 1351 1102 1390 nos
1123 1345 1233 1414 auctor.
1272 1331 1321 1390 llic
1338 1351 1385 1390 ven

190 1457 250 1495 non
276 1433 395 1494 obscure
424 1451 452 1491 se
482 1430 575 1510 ipsum
602 1429 780 1508 significarit
808 1429 907 1502 Plato,
929 1449 1017 1508 quum
1045 1429 1252 1490 Atheniensem
1268 1430 1385 1490 induceret

185 1534 328 1614 hospitem
355 1549 420 1589 cum
448 1529 529 1588 Crete
546 1527 601 1588 illo
618 1538 646 1586 et
665 1527 890 1604 Lacedaempnio
910 1540 1040 1607 agentem
1050 1572 1059 1602 ,
1088 1529 1256 1606 Atticaeque
1275 1527 1384 1609 gentisne

189 1632 316 1693 civitatis
339 1647 408 1710 prae
436 1625 621 1686 Cretensibus
650 1645 683 1684 ac
711 1625 946 1686 Lacedaemoniis
983 1628 1188 1706 praestantiam
1218 1627 1384 1688 celebrantem.

190 1732 299 1790 Atticae
314 1725 435 1788 rationis
444 1723 640 1804 elegantiam,
661 1722 890 1794 humanitatem,
911 1737 972 1784 tum
994 1745 1061 1784 vero
1079 1725 1165 1785 etiam
1178 1724 1324 1792 alaniam
1339 1743 1384 1804 pru·

189 1827 374 1904 dentiamque
393 1824 426 1902 in
444 1819 567 1902 singulis
586 1822 646 1882 fere
664 1819 751 1880 dictis
767 1822 975 1900 sententiisque
993 1823 1183 1902 agnoscimus.
1226 1823 1301 1899 Quid
1317 1836 1384 1882 auten

189 1926 274 1985 nobis
302 1921 419 1984 suavius
438 1933 530 2002 potest
552 1919 703 1992 accidere,
724 1941 809 1999 quam
831 1921 925 2000 ipsum
950 1921 1118 1998 Platonem,
1139 1923 1228 1983 sicuti
1245 1922 1291 1982 hle
1306 1942 1329 1980 se
1341 1933 1382 1979 tan·

188 2023 254 2084 dem
284 2021 368 2082 nohis
396 2018 546 2103 prodidit,
577 2017 664 2099 paulo
691 2019 813 2078 interius
839 2023 1033 2096 cognoscere?
1074 2021 1310 2102 Philosophorum
1330 2018 1383 2078 enin

188 2120 355 2209 principum
391 2129 422 2177 ut
449 2116 610 2177 doctrinam
637 2116 794 2195 accipimus
824 2115 978 2192 lubenter,
1009 2119 1050 2178 ita
1080 2119 1213 2179 indolem
1243 2120 1274 2180 in
1299 2117 1381 2201 prinis,
1422 2181 1423 2190 χ

188 2219 287 2301 quales
316 2219 433 2298 ingenio
464 2215 648 2295 moribusque
676 2215 986 2296 luerint,·perspicere
1012 2237 1139 2281 aremus.
1181 2223 1307 2302 Apparet
1320 2229 1381 2276 auten
1422 2235 1423 2282 r

187 2319 236 2378 lale
264 2317 347 2378 uobis
374 2315 455 2374 Plato
483 2334 542 2374 uon
571 2314 664 2374 solum
677 2355 679 2358 -
692 2315 803 2394 ingenii
831 2313 883 2372 illa
900 2313 1052 2395 sagacitate
1072 2317 1261 2406 ubertateque
1278 2314 1379 2395 insignis,

191 2435 275 2496 quam
300 2414 431 2473 referunt
456 2412 636 2493 probantque
664 2428 774 2474 caetera
802 2415 870 2472 item
900 2414 961 2490 ejus
987 2415 1111 2496 scripta3
1134 2415 1187 2476 sed
1216 2416 1269 2477 itta
1286 2438 1312 2476 se
1328 2413 1377 2472 ctu

189 2512 393 2576 commendans
410 2511 590 2592 humanitate
607 2524 692 2591 atque
710 2513 743 2572 in
762 2533 852 2592 genus
871 2511 1030 2572 humanum
1043 2513 1372 2592 benivolentiamque

189 2631 404 2694 suspexeramus
424 2613 483 2670 fere
503 2624 587 2690 atque
605 2610 739 2670 admirati
759 2612 905 2671 fueramus
914 2657 922 2686 ,
944 2610 1080 2672 eundem¹
1092 2635 1172 2674 nunc
1190 2635 1313 2674 amemus
1328 2623 1373 2688 altit

188 2711 323 2773 colamus.
373 2709 583 2785 Quamobrem,
613 2731 670 2788 quo
699 2713 787 2790 magis
816 2711 876 2792 ipse
906 2724 997 2770 aetate
1024 2711 1189 2792 provehor,
1215 2734 1248 2774 eo
1272 2708 1379 2771 lnbentu

99 2876 102 2882 ¹
189 2809 322 2888 equidem
349 2823 377 2868 et
406 2808 468 2890 lego
497 2808 551 2869 hoc
578 2829 649 2890 opus
666 2824 694 2869 et
713 2810 745 2868 in
766 2809 887 2868 aliorum
907 2830 990 2868 usum
1010 2808 1072 2868 loca
1094 2831 1131 2870 ex
1148 2831 1182 2871 eo
1202 2823 1380 2872 commemorare

188 2908 273 2982 soleo.
314 2905 398 2982 Quare¹
421 2922 515 2968 autem
545 2911 624 2968 nunc
654 2929 690 2968 ex
720 2929 752 2967 eo
771 2907 897 2989 protuli,
920 2907 1017 2968 valere
1035 2929 1121 2987 quam
1139 2909 1297 2991 plurimum
1313 2905 1381 2984 adip·

188 3008 246 3067 sius
269 3007 425 3066 Timaeum
443 3004 669 3086 intelligendum
687 3007 798 3088 putavi.
840 3007 926 3080 Nam,
949 3020 979 3065 ut
999 3007 1032 3066 in
1051 3007 1166 3089 dialogo
1185 3010 1240 3070 illo
1257 3008 1304 3068 Dei
1317 3000 1381 3064 veluti

186 3106 340 3186 imaginem
369 3107 594 3180 informaverat,
615 3106 656 3164 ita
675 3125 762 3165 senex
785 3104 921 3180 tandem,
941 3106 973 3164 in
991 3104 1121 3188 Legibus
1139 3107 1312 3179 scribendis,
1326 3102 1379 3160 lanc

187 3225 267 3263 suam
285 3203 322 3264 de
350 3204 453 3264 divina
479 3216 581 3264 natura
610 3205 781 3263 sententiam
810 3203 972 3264 rationibus
1000 3205 1172 3286 persuadere
1204 3206 1311 3267 studuit.
1338 3198 1380 3257 Nos

185 3302 273 3381 igitur
292 3301 357 3376 his,
388 3315 428 3360 utv
450 3321 595 3381 speramus
605 3344 614 3374 ‚
634 3303 815 3382 praeparati,
836 3302 874 3362 ad
894 3301 1041 3384 dialogum
1062 3304 1147 3363 illum
1170 3304 1321 3376 illustrem,
1341 3315 1380 3358 οὓ·

187 3399 288 3474 nium,
308 3399 359 3478 qui
379 3400 478 3480 scripti
507 3419 523 3456 a
547 3398 667 3461 Platone
687 3398 807 3479 aliisque
828 3415 914 3474 sunt,
937 3400 1021 3481 longe
1039 3402 1309 3478 celebratissimum,
1326 3413 1382 3458 nunt

184 3497 301 3559 tandem
321 3497 499 3558 accedamus.

547 3693 605 3754 De
638 3695 805 3776 TilJmaso
831 3697 1046 3757 Platonis.

226 3892 300 3952 Vere
312 3894 441 3974 profecto
461 3895 579 3966 Cicero,
600 3890 806 3953 difficillimam
824 3916 883 3954 esse
903 3895 989 3976 hujus
1009 3893 1116 3978 dialogi
1130 3895 1381 3980 interpretationem,

187 3989 314 4068 judicat:
346 4012 390 4051 res
416 3991 493 4050 enirn
518 3993 607 4073 ipsas,
636 3991 672 4051 de
697 3993 803 4072 quibus
830 3993 942 4073 agitur,
973 3992 1108 4054 obscuras
1134 4017 1201 4056 esse.
1244 3989 1380 4058 Interdum,

189 4091 243 4164 ait,
278 4110 384 4148 rerum
422 4091 603 4180 obscuritas,
640 4113 697 4150 cora
739 4095 913 4169 verborum,
934 4095 1036 4168 facit,
1067 4105 1103 4153 ut
1133 4119 1190 4154 non
1216 4094 1381 4172 intelligutur

188 4195 306 4262 oratio,
335 4189 434 4272 qualia
461 4198 505 4244 ast
535 4196 567 4245 in
602 4187 720 4248 Timaeo
748 4191 898 4252 Platonis.
920 4189 951 4272 2)
993 4191 1113 4254 Accedit
1134 4197 1274 4266 musicae,
1294 4202 1320 4248 ut
1336 4183 1378 4244 illic

202 4380 244 4461 'n
264 4396 706 4478 pernarrare-acan
748 4383 753 4392 “

219 4484 245 4548 a)
266 4486 302 4536 oe
319 4485 374 4534 rra.
393 4483 422 4534 u.
442 4485 465 4534 5.
