2832 5120
736 272 793 332 lat

148 445 272 494 oratores
289 417 395 494 audire
408 437 521 517 copiose
540 447 695 512 ornateque
709 433 848 494 diceutes.
874 437 938 508 Quo
952 434 1053 510 fiebat,
1074 449 1106 494 ut
1121 433 1269 494 duceretur
1281 432 1350 513 plane

148 533 185 590 ab
218 532 283 606 his,
317 535 519 615 aptissimeque
549 533 581 592 hi
617 535 733 594 nomine
768 531 942 617 δημαγωγοὶ
969 534 1194 615 appellarentur.
1245 531 1351 590 Socrates

149 645 243 690 autem
267 645 379 695 tantum
399 632 515 707 aberat,
543 647 575 691 ut
599 632 778 714 abriperetur
796 635 849 694 hoc
876 634 1037 694 studiorum
1060 653 1145 690 cursu
1168 651 1233 689 cum
1256 628 1351 687 caeteris

148 728 299 803 omnibus,
321 729 571 790 excellentissimis
600 733 685 790 etiam
710 733 894 808 hominibus,
926 746 958 793 ut
988 751 1063 790 unus
1087 730 1267 800 subsisteret,
1294 744 1352 784 unus

148 826 217 884 huic
237 826 351 886 flumini
372 843 400 887 et
423 829 504 907 quasi
524 830 644 888 torrenti
670 827 829 905 resisteret,
850 851 927 890 unus
950 829 1069 888 auderet
1088 827 1278 899 contendere,
1300 843 1353 904 per-

74 973 77 982 .
148 925 290 984 niciosum
308 945 367 983 esse
391 926 584 1006 reipublicae
607 926 661 985 hoc
686 928 865 1006 eloquentiae
891 928 1038 1003 studium,
1056 923 1146 1006 eoque
1165 923 1353 1006 perniciosius,

147 1044 204 1101 quo
222 1024 314 1101 majus
324 1069 333 1097 ,
354 1044 410 1101 quo
430 1023 620 1085 excellentius
641 1027 814 1103 haberetur,
830 1049 906 1087 unus
924 1029 1000 1108 ipsos
1019 1026 1180 1088 adoriretur
1198 1038 1226 1083 et
1246 1023 1355 1098 demago·

53 1157 56 1162 -
148 1141 196 1200 gos
217 1134 245 1180 et
262 1121 421 1202 sophistas,
441 1144 582 1202 quamque
600 1126 679 1185 intus
697 1141 791 1186 essent
815 1128 898 1208 pravi
923 1125 1126 1205 corruptique,
1146 1121 1265 1204 publice
1283 1118 1355 1200 aperi·
1405 1105 1406 1190 ,

85 1225 88 1228 ’
147 1233 201 1279 ret.
247 1219 329 1294 Sed,
355 1219 434 1298 quod
459 1221 543 1280 nobis
566 1222 683 1300 quidem
707 1226 797 1304 magis
820 1224 906 1283 etiam
938 1222 1110 1283 admirabile
1126 1219 1273 1292 ridetur,
1299 1236 1357 1274 unus

148 1317 204 1377 fuit
223 1319 301 1378 idem
319 1319 370 1378 ille
390 1318 536 1393 Socrates,
557 1321 608 1400 qui
632 1321 706 1401 ipsi,
727 1345 812 1402 quam
837 1335 1019 1382 contemnere
1039 1318 1211 1392 videbatur,
1241 1317 1357 1396 eloquen-

147 1418 205 1475 tiae
225 1438 305 1476 suam
332 1419 455 1476 maxime
484 1432 511 1476 et
537 1419 595 1478 vim
619 1419 733 1479 inderet
757 1435 785 1480 et
808 1421 1006 1480 auctoritatem
1026 1417 1212 1477 conciliaret:
1234 1417 1359 1496 imorem

147 1514 188 1583 id?
199 1513 344 1591 efficeret,
365 1535 397 1574 eo
414 1529 489 1574 certe
505 1516 614 1597 valeret
632 1517 808 1598 plurimum,
829 1519 910 1579 utin
927 1498 1127 1576 Demosthenis
1147 1513 1310 1592 eloquentia
1326 1510 1360 1570 ris
1400 1586 1404 1595 Δ

147 1611 199 1671 illa
227 1614 386 1694 aliquando
406 1627 434 1672 et
462 1606 595 1695 δεινότης
614 1617 781 1691 exsisteret,
802 1637 859 1694 qua
886 1617 911 1674 is
933 1629 1021 1675 totam
1045 1613 1196 1673 Graeciam
1222 1609 1360 1671 commorit
1403 1595 1407 1685 ¹,

147 1712 320 1791 virtutisque
339 1715 440 1775 ardore
461 1716 603 1775 incendit.
645 1715 681 1773 Id
702 1711 797 1773 autem
814 1727 845 1772 ut
861 1713 1023 1796 explicetur
1042 1712 1128 1798 plene
1139 1757 1147 1785 ,
1167 1725 1199 1770 ut
1219 1708 1361 1790 disciplina
1406 1751 1407 1782 3

147 1809 308 1885 Socratica,
330 1833 387 1892 qua
406 1813 493 1874 fuerit
514 1815 661 1888 ubertate,
675 1835 731 1892 qua
752 1815 784 1872 in
800 1814 861 1893 ipsa
881 1811 1049 1892 republica,
1070 1812 1103 1869 in
1122 1808 1299 1890 gravissimis
1316 1806 1361 1864 rei-

147 1908 283 1991 publicae
303 1913 424 1990 negotiis
438 1915 621 1987 auctoritate,
642 1926 751 1993 pateat,
773 1911 929 1988 simulque,
943 1931 1027 1991 quam
1044 1908 1186 1981 Socrates,
1202 1927 1289 1986 quam
1297 1905 1363 1964 Plato
1406 1947 1407 1980 ,

147 2011 313 2087 praesertim
333 2032 438 2068 oerum
462 2033 522 2070 esse
545 2014 745 2090 eloquentiam
769 2008 911 2084 duxerit,
937 2008 1137 2087 intelligatur,
1158 2025 1195 2063 ex
1217 2003 1362 2096 ⁴altioribus

146 2105 319 2185 quibusdam
344 2110 499 2191 principiis
519 2132 563 2170 res
581 2107 737 2192 repetenda
757 2109 848 2181 nobis,
861 2121 889 2166 et
910 2105 1085 2168 declaranda
1106 2117 1157 2163 est.
1179 2103 1293 2163 Patebit
1310 2119 1363 2162 reru
1406 2147 1407 2152 a

106 2213 109 2222 '
149 2204 203 2264 hoc
238 2207 270 2263 in
302 2208 403 2286 primis
432 2206 584 2266 tractando
620 2219 804 2286 argumento,
832 2206 940 2285 quippe
969 2202 1107 2285 ampliore
1135 2215 1163 2260 et
1199 2200 1363 2268 illustriore,

149 2303 264 2380 qualem
282 2318 473 2383 quantamque
504 2305 608 2364 habeat
634 2306 667 2364 in
695 2304 780 2363 rebus
809 2302 944 2363 humanis
964 2303 1023 2364 vim
1051 2315 1080 2362 et
1104 2299 1303 2360 efficacitatem
1326 2317 1364 2354 οι-
1403 2303 1404 2330 r

148 2421 179 2456 rr
200 2421 294 2461 amor.

207 2621 211 2634 ¹
245 2597 291 2658 Da
310 2602 430 2658 dicandi
449 2609 587 2676 ratione,
610 2622 700 2680 quam
711 2646 719 2674 ,
735 2621 795 2677 per
813 2599 990 2672 Plutonem,
1013 2596 1150 2658 Socratis
1162 2603 1286 2672 peperit
1310 2601 1314 2612 '
1402 2595 1405 2663 j

676 2699 849 2773 disciplina.

189 2893 381 2973 Eloquentia,
402 2895 457 2954 nisi
473 2917 489 2953 a
504 2895 691 2978 philosophia·
704 2878 916 2974 quasi'succum
931 2905 959 2950 et
976 2893 1143 2971 sanguinem
1160 2889 1299 2962 duxerit,
1317 2889 1370 2967 ipsc
1407 2907 1408 2924 ι

150 2992 269 3052 Platone
282 2993 404 3070 judice,
427 2992 456 3074 l)
473 2995 562 3054 inane
581 3009 669 3069 estet
687 2995 833 3054 ludicrum
852 2992 1016 3070 negotium,
1037 2989 1134 3049 verbis
1152 3002 1305 3060 constans,
1324 2984 1368 3042 de-

147 3091 279 3150 stitutum
297 3091 393 3152 rebus.
416 3089 522 3172 'ltaque
541 3108 602 3153 tum
622 3092 738 3152 demum
759 3091 880 3150 effloruit
900 3090 1048 3169 viguitque
1066 3087 1208 3161 Athenis,
1230 3099 1368 3167 postquam
1407 3059 1408 3144 l

147 3189 267 3249 Periclis
286 3181 464 3271 aliarumque
485 3194 635 3273 ingenium
653 3191 809 3272 sapientiae
824 3188 920 3249 studio
944 3187 1086 3246 imbuerat
1096 3187 1280 3264 Anaxagoras
1290 3180 1368 3258 ,sub-

149 3287 227 3347 limis
252 3287 460 3371 philosophus,
481 3292 528 3350 cui
558 3305 586 3350 et
603 3289 732 3350 Socrates
751 3288 853 3348 debuit
872 3286 994 3345 multum
1014 3281 1053 3344 et'
1067 3284 1121 3343 hoc
1142 3282 1245 3342 debuit
1264 3279 1370 3359 Euripi·

148 3385 218 3461 des,
241 3401 273 3447 ut
292 3409 350 3446 una
369 3410 435 3448 cum
458 3388 622 3468 eloquentia
640 3387 853 3470 philosophiam
878 3386 910 3444 in
934 3405 1047 3444 scenam
1070 3383 1251 3464 produceret.
1295 3374 1369 3453 Quod

150 3489 219 3546 item
235 3501 263 3546 et
279 3487 360 3546 Plato
380 3488 457 3549 vidit
474 3501 502 3546 et
521 3488 743 3569 comprobarunt
753 3485 866 3570 posteri.
894 3504 908 3536 tt
915 3483 1057 3556 Videtur,
1079 3483 1119 3541 ait
1134 3481 1166 3540 in
1186 3478 1316 3538 Phaedro
1329 3475 1369 3534 So·

148 3599 257 3660 crates,
277 3585 358 3645 haud
381 3587 444 3644 sine
470 3607 568 3645 caussa
591 3585 715 3645 Pericles
741 3585 957 3664 ineloquentia
982 3581 1204 3662 perfectissimus
1228 3577 1368 3642 exstitisse.

150 3685 266 3764 Heium,
296 3678 363 3746 όοαι
384 3677 507 3765 perpellere
527 3683 589 3745 τῶν
608 3677 734 3762 τέχναιν,
757 3677 948 3764 προσδέωνται
970 3674 1144 3758 ἀδολεσχίας
1163 3675 1211 3737 καὶ
1232 3693 1371 3755 μετεωρο-

148 3787 248 3868 λογίας
269 3783 386 3870 φύσεως
406 3785 486 3870 πέρι·
508 3783 547 3849 τό
567 3779 624 3866 yrip
645 3780 815 3867 ὑψηλόνουν
834 3784 921 3846 τοῦτο
942 3782 992 3845 καλ
1011 3776 1048 3844 τό
1068 3773 1166 3864 πάντῃ
1180 3767 1370 3855 τελεσιουργόν

148 3888 238 3952 ἔοικεν
269 3887 408 3954 ἐντεῦθέν
432 3895 527 3954 ποθεν
552 3883 677 3963 εἷςιὲνοι·
710 3883 730 3949 ό
755 3886 804 3948 καὶ
830 3885 976 3970 Περικλῆς
1000 3878 1077 3967 πρός
1100 3881 1147 3970 τιό
1171 3875 1283 3961 sinope
1307 3870 1369 3938 εἶναι

147 3989 306 4077 ἐκτήσατο·
334 3990 504 4077 προςτιεσαλν
530 3987 599 4074 yolo,
628 3985 724 4071 οἶμαι,
750 3985 872 4076 τοιούτῳ
900 3984 962 4050 ὄντι
982 3978 1176 4070 Ἀναξαγόρᾳ,
1198 3981 1369 4062 μετεωρολο

147 4096 212 4180 γλας
238 4097 422 4181 ἐμπλησθεὶς
447 4095 495 4160 καὶ
523 4094 571 4157 ἐπὶ
599 4089 687 4178 φύσιν
713 4095 767 4155 νοῦ
790 4117 821 4156 τε
848 4091 896 4154 καὶ
922 4085 1020 4164 οἷνοίας
1046 4081 1236 4170 ἀφικόμενος,
1269 4074 1311 4146 air
1335 4073 1369 4158 δή

146 4198 213 4283 πέρι
238 4198 292 4264 τόν
317 4198 408 4264 ιιολόν
432 4196 521 4282 λόγον
548 4198 672 4261 ἐποιεῖτο
698 4192 910 4280 Ἀναξαγόρας,
938 4192 1074 4260 ἐντεῦθεν
1100 4185 1228 4253 εἵλκυσεν
1254 4185 1302 4247 ἐπὶ
1323 4177 1375 4266 τόν

186 4484 210 4550 1)
228 4485 335 4538 Pltocdr.
356 4486 406 4537 269
425 4495 451 4537 et
466 4483 523 4535 2⁷0.
540 4483 578 4536 (λλ.
597 4481 731 4536 cicerae
749 4497 769 4530 c:
787 4478 811 4527 4.
888 4471 889 4476 ’
