2950 5134
750 266 785 324 10

148 425 212 484 aliis
231 423 445 505 praecipiebat,
469 425 529 505 ipse
553 437 581 483 et
604 438 717 484 secutus
740 427 834 486 fuerat
858 440 886 485 et
909 425 1080 506 sequebatur
1103 442 1276 490 constanter.
1308 430 1379 490 Narn

148 553 247 620 captus
267 561 283 598 a
301 558 390 620 puero
412 538 465 599 hac
489 539 605 619 linguae
629 538 755 599 Graecae
779 554 806 600 et
828 540 1002 601 Graecarum
1025 542 1173 602 literarum
1198 543 1333 613 ubertate.
1354 559 1382 604 et

149 654 308 734 elegantia,
327 653 379 714 diu
398 655 431 714 in
450 653 528 714 hisce
546 668 674 716 versatus
693 670 782 715 estet
801 655 945 716 habitavit
958 657 1064 739 plane,
1085 672 1255 738 anteaquam
1272 659 1311 719 ad
1330 661 1381 720 La·

150 771 224 829 tinas
242 768 469 852 progrederetur.
501 771 576 830 Tum
595 771 713 830 veroin
733 772 855 852 Nepote,
876 773 908 830 in
925 772 1061 833 Cicerone
1081 774 1205 834 Atticam
1223 773 1380 855 deprehen·

149 884 222 944 dens
239 885 357 965 gratiam
375 899 402 944 et
421 885 480 946 vim
499 883 717 966 philosopham,
738 887 801 968 pari
820 900 953 970 utrasque
972 907 1065 948 amore
1084 888 1233 968 amplexus
1250 903 1301 950 est.
1322 891 1382 950 blec

149 999 308 1079 quidquam
326 999 429 1059 habuit
446 1020 497 1081 per
515 991 602 1060 totarn
621 1001 710 1061 vitam
727 1003 893 1083 antiquius,
912 1024 998 1082 quam
1018 1017 1050 1062 ut
1070 1003 1176 1064 coleret
1195 1004 1261 1064 illas
1271 1051 1279 1080 ,
1299 1004 1381 1065 alios·

150 1136 206 1193 que
223 1114 262 1174 ad
281 1136 326 1174 eas
350 1115 485 1175 colendas
509 1116 646 1175 excitaret
669 1129 696 1175 et
718 1117 883 1178 adduceret.
920 1116 978 1177 Sed
996 1131 1029 1178 ut
1048 1139 1081 1177 ea
1091 1165 1100 1194 ,
1120 1140 1193 1198 quac
1213 1119 1297 1180 nobis
1316 1119 1383 1201 pla-

152 1244 237 1306 cent,
256 1229 425 1310 diligentius
442 1230 564 1290 solemus
578 1231 743 1306 attendere,
764 1233 833 1291 etsi
851 1232 923 1312 quid
936 1232 1030 1309 adsit,
1049 1233 1127 1312 quod
1145 1233 1193 1295 vel
1213 1233 1384 1315 displiceat,

152 1344 200 1406 vel
214 1365 275 1404 nou
294 1344 381 1426 plane
399 1346 538 1406 continuo
557 1359 670 1426 pateat,
698 1345 731 1406 id
749 1348 909 1428 patefacere
928 1347 1012 1409 nobis
1031 1348 1079 1408 vel
1098 1348 1199 1409 tollere
1218 1348 1383 1408 studemus:

151 1462 191 1522 ita
210 1460 261 1519 ille
280 1459 450 1520 incredibili
467 1460 571 1548 ducqus
584 1461 765 1540 antiquitatis
784 1460 988 1538 admiratione,
1004 1483 1064 1522 non
1083 1464 1150 1523 satis
1168 1462 1292 1524 habebat
1310 1464 1384 1544 lege·

151 1595 181 1634 re
204 1575 355 1657 scriptores
379 1576 512 1654 antiquos
526 1591 563 1636 *et
586 1574 740 1636 admirari:
767 1578 903 1658 prooessit
927 1591 1027 1658 sponte
1040 1578 1090 1644 ‚ad
1115 1578 1330 1660 expediendum
1357 1592 1385 1638 et

151 1689 374 1765 illustrandum,
394 1691 472 1770 quod
491 1691 524 1750 in
549 1691 586 1750 iis
614 1705 685 1752 esset
712 1692 884 1773 impeditum
902 1707 953 1752 aut
978 1692 1146 1752 obscurum:
1168 1693 1206 1753 ad
1224 1692 1385 1752 emendan-

151 1805 238 1882 dum,
256 1807 280 1865 si
299 1803 372 1885 quid
388 1805 565 1887 corruptelae
583 1820 676 1866 tractu
694 1809 828 1889 temporis
853 1809 1078 1868 contraxissent:
1100 1822 1161 1868 tum
1181 1829 1249 1869 vero
1267 1808 1305 1868 ad
1326 1807 1384 1868 tol·
1442 1875 1445 1883 Ι

151 1919 270 1980 lendum
290 1935 318 1980 et
341 1920 534 2000 ejiciendum,
554 1921 698 2001 quidquid
722 1923 754 1980 in
779 1922 816 1981 iis
837 1922 1066 2003 deprehenderet
1083 1923 1211 1984 alienum
1230 1937 1258 1983 et
1276 1943 1385 2004 suppo-

150 2037 245 2096 situm.
276 2037 339 2112 Quo
358 2037 419 2119 ipse
439 2057 467 2094 se
482 2037 566 2096 fateri
581 2037 690 2096 solebat
708 2038 856 2097 accessisse
869 2059 928 2096 non
944 2037 1040 2097 laudis
1057 2038 1171 2113 studio,
1192 2039 1242 2098 sed
1261 2041 1384 2098 maxime

150 2152 276 2232 ipsarum
294 2172 391 2211 caussa
411 2151 578 2226 literarum,
596 2173 666 2231 quas
683 2173 785 2233 nempe
805 2166 929 2226 amaret,
950 2153 1111 2233 quibusque
1131 2153 1263 2234 prodesse
1283 2153 1382 2214 stude-

150 2281 201 2326 ret.
233 2268 291 2325 Nec
312 2287 379 2350 vero
398 2265 546 2326 exantlare
564 2268 628 2346 quis
646 2267 733 2347 possit
750 2280 792 2326 tot
810 2265 877 2326 illos
895 2279 923 2325 et
942 2280 1035 2327 tantos
1053 2266 1183 2344 labores,
1201 2283 1270 2348 quot
1289 2290 1384 2349 quan-

76 2353 81 2361 ·
150 2381 228 2461 tique
248 2380 425 2463 suscipiendi
449 2395 516 2440 sunt
542 2382 662 2457 critico,
692 2382 750 2440 nisi
776 2402 875 2440 omero
895 2380 1018 2442 ducatur
1036 2383 1203 2458 literarum,
1235 2397 1267 2443 ut
1287 2386 1384 2463 prouti

150 2510 276 2556 amantes
295 2518 346 2578 pro
365 2498 482 2573 amatis,
507 2497 547 2556 sic
573 2497 633 2578 ipse
658 2517 709 2578 pro
733 2496 812 2555 hisce
837 2495 951 2556 deliciis
975 2498 1034 2556 suis
1054 2497 1098 2556 nil
1118 2520 1177 2557 non
1197 2499 1336 2558 sustineat
1354 2515 1385 2558 et
1467 2563 1468 2576 χ

150 2613 260 2693 perpeti
279 2627 307 2672 et
325 2612 470 2694 perficere.
503 2613 674 2673 Criticorurn
692 2612 752 2672 fere
770 2613 872 2671 misera
892 2612 950 2670 fuit
968 2613 1029 2674 vita
1039 2659 1047 2688 ,
1069 2614 1093 2671 si
1113 2633 1255 2672 sermones
1273 2614 1386 2695 accipi-

150 2721 212 2786 mus
231 2727 311 2808 rulgi
329 2742 357 2787 et
377 2728 535 2788 hominum.
548 2727 719 2808 vulgarium.
759 2727 796 2786 Et
814 2747 883 2786 sane
901 2747 1032 2806 magnam
1052 2729 1129 2788 vitae
1147 2701 1256 2809 partein
1275 2731 1386 2789 transi-

151 2857 222 2923 gunt
248 2842 333 2902 libris
361 2842 491 2923 legendis
519 2852 620 2924 ‘parum
640 2843 769 2903 venustis
787 2842 1048 2921 grammaticorum,
1068 2842 1228 2918 rhetorum,
1249 2843 1385 2905 scholias-

150 2971 261 3032 tarum,
287 2957 574 3052 lexicographorum:
600 2957 749 3018 codicibus
769 2956 967 3031 excutiendis,
992 2956 1209 3038 comparandis,
1230 2958 1385 3019 censendis

151 3093 239 3132 manu
258 3074 388 3156 scripsit:
416 3073 610 3154 inquirendo,
630 3072 816 3146 meditando,
848 3085 894 3146 et,
919 3071 997 3151 quod
1021 3074 1174 3156 pessimum
1198 3087 1257 3149 est,
1278 3074 1386 3134 frustra
1466 3045 1467 3050 i

151 3209 352 3269 saepenumero
370 3188 575 3249 molestissimis
593 3188 773 3270 perferendis
791 3186 946 3248 laboribus.
977 3187 1065 3248 Haud
1079 3188 1177 3248 dulcia
1192 3188 1262 3248 haec
1281 3188 1385 3250 viden·

152 3317 200 3364 tur
217 3303 414 3379 mulierculis,
434 3325 487 3363 nec
506 3303 676 3386 elegantulis
690 3303 775 3362 etiam
793 3301 978 3379 hominibus,
996 3305 1065 3384 qui,
1084 3305 1200 3363 istarum
1212 3304 1319 3379 instar,
1340 3305 1386 3363 le-
1464 3371 1466 3384 .

152 3421 232 3480 viora
250 3433 374 3481 tractant
393 3433 421 3478 et
440 3420 580 3480 suaviora.
611 3420 669 3478 Nec
687 3418 772 3478 nobis
789 3419 917 3498 profecto
927 3463 936 3493 ,
955 3421 1092 3480 Creuzere
1102 3464 1110 3495 ,
1129 3418 1199 3478 haec
1219 3421 1314 3478 omnia
1333 3441 1386 3500 per
1465 3489 1466 3498 χ

153 3555 181 3594 se
210 3534 365 3597 videantur
387 3555 555 3616 magnopere
581 3532 750 3615 expetenda.
789 3533 849 3592 lrno
872 3534 958 3592 mirer
982 3533 1132 3614 equidem,
1163 3534 1187 3592 si
1208 3533 1302 3594 laudis
1325 3534 1384 3614 glo·

155 3651 269 3730 riaeque
287 3651 416 3710 studium
430 3671 526 3710 unum
546 3648 707 3724 sufficeret,
737 3661 769 3707 ut
791 3649 867 3709 vitae
892 3648 1006 3727 saquis
1027 3648 1155 3728 privaret
1174 3647 1384 3728 voluptatibus,
1464 3691 1465 3702 2

153 3786 301 3826 aerumnas
319 3764 402 3825 hasce
421 3778 521 3846 sponte
541 3764 719 3846 perduraret.
741 3765 778 3823 ilt
796 3783 863 3826 vero
880 3783 976 3838 amor,
991 3763 1041 3842 qui
1057 3763 1151 3823 vincit
1174 3764 1288 3838 omnia,
1306 3785 1385 3824 amor

154 3881 302 3942 literarum
321 3895 349 3941 et
365 3881 488 3955 nuum,
507 3881 557 3960 qui
578 3878 774 3939 molestissima
793 3879 878 3938 etiarn
900 3879 998 3941 suavia
1021 3877 1136 3952 reddit,
1159 3877 1207 3937 hic
1216 3923 1225 3952 ,
1245 3879 1364 3957 inquam
1374 3925 1383 3955 ,

155 4010 183 4056 et
200 3997 314 4056 criticos
332 4009 361 4056 et
387 3995 484 4056 nullos
505 4016 565 4054 non
591 4015 706 4074 magnos
732 3994 810 4054 viros
833 3994 865 4052 in
893 3994 970 4054 omni
997 3994 1102 4053 artium
1131 4006 1161 4060 et
1186 3991 1383 4053 doctrinarum

155 4131 274 4192 genere,
292 4113 332 4172 sic
352 4110 486 4171 incendit
503 4109 666 4171 vehementi
691 4107 809 4184 ardore,
831 4122 862 4168 ut
890 4131 942 4190 pro
970 4108 1080 4184 literis,
1108 4128 1160 4188 pro
1182 4106 1311 4184 artibus,
1331 4129 1384 4189 pro

156 4225 312 4302 doctrinis,
337 4239 474 4305 tanquam
499 4245 552 4306 pro
578 4223 723 4284 amoribus
751 4225 859 4284 suiset
881 4224 1014 4298 deliciis,
1045 4222 1090 4282 nil
1114 4244 1173 4282 non
1206 4225 1384 4304 susciperent

157 4341 291 4402 lubenter
310 4355 338 4402 et
359 4323 445 4412 facile
463 4339 652 4421 perficerent,
681 4340 738 4399 imo
756 4339 832 4399 ultro
856 4339 1040 4418 exquirerent
1070 4359 1159 4400 noras
1177 4335 1380 4411 difficultates,

157 4478 215 4538 qno
232 4457 268 4517 de
285 4457 322 4516 iis
339 4454 442 4518 melius
460 4456 544 4518 etiam
565 4453 793 4537 praeclariusque
812 4468 996 4516 mererentur.
