2886 5118
669 265 733 366 ¹537*
795 287 800 296 ·

74 423 360 509 ἐπιλανθανόμενος,
380 430 443 502 τοῖς
463 425 499 490 dd
520 419 694 509 ἔμπροσθεν
714 421 958 508 ἐπὲκτιινόμινος,
984 424 1062 492 κατὰ
1081 423 1190 516 ostonde
1211 424 1314 492 devince

75 533 122 595 ἐπὶ
141 528 179 596 τιν’
201 534 342 613 βραβεῖον
360 527 417 613 τῆς
436 524 499 591 ἄνω
519 524 652 612 κλήσεως
671 531 725 592 τοῦ
745 531 834 592 θεοῦ·
860 529 889 612 l)
916 531 1016 592 eadem
1035 531 1228 593 verecundiae
1249 553 1312 592 mo-

74 636 241 715 destiaeque
272 632 464 714 significatio:
492 627 551 714 οὕχ
570 626 616 694 ὅτι
635 625 697 716 ἤδη
720 626 842 712 ἔλαβον,
863 625 885 712 ἢ
903 624 964 714 ἤδη
985 627 1187 709 τετελείωμαι·
1213 625 1314 693 διώκω

75 728 122 808 δὲ,
142 732 169 795 εἰ
188 731 240 794 καὶ
258 725 433 811 καταλάβω·
454 733 487 815 2)
506 734 596 795 iidem
621 736 659 796 ad
680 750 756 795 recte
785 749 870 814 atque
896 735 929 794 in
955 746 1104 794 aeternum
1122 733 1313 814 progredien-

75 835 143 895 dum
161 830 292 895 stimuli:
315 827 422 896 ἔσεσθε
439 823 497 893 ὀὖν
514 827 600 912 ὑμεῖς
619 827 738 909 τέλειοι,
759 825 858 915 ὥσπερ
880 825 909 910 ὁ,
922 826 1021 913 πατήρ
1041 824 1144 909 ὑμῶν,
1162 825 1180 892 o‘
1200 827 1231 891 ἕν
1251 834 1315 905 τοῖς

75 927 225 1016 οὐρανοῖς,
246 928 353 1010 τέλειός
374 933 461 997 ἐστιν.
485 933 515 1014 3)
535 936 594 997 Sed
613 951 641 996 et
660 935 713 996 hac
735 935 772 996 de
793 957 824 996 re
844 957 913 996 suus
934 935 1020 994 nobis
1040 935 1072 993 in
1104 935 1245 1014 proximis
1263 933 1316 994 di-

75 1037 160 1096 cendi
183 1037 241 1096 erit
263 1037 353 1097 locus.

60 2001 66 2014 ρ
123 1927 414 2003 Philosophia
445 1925 553 2000 opnd
580 1918 820 1997 Platonem,
852 1929 938 1984 rice
963 1925 1262 2002 adpulcrnm,

158 2022 482 2102 sicennieeree
513 2023 562 2080 ad
594 2043 736 2079 cerum
766 2025 988 2099 refertur,
1020 2022 1205 2080 lerninis

248 2111 421 2200 'reaper
451 2130 512 2198 etet
542 2121 590 2177 nd
622 2126 853 2180 veritatem
882 2127 1115 2194 cenversio.

112 2317 230 2398 Duplex
261 2331 477 2398 argumentum,
509 2315 665 2374 arctissime
698 2328 853 2394 utrumque
870 2317 1077 2392 conjunctum,
1107 2316 1139 2373 in
1160 2315 1315 2395 postremis

78 2411 119 2472 his
137 2417 244 2475 nostris
262 2415 299 2475 de
320 2417 382 2477 veri
404 2412 589 2496 philosophia
611 2411 867 2492 disquisitionibus
886 2412 923 2472 ad
944 2412 1035 2471 linem
1051 2411 1220 2470 disserendo
1239 2433 1311 2492 per-

79 2509 230 2572 duximus:
264 2513 387 2574 alterum
408 2515 443 2572 de
463 2515 571 2573 mundo
588 2499 697 2596 νοητῷ,
728 2516 762 2572 de
784 2523 868 2591 neri,
896 2508 954 2570 τοῦ
975 2502 1058 2583 ὄντος
1065 2556 1076 2584 ,
1095 2517 1223 2571 scientie
1242 2510 1314 2569 alte·

78 2620 145 2668 rum.
178 2610 226 2671 Ex
244 2611 324 2690 omni
345 2611 399 2670 hac
420 2611 631 2690 disceptatione
651 2611 683 2671 id
705 2597 806 2692 sponte
827 2613 1049 2691 consequimur,
1064 2605 1199 2668 παιδείαν
1219 2609 1313 2689 potis-

78 2705 174 2766 simum
204 2709 350 2784 hominis,
379 2707 564 2787 ejusdemque
605 2711 645 2769 ad
669 2717 830 2768 cernentem
857 2717 1076 2769 conversionem
1095 2707 1312 2792 philosophiam

78 2803 150 2881 apud
167 2805 318 2892 l'latonem
337 2829 405 2866 esse.
438 2807 509 2865 Nam
529 2806 677 2886 quidquid
694 2808 731 2868 de
750 2808 916 2866 escensione
936 2808 1027 2867 animi
1045 2831 1060 2868 e
1078 2807 1188 2868 mundo
1207 2798 1312 2888 ὁρατῷ

79 2900 107 2958 iu
121 2897 241 2984 νοητόν,
263 2905 299 2966 de
320 2905 458 2986 gradibus
468 2950 477 2979 ,
507 2904 614 2984 quibus
633 2927 665 2964 eo
681 2907 853 2988 pervenitur
862 2951 871 2980 ‚
896 2905 933 2964 de
949 2906 1024 2966 ideis
1045 2910 1219 2988 praecipue,
1240 2927 1325 2985 quas,

53 3003 123 3077 ·qui
141 3026 199 3064 non
221 3006 353 3064 intuetur
374 3025 427 3063 nec
447 3005 571 3083 cogitare
589 3017 667 3064 recte
687 3025 740 3064 nec
759 3003 899 3086 perlicere
919 3004 1077 3083 quidquam
1097 3019 1208 3086 potest,
1238 3007 1308 3063 item

78 3095 111 3155 de
139 3103 229 3163 animi
255 3100 293 3162 ad
322 3103 471 3164 veritatem
500 3100 673 3186 περιαγωγῇ
690 3103 882 3184 protulimus,
913 3122 971 3160 non
1002 3104 1150 3183 pertinent
1180 3102 1249 3161 haee
1270 3101 1308 3160 ed

78 3191 172 3258 inanes
198 3201 238 3260 de
266 3220 361 3259 rerum
382 3201 494 3281 origine
515 3204 716 3281 quaestiones,
748 3202 798 3261 sed
819 3201 967 3260 hominem
987 3202 1106 3280 ejusque
1128 3203 1309 3262 verissimum
1390 3243 1391 3248 κ

79 3293 180 3356 cultum
200 3311 230 3358 et
248 3299 455 3380 perfectionem
476 3314 616 3380 spectant.
659 3303 739 3377 Quae
758 3315 853 3360 autem
872 3298 1027 3378 subjuncta
1048 3300 1094 3359 his
1114 3313 1155 3358 est
1174 3300 1211 3359 de
1230 3301 1312 3371 veri,

78 3389 127 3450 τοῦ
145 3385 247 3469 ὄντος,
278 3397 400 3456 scientia
430 3389 608 3478 disputatio,
638 3422 697 3479 quo
722 3399 782 3458 alio
809 3399 971 3478 pertinuit,
1002 3419 1091 3478 quam·
1118 3412 1149 3457 ut
1180 3397 1310 3456 Platonis

79 3491 133 3551 sire
156 3496 384 3578 metaphysicam
414 3496 476 3556 sive
495 3497 557 3556 reri
576 3496 740 3556 doctrinam
760 3497 991 3573 exquireremus,
1022 3517 1077 3576 qua
1099 3481 1185 3554 unice
1206 3496 1307 3554 liceret

78 3587 180 3652 homini
208 3593 246 3653 ad
277 3594 339 3655 veri
366 3594 516 3652 scientiam
538 3615 734 3675 summamque
753 3594 959 3674 perfectionem
980 3593 1142 3652 accedere?
1183 3593 1241 3652 Nos
1261 3595 1306 3650 in·

78 3685 237 3753 choarimus
264 3693 368 3752 haecce
389 3704 418 3750 et
436 3691 619 3774 philosophis
639 3693 832 3772 relinquimus
853 3693 954 3751 aetatis
975 3704 1104 3764 nostrae,
1137 3704 1188 3764 ut,
1218 3690 1306 3748 misso

77 3788 311 3870 cunipertum,
344 3803 485 3850 sectarum
511 3812 543 3850 ac
565 3805 749 3872 systematum
771 3789 886 3865 studio,
918 3810 1006 3848 unam
1026 3787 1209 3848 attendentes
1229 3789 1304 3847 reri·

79 3891 174 3960 tatem,
194 3887 283 3964 hinc,
305 3891 329 3948 si
349 3888 487 3963 libuerit,
508 3889 545 3948 ad
567 3904 643 3949 recte
664 3887 930 3971 philosophandum
951 3885 1115 3968 proficiant.
1159 3885 1307 3946 Verunta-

78 3997 137 4040 men
160 3986 237 4062 quod
257 3987 290 4046 in
308 3988 369 4063 his,
400 3986 474 4047 duce
493 3987 630 4064 Platone,
660 3989 697 4048 de
715 3995 922 4062 conversione,
952 3993 1223 4062 circumversione,
1249 4005 1308 4046 nr-

110 4253 132 4319 1)
149 4261 194 4330 up.
212 4267 248 4316 aa
262 4265 370 4334 νιιαρρ.
391 4266 432 4318 nr.
459 4266 500 4318 rr.
519 4301 524 4308 .

108 4337 131 4402 ο)
149 4346 207 4399 un.
225 4349 267 4400 ur.
292 4349 333 4400 ιν.
356 4361 358 4366 ,

108 4423 132 4488 ³}
148 4432 230 4486 nnn.
248 4435 279 4486 v,
302 4434 346 4486 re.
407 4440 411 4444 ·
