2924 5132
680 225 737 286 set

72 389 229 449 dicentem
253 389 410 450 *Timaeum
436 391 620 468 audivimus,
642 416 702 454 non
734 391 950 470 dubitabimus,
971 391 1043 470 quin
1059 391 1136 451 Deus
1156 389 1321 472 apud-Pla·

72 502 173 548 tonem
206 487 307 568 ipsius
334 489 371 548 sit
395 490 525 550 veritatis
551 491 719 572 exemplar,
740 512 794 551 nec
814 509 882 551 vero
900 489 1103 572 opinabimur,
1123 487 1202 568 quod
1220 489 1324 550 multis

73 583 211 666 placuit,
244 581 286 647 sd
313 580 432 667 α’γοιθόν
456 587 535 670 apud
553 588 702 650 Platonem
721 589 758 650 de
778 589 840 670 ipso
858 590 918 649 Deo
934 585 1137 669 accipiendum
1157 608 1224 648 esse.
1245 587 1322 648 Arti-

73 688 138 749 liois
157 689 247 749 enim
269 690 389 769 perlecti
409 691 501 750 instar
520 693 597 752 Deus
617 690 664 751 hio
685 692 825 766 occurrit,
846 689 885 750 a'd
904 684 1093 771 seridredus]
1108 689 1203 750 ideam
1219 689 1322 770 rudem

73 792 301 872 informemque
328 794 473 854 materiem
502 795 684 879 informans„
714 794 799 870 Quod
828 807 921 853 autem
940 792 1003 852 illic
1023 791 1060 852 de
1080 793 1183 854 mundi
1202 793 1323 874 primor-

73 889 131 950 diis
153 890 273 952 lcviter
292 893 538 972 significavimus,
560 893 616 952 hic·
633 915 670 952 ex
690 895 753 973 ipso
773 893 889 952 Timaeo
909 892 1026 974 plenius
1044 889 1228 972 interpretari
1244 888 1323 949 licet.

72 988 181 1071 Inepte
212 991 326 1071 posteri
354 993 526 1052 sententiam
551 990 604 1051 hac
634 991 671 1051 de
700 1013 730 1050 re
760 991 889 1050 Platonis
918 1003 1111 1071 acceperunt:
1141 987 1233 1049 veluti
1253 986 1321 1066 Epi·

72 1089 173 1163 omei,
195 1109 295 1168 quum
314 1089 406 1151 Deum
432 1089 561 1150 Platonis
587 1089 682 1163 fabri,
704 1089 800 1148 nescio
826 1091 926 1168 cujus,
948 1090 1059 1164 instar,
1080 1087 1240 1170 mundum,
1260 1099 1324 1146 tan·

72 1205 161 1264 quam
184 1186 361 1246 aedilicium
386 1187 505 1268 aliquod
525 1201 740 1248 construentem
759 1202 788 1247 et
809 1186 1011 1248 aedificantem
1031 1186 1087 1246 sihi
1108 1195 1322 1267 proponerent:

74 1283 156 1344 unde
190 1286 287 1346 facile
318 1301 397 1362 erat,
428 1286 565 1348 adversus
593 1287 778 1346 Platonem
770 1307 872 1346 inanes
891 1285 1093 1346 cavillationes
1110 1296 1223 1364 petere:
1245 1279 1326 1361 quod

73 1382 145 1443 iacit
166 1383 258 1465 apud
282 1385 450 1446 Ciceronem
468 1385 599 1466 Vellejus
619 1386 788 1466 Epicureus
832 1385 909 1444 Tum
937 1385 1072 1461 Vellejus
1081 1383 1219 1460 ιγίιίοιιιον
1239 1401 1325 1448 sene,

76 1494 111 1540 ut
131 1485 238 1544 solent
260 1490 334 1560 isti,
356 1486 519 1544 nihilium
541 1507 664 1559 veresas,
686 1505 776 1562 quem
796 1507 832 1543 ne
852 1487 992 1544 dubitare
1012 1485 1116 1561 alique
1136 1481 1171 1538 de
1188 1499 1223 1536 re
1240 1479 1324 1536 eide·

74 1591 169 1640 retur
181 1580 367 1660 ,tunquam
392 1585 473 1642 modo
494 1605 529 1642 ee
549 1581 683 1644 Deorum
702 1585 829 1649 coneilio
848 1594 877 1642 et
896 1606 931 1642 ee
951 1581 1085 1660 Epicuri
1104 1577 1323 1638 intermundiis

76 1680 306 1741 descendisset:
328 1683 450 1757 cudite,
471 1691 590 1761 inquit,
611 1705 670 1742 nan
689 1683 808 1758 sutiles
833 1688 1110 1758 commentitiaeque
1139 1683 1322 1748 sententies,

76 1801 135 1838 nen
158 1783 304 1858 opificem
331 1783 610 1860 aedificatoremque
630 1785 737 1842 mundi
747 1827 755 1855 ‚
776 1778 918 1840 Plutonis
944 1781 979 1839 de
1002 1779 1131 1838 'Timaeo
1155 1773 1266 1836 Deum.
1287 1793 1322 1824 ·-

79 1876 200 1955 Quibus
221 1887 305 1940 enim
325 1882 420 1940 oculte
439 1888 539 1941 enimi
557 1889 676 1944 intueri
700 1888 801 1957 potuit
822 1889 919 1939 vester
946 1879 1038 1942 Plau
1058 1879 1217 1952 sutricum
1234 1875 1322 1946 illem

77 1985 163 2036 tenti
194 1986 317 2058 operis,
348 2001 408 2058 qua
438 1988 575 2039 construi
596 2004 617 2040 e
645 1978 708 2038 Deo
737 1990 829 2059 etque
857 1978 1016 2055 aedificari
1046 1976 1191 2052 mundum
1210 1971 1321 2050 fucit?

81 2073 168 2154 Quae
188 2079 334 2136 melitio?
356 2070 433 2156 quae
442 2075 667 2154 ferramento?
689 2087 743 2156 qui
762 2077 879 2138 nectes?
901 2097 977 2156 quoe
993 2072 1174 2134 machinae?
1196 2080 1249 2150 qui
1267 2077 1322 2128 mi·

80 2181 180 2234 nisisi
202 2183 293 2234 tanti
311 2185 448 2236 muneris
457 2177 621 2254 frenent?
643 2178 888 2254 quemadmodum
907 2199 926 2236 ο
940 2184 1020 2234 utem
1037 2174 1152 2253 odedire
1170 2180 1200 2229 et
1214 2190 1325 2246 perere

82 2275 246 2334 voluntati
264 2276 427 2334 architecti
445 2284 519 2350 air,
539 2283 641 2357 ignis,
672 2297 751 2354 uque
763 2322 772 2351 ,
802 2285 889 2334 terre
905 2271 1097 2352 potuerunt?
1121 2268 1151 2350 l)
1188 2269 1253 2328 Non
1281 2268 1322 2327 ita

81 2371 142 2451 ipse
172 2373 302 2448 Cicero,
333 2374 384 2453 qui
408 2387 436 2432 et
465 2375 554 2434 vertit
576 2375 678 2436 Latine
712 2376 868 2435 Timaeum
889 2387 918 2432 et
936 2372 1007 2434 locis
1032 2369 1102 2431 inde
1122 2368 1222 2428 sumtis
1249 2365 1322 2426 sub·¹

79 2468 201 2534 linibus
250 2473 358 2553 scripta
387 2494 438 2532 sua
473 2473 651 2537 illustravit:
685 2472 722 2534 de
754 2488 863 2536 statuae
893 2471 1005 2552 accepit
1030 2481 1165 2542 auctore,
1195 2463 1245 2545 qui
1275 2466 1318 2524 in·
1401 2469 1403 2475 '

78 2582 163 2630 tuens
192 2569 281 2630 ideas
305 2572 518 2651 perfectamque
543 2561 599 2632 si'bi
624 2574 694 2635 inde
713 2576 832 2636 formam
849 2591 1031 2653 proponens,
1051 2568 1139 2645 hujus
1158 2563 1195 2624 ad
1213 2563 1323 2645 simili-s

79 2665 215 2736 tudinem
249 2689 321 2748 opus
345 2689 439 2728 suum*
456 2669 619 2732 conficeret.
662 2672 830 2733 Rectissime
857 2671 897 2730 ita
927 2668 993 2726 ille:
1016 2667 1158 2744 uniceque
1179 2660 1249 2721 inde
1269 2662 1319 2722 in-

80 2763 250 2846 telligitur,
291 2787 352 2844 quo,
380 2787 465 2827 sensu
492 2768 635 2828 mundum
661 2771 740 2830 huno
768 2770 850 2830 Plato
878 2766 940 2830 τῶν
965 2761 1071 2828 neten
1094 2759 1182 2837 'detis
1200 2753 1319 2840 ἄγαλμα

83 2873 246 2932 vocaverit.
266 2869 309 2952 ·2)
359 2870 436 2945 Sed,
466 2893 523 2950 quo
549 2873 646 2932 minus
671 2874 707 2932 in
735 2873 781 2932 his
806 2867 1035 2954 interpretandis
1062 2866 1099 2926 de
1128 2862 1260 2926 vectibus
1290 2877 1319 2924 et

84 2969 230 3030 machinis
248 2971 423 3050 cogitemus,
443 2985 541 3051 pergat
560 2970 698 3052 deinceps
718 2970 797 3052 apud
811 2969 961 3030 Platonem
979 2967 1122 3028 Timaeus.

125 3071 335 3146 «Quaeramus
363 3081 458 3128 autem
485 3089 632 3144 caussam,
662 3089 734 3148 quae
761 3089 826 3128 eum
855 3065 1024 3149 impulerit,
1044 3064 1095 3143 qui
1121 3062 1193 3120 haec
1212 3057 1317 3118 maehi-

83 3181 167 3227 natus
195 3169 253 3243 sit,
286 3181 317 3226 ut
345 3168 485 3247 originem
505 3189 601 3228 rerum
619 3182 647 3227 et
666 3168 845 3228 molitionem
863 3186 969 3228 novam
988 3173 1145 3244 quaereret
1185 3149 1318 3238 Ἀγαθός
1343 3147 1350 3158 ’

82 3261 133 3350 ην,
160 3268 291 3390 dyadqi
308 3267 344 3332 δὲ
369 3266 466 3346 οὐδεὶς
491 3271 559 3353 περὶ
585 3267 708 3348 οὐδενος
738 3266 878 3334 οὐδέποτε
906 3265 1065 3351 ἐγγίγνεται
1093 3255 1223 3346 φθόνος
1243 3280 1322 3322 τοο-

83 3395 134 3435 τον
163 3371 238 3438 δ”
223 3368 309 3447 surda
335 3366 390 3448 uir,
420 3366 517 3435 πάντα
545 3367 591 3436 ὅτι
618 3369 748 3454 μάλιστα
773 3365 929 3454 ἐβουλήθη
961 3363 1101 3452 γενέσθαι
1131 3355 1322 3449 nupuniep‘om

85 3469 198 3565 ἑαυτῷ·
233 3479 323 3536 denus
354 3485 440 3534 eret:
472 3478 563 3536 bonus
594 3486 707 3536 eutem
726 3477 842 3534 ineidat
870 3481 1001 3532 nemini:
1022 3480 1125 3549 itaque
1144 3473 1244 3556 omniq
1264 3466 1321 3524 sibi

87 3543 205 3642 sineilia
230 3590 400 3665 generavit.
453 3581 530 3640 Haec
560 3581 698 3641 nimirum
714 3578 867 3660 gignendi
897 3574 1000 3635 mundi
1031 3593 1129 3634 caussa
1155 3559 1319 3646 justissima.

86 3681 262 3765 Βουληθιὶς
283 3675 341 3764 γοὶρ
366 3674 384 3742 e‘
405 3674 483 3753 θιος
503 3675 609 3760 ἁγαθοὶ
630 3701 687 3760 μεν
708 3673 821 3754 πάντα,
842 3676 975 3792 φλαῦρον
997 3669 1032 3735 δὲ
1049 3667 1148 3753 μηδὲν
1162 3661 1234 3729 εἶναι
1246 3685 1320 3725 κατα

87 3777 289 3865 δύναμιι,”
253 3807 331 3846 even
354 3779 394 3866 tq*
416 3775 624 3866 adadenus
645 3776 769 3904 ripaeos,
792 3769 990 3860 παραλαβών,
1011 3770 1069 3896 οὐχ
1089 3767 1219 3855 ἡσυχίαν
1232 3761 1319 3849 dyas,

88 3881 165 3950 itta
187 3882 280 3968 κινοῦγ
281 3908 355 3950 aaron
375 3886 559 3969 πλημμελῶς
579 3885 627 3948 καὶ
649 3880 781 3959 ἀτάκτοις
791 3931 800 3960 ,
823 3883 864 3958 εἰς
884 3873 1027 3953 ταξιν’
988 3872 1061 3942 amsi
1084 3867 1193 3958 ἤγαγεν
1214 3869 1246 3932 ἐκ
1267 3869 1322 3996 τῖς

89 3985 277 4068 ἅταξίας,’
255 3983 442 4075 ηγησάμενος
470 3986 560 4051 ἐκεῖνο
587 3984 694 4051 τούτου
719 3981 838 4062 πάντως
864 3979 994 4065 ἄμεινον·
1024 3973 1112 4060 θέμις
1139 3973 1176 4039 δὲ
1199 3965 1304 4038 οὔτ’.
1283 3996 1321 4098 ιγ

91 4085 151 4155 οὔτ’
183 4091 245 4158 ἔστι
275 4093 321 4182 spi
352 4087 464 4178 ἀρίστῳ
496 4091 572 4173 δρᾶν
598 4087 669 4154 ἄλλο
698 4086 775 4173 nisis
799 4113 834 4153 ee
860 4082 1024 4152 κάλλιπον
1052 4073 1239 4164 λογισάμενος
1265 4068 1318 4138 ode

127 4324 467 4390 licentiosum

126 4409 152 4476 2)
174 4413 269 4468 Timaeo
284 4413 361 4468 370.
380 4413 419 4466 Gi
437 4412 538 4465 Ruhnlt
553 4415 586 4463 ed
604 4413 671 4462 Tim
680 4427 705 4476 p.
712 4409 761 4460 [ἰ.1
