2908 5114
381 1337 444 1404 ltu
466 1337 705 1405 HOMINIS
726 1338 792 1403 tl)
814 1336 1150 1404 vuttlrlrttrt

658 1497 879 1582 περιαγωγῇ.

197 2219 368 2281 Introduxit
397 2241 448 2278 nos
476 2219 558 2278 Plato
585 2239 638 2298 per
673 2215 898 2298 disciplinarum
927 2215 1180 2296 disquisitionem,
1205 2232 1265 2278 turn
1291 2217 1370 2278 mari-

158 2339 202 2378 me
239 2318 395 2398 speluncae
422 2314 556 2375 adhibita
586 2315 731 2392 imagine,
759 2316 792 2373 in
822 2314 965 2375 mundum
983 2310 1103 2396 νοητόν·
1134 2338 1193 2397 quo
1223 2337 1274 2378 nos
1298 2331 1370 2376 trans·

161 2416 235 2476 latos
253 2413 386 2473 sublimis
407 2412 476 2470 haec
493 2410 625 2502 'ejusdem
653 2411 690 2470 de
716 2411 792 2470 ideis
818 2426 846 2472 et
876 2412 1038 2476 idealibus·
1055 2417 1190 2476 doctrina
1220 2413 1258 2473 ad
1284 2430 1370 2471 sunus
1427 2447 1428 2454 κ

161 2512 258 2572 omnia
275 2523 303 2570 et
331 2509 435 2570 divina
465 2508 577 2567 eduxit.
619 2509 685 2566 Non
715 2508 912 2586 quaerendum
948 2513 1033 2572 nobis
1063 2531 1237 2592 magnopere
1267 2509 1311 2570 hle
1326 2521 1371 2579 est,

161 2607 241 2689 quod
261 2608 294 2666 in
312 2605 435 2665 aliorum
453 2604 596 2664 doctrinis
620 2604 860 2686 philosophorum
884 2609 1091 2688 persequendis
1120 2629 1257 2687 quaerere
1274 2607 1373 2668 solemus

101 2735 104 2738 ·
163 2703 289 2764 subinde
306 2723 360 2762 nec
381 2703 561 2782 perspicere,
582 2722 634 2758 our
653 2701 708 2759 hoc
727 2703 783 2761 iter
808 2703 932 2764 sublime
952 2719 980 2764 et
998 2727 1056 2784 quo
1074 2707 1221 2786 proposito
1240 2703 1372 2765 institueri-

162 2825 235 2864 mus.
276 2801 349 2860 Nam
368 2800 498 2857 hominis
515 2800 548 2857 in
568 2797 614 2855 his
633 2798 768 2857 omnibus
786 2801 910 2859 maxime
931 2805 1073 2863 rationem
1093 2802 1263 2864 habuimus:
1283 2803 1373 2863 aderr-

160 2900 303 2962 diendum
322 2895 588 2978 perficiendumque
607 2894 754 2958 hominem
772 2896 870 2956 valere
890 2900 1018 2960 Platonis
1050 2902 1215 2962 doctrinam
1246 2901 1373 2963 vidimus:

159 2998 287 3060 hominis
305 2995 426 3054 omnino
453 2992 702 3068 humanarumque
720 3012 816 3051 rerum
843 2998 1097 3075 provehendarum
1121 3001 1222 3060 caussa
1247 3001 1374 3062 veritatem

162 3096 274 3176 assequi
293 3113 359 3162 cum
375 3091 495 3150 Platone
511 3088 684 3149 studuimus.
726 3087 784 3147 Sed
805 3088 906 3152 dehoc
926 3097 990 3175 ipso
1009 3099 1193 3176 quaerimus,
1213 3100 1375 3178 inquotam·

162 3196 216 3255 diu
228 3196 290 3272 jam
306 3191 412 3253 versati
432 3207 544 3260 sumus,
574 3186 684 3243 nendo
709 3186 823 3270 νοητῷ,
845 3191 918 3266 quid
942 3195 1059 3274 proprie
1078 3193 1157 3275 apud
1177 3194 1322 3254 Platonem
1339 3192 1374 3250 sit

161 3293 234 3351 Nam
253 3292 285 3348 in
304 3286 429 3346 eundem
448 3305 501 3342 nos
519 3281 662 3341 mundum
682 3298 710 3343 et
728 3287 895 3348 Aristoteles
920 3289 1007 3349 duxit
1024 3305 1052 3350 et
1070 3305 1211 3370 quotquot
1230 3286 1374 3373 philosophi

164 3409 224 3447 rem
242 3409 258 3446 a
277 3386 390 3466 speeie,
412 3401 513 3443 verum
535 3402 550 3439 a
571 3380 645 3440 salso
673 3381 853 3463 distinguere
881 3408 933 3446 nos
959 3388 1137 3447 docuerunt:
1169 3402 1306 3468 quotquot
1323 3389 1375 3445 iten

160 3486 319 3546 recentiore
328 3501 399 3542 aevo
409 3479 446 3538 de
462 3482 642 3538 substantiis
651 3523 660 3553 ,
676 3478 712 3540 de
731 3485 925 3558 monadibus,
946 3484 984 3543 de
1002 3493 1158 3560 essentiis,
1178 3487 1302 3565 denique
1312 3496 1375 3564 quot·

160 3598 233 3664 quot
248 3583 286 3643 de
301 3583 372 3661 ipsis
389 3571 557 3656 emundor
573 3591 601 3638 et
621 3572 810 3659 φαινομένοις
830 3594 968 3660 egerunt;
991 3603 1043 3641 nec
1062 3595 1160 3642 tamen
1177 3584 1281 3644 horum
1299 3581 1376 3644 omni-

160 3703 209 3741 um
225 3680 410 3762 philosophia
420 3725 430 3755 ,
449 3679 581 3759 quamvis
601 3680 737 3739 videatur
756 3680 925 3739 Platonicae
945 3679 1065 3755 similis,
1086 3682 1225 3740 convenit
1244 3703 1309 3740 cum
1321 3678 1375 3750 ills,

159 3780 218 3838 imo
237 3779 356 3858 longer
376 3777 525 3837 Platonico
537 3775 773 3858 {philosophandi
795 3779 941 3858 proposito
968 3775 1087 3837 recedit.
1107 3779 1315 3855 Quamobrem,
1332 3775 1375 3836 nisi

160 3877 244 3954 quis,
263 3876 356 3934 missis
375 3875 463 3956 plane
483 3873 599 3955 placitis
616 3872 663 3932 his
682 3876 851 3935 recentioris
871 3873 1091 3955 philosophiae,
1111 3875 1223 3957 integro
1244 3879 1334 3936 animo
1350 3870 1377 3928 {le

161 3973 281 4032 Platone
293 3971 426 4050 judicare
445 3972 589 4032 studuerit
595 3971 687 4050 ,quid
704 3972 783 4054 apud
803 3978 869 4032 eu'm
887 3972 1016 4032 mundus
1032 3963 1139 4052 νοητδς
1157 3976 1212 4049 sit,
1233 3974 1377 4051 intelligere

160 4093 221 4132 uon
236 4071 350 4150 poterit.
376 4072 441 4145 Quo
461 4090 530 4130 vero
549 4067 581 4128 id
600 4070 707 4129 rectius
716 4071 965 4152 perspexerimus,
983 4092 1017 4130 eo
1030 4073 1148 4153 plenius
1166 4092 1233 4130 cum
1252 4065 1377 4130 aliamul·

159 4183 189 4228 ta
209 4188 409 4246 assequemur,
430 4167 595 4225 tumetium
615 4167 687 4246 quid
706 4167 784 4227 illud
805 4171 858 4244 sit,
878 4168 957 4247 quod
973 4171 1006 4229 in
1027 4171 1106 4230 omni
1125 4170 1179 4229 hac
1199 4168 1377 4249 disputatione

160 4253 322 4326 identidem
339 4279 368 4324 et
386 4265 499 4346 saepius
518 4285 570 4324 nos
588 4265 702 4325 monuit
718 4265 930 4347 philosophus,
950 4275 1086 4326 converti
1104 4289 1156 4327 nos
1176 4281 1271 4326 mente
1286 4266 1377 4326 animo

160 4385 216 4443 que
235 4376 309 4423 totos
325 4361 363 4421 ad
382 4363 532 4421 veritatem
550 4361 665 4422 debere.
687 4364 767 4444 Opus
786 4365 875 4444 igitur
893 4363 990 4425 denuo
1009 4365 1095 4425 nobis
1112 4364 1298 4425 discernendi
1316 4359 1376 4422 dili·

163 4460 258 4540 gentil
273 4461 347 4534 erit,
367 4459 550 4536 fructumque
569 4480 605 4520 ex
632 4460 686 4520 huc
704 4481 780 4522 nova
811 4461 1034 4541 disquisitione,
1053 4463 1077 4521 si
1097 4461 1170 4540 quid
1191 4462 1295 4537 rideo,
1311 4461 1375 4519 hunc
