2872 5122
747 267 804 332 118

158 431 294 512 cogitasse
310 425 435 490 videtur.
477 425 534 489 Sed
551 428 607 488 erit
626 427 696 488 haec
715 429 799 490 nobis
818 431 879 491 veri
893 428 1071 510 'disquisitio
1091 433 1124 492 in
1148 431 1244 494 studio
1261 435 1362 516 sepeu-

157 531 213 590 tiae
225 535 396 608 progressio
413 525 561 606 quaedam.
592 525 664 585 Nam
682 527 738 586 fcit
755 528 829 588 ratio
848 528 959 608 ingenii
977 527 1098 588 humani
1108 575 1117 604 ,
1139 545 1171 590 ut
1189 554 1205 590 a
1224 531 1320 612 pulcro
1334 529 1362 590 ad

158 648 276 702 aerum,
297 626 334 684 ab
353 625 464 686 artibus
482 624 520 684 ad
539 623 704 700 doctrinas,
725 625 762 684 ab
780 626 834 700 iis,
855 647 928 706 quae
947 626 1098 704 sensibus,
1112 627 1221 706 ad‘ea,
1235 652 1303 710 quac
1316 630 1363 690 sola

157 739 251 786 mente
268 737 296 784 et
314 724 486 804 cogitatione
503 723 723 804 percipiuntur,
743 723 952 805 progrediatur.
995 725 1079 800 Quod
1104 727 1158 786 iter
1183 741 1215 787 ut
1237 742 1265 789 et
1285 729 1363 788 hemi-

158 824 204 882 nis
222 835 265 882 est
286 821 415 899 cuiusvis
437 820 680 902 praestabilioris,
701 823 751 901 qui
772 820 809 880 ad
836 821 946 880 cultum
966 822 1102 903 procedat
1129 846 1232 901 suum,
1253 840 1280 886 et
1307 847 1365 906 gen·
1423 857 1426 884 ,¹

155 923 229 980 tium
246 920 303 978 fuit
320 919 474 978 cultiorum
488 919 622 998 ,omnium
632 952 651 994 ,‹
663 921 703 979 ita
721 921 754 980 in
773 921 873 1001 primis
892 920 1094 1003 philosophiae
1112 925 1149 983 sit
1177 945 1290 984 necesse
1316 937 1363 982 est:
1425 957 1426 960 =

157 1019 265 1100 quippe
283 1037 354 1096 quae
373 1031 439 1076 ante
457 1031 566 1076 caetera
584 1019 680 1080 omnia
698 1017 824 1078 hominis
834 1063 842 1093 ,
864 1019 925 1078 sive
949 1021 1038 1079 animi
1063 1020 1202 1097 humani,
1232 1037 1365 1096 naturam,

156 1115 268 1189 studia,
289 1116 494 1196 perfectionem
515 1114 662 1195 exploret,
683 1129 744 1174 tum
773 1115 858 1175 etiam
886 1113 948 1176 dux
978 1137 1036 1176 esse
1067 1118 1179 1186 homini
1207 1119 1324 1194 debeat,
1342 1132 1366 1178 ut

149 1209 274 1276 ¹naturae
293 1214 341 1276 via
359 1212 396 1272 ad
415 1215 584 1294 sapientiam,
603 1213 727 1274 accedat.
750 1215 800 1274 Est
817 1229 910 1274 autem
929 1214 1069 1293 ejusmodi
1088 1220 1246 1309 prqgressio
1266 1218 1367 1293 haecce,
1425 1249 1426 1284 1

157 1327 189 1372 ut
208 1333 287 1371 nune
305 1311 420 1370 demum
442 1313 474 1370 in
493 1313 586 1391 ipsum
605 1312 805 1394 philosophiae
825 1334 963 1393 regnum,
983 1312 1062 1392 quod
1081 1312 1157 1374 idem
1176 1331 1218 1376 est
1237 1317 1368 1392 veritatis,
1424 1351 1426 1356 .

156 1413 244 1472 simus
261 1411 451 1490 perventuri„
489 1411 691 1492 Nam,·pulcr·i
712 1401 853 1471 tradenda
881 1413 1019 1486 scientia,
1039 1415 1224 1494 praeparavit
1242 1435 1294 1474 nos
1312 1435 1367 1493 que
1425 1452 1426 1481 i

155 1507 467 1568 dammodo-Diotimae
484 1529 592 1583 sermo,
615 1522 646 1572 ut
667 1529 765 1568 verum
785 1531 801 1568 a
820 1510 913 1590 specie
929 1508 1182 1590 distingueremus;
1200 1533 1369 1586 nunceero,
1424 1551 1426 1581 ,

155 1606 228 1688 quid
254 1609 315 1688 ipsa
342 1607 463 1665 seientia
487 1607 542 1680 sit,
572 1603 727 1686 diligenter
754 1606 876 1686 datique
906 1607 991 1687 opera
1018 1611 1211 1687 exquiramus.
1252 1611 1296 1670 De
1323 1631 1369 1668 uno
1425 1648 1426 1680 ,

155 1705 262 1788 pulcro.
274 1706 381 1784 egimus
400 1700 557 1779 hactenus,
577 1725 670 1784 neque
689 1718 731 1765 est
749 1727 817 1765 sane
836 1703 873 1764 ad
896 1704 966 1764 haee
989 1703 1085 1765 studia
1110 1707 1277 1768 inchoanda
1295 1708 1370 1768 blan·
1420 1749 1426 1800 ,2

156 1803 222 1864 dius
240 1801 438 1881 efficaciusque
468 1803 706 1880 invitamentum,
730 1825 808 1864 nunc
839 1825 907 1866 vero
936 1803 973 1862 de
1001 1802 1086 1862 rebus
1113 1806 1247 1866 omnibus
1270 1807 1371 1886 quasit
1420 1805 1426 1878 'q

155 1902 266 1964 ratione
290 1898 499 1978 judicandum,
530 1898 723 1981 dispiciemus.
766 1900 986 1980 Relinquendus
1015 1902 1134 1965 omuino
1161 1905 1246 1964 nobis
1276 1897 1371 1984 ὅρατος

156 1999 204 2058 hie
220 1997 349 2068 mundus
356 2001 423 2074 erit,
439 2020 564 2058 errorum
580 2000 771 2079 falsarumque
780 2002 951 2082 opinionum
965 1999 1083 2080 plenus:
1104 2001 1316 2066 escendendum
1333 2029 1371 2066 au·
1424 2044 1426 2074 i

158 2111 215 2158 tem
234 2097 266 2156 in
286 2097 427 2158 mundum
444 2090 560 2177 νοητόν,
582 2099 633 2160 ubi
656 2099 754 2158 lucent
774 2097 854 2158 ideae
883 2118 999 2173 omnes,
1021 2103 1091 2176 quas'
1118 2101 1168 2177 qui
1197 2123 1259 2164 non
1287 2107 1372 2166 anime
1425 2167 1426 2175 ἶ

157 2197 353 2277 perspexerit,
375 2199 525 2258 veritatem
544 2201 576 2258 in
590 2195 752 2276 judicando
770 2197 880 2275 assequi
901 2196 988 2256 nulla
1006 2197 1117 2256 ratione
1134 2201 1252 2278 poterit.

198 2293 249 2352 Est
268 2315 401 2374 magnum
418 2317 487 2357 sane
505 2295 581 2358 illud
601 2311 629 2356 et
648 2295 790 2370 sublime,
812 2316 868 2374 quo
888 2293 1044 2356 tendimus.
1094 2295 1295 2384 Veruntamen
1313 2298 1374 2381 quid
1424 2339 1426 2372 J

158 2391 269 2452 homini
291 2392 410 2469 utilius,
431 2392 503 2474 quid
522 2397 610 2476 magis
629 2396 662 2454 iu
681 2395 742 2455 vita
761 2393 951 2454 necessarium
970 2407 1030 2470 est,
1057 2415 1143 2472 quam
1160 2411 1236 2455 recte
1251 2397 1374 2476 judicare
1425 2441 1426 2444 η

160 2503 188 2548 et
216 2511 332 2551 eernere
360 2497 483 2554 verum?
515 2493 549 2552 Id
575 2507 670 2552 autem
694 2493 727 2552 in
752 2491 837 2552 rebus
855 2492 987 2551 maximis
1014 2493 1245 2574 gravissimisque
1274 2497 1374 2576 assequi
1425 2539 1426 2570 ,

159 2589 268 2648 nemini
289 2569 451 2650 mortalium
472 2591 558 2669 licet,
579 2593 637 2652 nisi
656 2593 703 2650 cui
723 2611 804 2650 mens
832 2592 1001 2669 animusque
1023 2590 1060 2648 ab
1084 2590 1138 2650 his‘
1155 2611 1250 2652 rerum
1277 2596 1376 2676 umbris
1425 2635 1426 2642 .

159 2699 187 2744 et
213 2685 390 2764 simulacris,
419 2690 523 2768 quibus
550 2710 719 2772 persensus
743 2686 923 2770 decipimur,
951 2700 1026 2748 totus
1049 2689 1086 2748 sit
1105 2686 1143 2747 ad
1162 2709 1207 2748 res
1225 2692 1321 2772 ipsas,
1346 2690 1377 2751 ad

159 2785 221 2844 veri
238 2783 317 2844 ideas
334 2788 474 2866 perfectas
497 2809 660 2851 conversus.
701 2788 759 2847 Nee
780 2809 848 2847 vero
867 2788 908 2846 ita
926 2786 1015 2846 ardua
1034 2799 1076 2846 est
1099 2787 1183 2847 uobis
1202 2789 1235 2846 in
1253 2783 1377 2870 philoso-

159 2881 228 2962 phia
248 2881 375 2943 Platonis
393 2886 439 2946 via
449 2931 458 2960 ,
478 2901 509 2946 ut
524 2888 556 2946 in
571 2900 744 2946 caeterorum
762 2886 962 2967 plerorumque
982 2884 1218 2967 philosophorum
1231 2885 1377 2948 doctrinis.

159 2981 281 3042 Naturae
306 2981 357 3040 ille
377 2984 453 3044 viam
472 2987 574 3046 tenuit.
613 2986 740 3063 Namque
760 2998 792 3042 ut
808 2985 914 3043 fecerat
940 2984 972 3043 in
992 2983 1186 3064 superioribus
1214 2984 1250 3044 de
1275 2990 1377 3066 pulcre

160 3079 433 3160 disceptationibus,
454 3083 498 3142 ita
519 3084 551 3142 in
578 3083 631 3143 hae
651 3090 716 3142 veri
741 3071 947 3159 inquisitione,
966 3075 1083 3142 oiieodev
1103 3074 1278 3163 ἀρξάμενος,
1307 3083 1378 3167 quod

159 3178 253 3256 ajebat
284 3177 436 3255 Socrates,
467 3190 655 3260 nosmetipsos
682 3182 831 3263 primum,
868 3202 996 3261 quaeque
1025 3185 1126 3244 insunt
1154 3185 1238 3244 nobis
1265 3185 1376 3257 studia,

162 3278 310 3354 exquirere
331 3300 382 3338 uos
398 3278 532 3356 jubebit:
555 3281 587 3340 in
617 3279 722 3359 quibus
751 3302 892 3356 amorem,
913 3283 1124 3362 principiorum
1150 3285 1280 3344 omnium
1304 3303 1378 3344 sum-

161 3393 237 3434 mum
261 3388 289 3433 et
314 3373 558 3453 efficacissimum,
580 3380 699 3456 insitum
722 3379 807 3440 nobis
830 3388 895 3438 oeae
917 3403 1065 3455 amorem,
1085 3380 1213 3440 attendet
1233 3383 1378 3444 nobiscum

160 3473 355 3556 potissimum:
379 3475 457 3534 unde
475 3477 637 3565 profectus,
668 3477 809 3556 quemodo
829 3479 934 3559 optime
962 3478 1008 3537 his
1035 3477 1247 3554 studiis,'huic
1275 3481 1362 3540 amori
1369 3523 1377 3554 ,
1425 3509 1426 3562 3

161 3571 207 3632 his
226 3573 286 3632 acri
307 3575 482 3654 appetitibus
503 3577 675 3635 satisfacere'
687 3578 845 3658 possimus,
866 3591 1000 3654 quaeret,
1021 3579 1255 3656 disciplinasque
1284 3578 1377 3659 explo-
1425 3567 1426 3578 ¹

161 3671 255 3745 rabit,
276 3672 380 3750 quibus
399 3667 436 3732 ad
457 3695 556 3734 verum
575 3674 677 3750 hemo,
700 3689 731 3734 ut
750 3678 869 3734 ortibus
890 3674 927 3734 ad
946 3677 1097 3756 pulcrum,
1119 3676 1292 3752 adducitur,
1314 3680 1378 3736 dio-

161 3769 297 3828 loeticom
311 3772 343 3830 in
362 3753 481 3852 primis,
502 3772 722 3854 disciplinarum
749 3774 921 3854 principem.
963 3775 1038 3832 Tum
1066 3795 1134 3836 vero
1159 3774 1292 3851 demum,
1313 3797 1378 3857 per-

159 3870 272 3947 quisitis
299 3871 345 3930 his
368 3870 518 3946 omnibus,
547 3871 579 3930 in
604 3872 697 3952 ipsum
725 3893 777 3931 nos
805 3872 925 3932 evehere
951 3872 1092 3933 mundum
1118 3867 1241 3952 repeda,
1263 3896 1299 3933 ex
1328 3875 1378 3934 hae

160 3968 290 4032 inscitiae
317 3990 499 4048 errorumque
526 3968 594 4028 sede
624 3969 662 4028 ad
687 3971 836 4058 scientiam
863 3985 891 4030 et
923 3974 1070 4032 veritatem
1099 3974 1204 4035 ducere
1235 3972 1378 4054 aequabili

160 4069 269 4127 ratione
296 4070 457 4130 conabitur.
508 4065 648 4126 Notus-oe
676 4067 764 4146 haec,
793 4071 930 4149 iuquam,
961 4071 1009 4130 uia
1038 4086 1095 4148 est,
1125 4083 1295 4153 quamquam
1321 4089 1379 4131 eam

158 4168 243 4246 pauci
261 4181 426 4228 tenuerunt.
469 4169 540 4226 Nam
562 4165 599 4226 ad
622 4165 709 4225 finem
727 4168 791 4246 quis
810 4183 884 4228 recte
902 4167 1020 4244 tendet,
1041 4171 1119 4251 apud
1137 4193 1221 4251 quem
1240 4169 1276 4230 de
1295 4171 1378 4252 prin-

152 4263 242 4345 ,cipiis
260 4287 318 4336 non
337 4268 469 4327 constet?
492 4266 564 4340 Quis
578 4274 739 4344 peruenire
758 4265 795 4326 ad
811 4266 921 4342 finem,
936 4259 1092 4348 perlicere,
1106 4269 1183 4348 quod
1201 4271 1299 4351 cupit,
1319 4281 1377 4350 pot·

160 4378 220 4439 est,
248 4366 305 4426 nisi
332 4367 408 4426 viam
434 4362 567 4440 edoctus,
594 4387 650 4444 qua
668 4365 781 4425 ‘debeat
808 4364 981 4447 procedere,
1013 4387 1135 4446 ususque
1164 4368 1376 4439 instrumentis,

160 4462 264 4542 quibus
282 4485 353 4545 opus
379 4463 533 4545 perficiat?
554 4463 641 4525 Unde
665 4465 698 4524 in
722 4465 800 4524 omni
828 4463 985 4546 disciplina
1010 4464 1080 4528 haee
1108 4467 1163 4526 tria
1189 4478 1376 4528 memorantur
