2886 5118
750 285 811 348 tto

177 453 256 533 piam
274 449 312 509 de
335 447 421 507 rebus
448 450 641 527 gravissimis,
662 471 733 528 quas
750 449 864 530 attigit:
896 449 989 510 veluti
1017 451 1056 511 de
1072 457 1225 530 principio
1252 459 1384 511 civitatis:
1434 529 1435 532 Ἴ

178 567 337 629 equonam
357 545 480 605 maxime
498 547 550 607 ille
568 547 638 608 hacc
658 548 743 606 initia
764 547 902 608 duxeritr
933 549 1009 608 sitne
1027 547 1126 624 illud,
1156 562 1190 608 ut
1215 549 1283 608 binc
1309 563 1387 634 patere
1434 535 1435 588 l

180 647 330 724 videatur,
348 640 459 720 essm,
476 648 650 728 indigentia
669 648 799 708 dominis
809 691 818 722 ,
829 665 879 706 seu
898 645 1035 708 utilitatis
1054 648 1234 729 propositum
1244 694 1253 722 ,
1272 669 1307 706 an
1322 645 1388 706 aliud

180 743 341 825 quoddam:
363 739 425 806 tum
443 747 529 806 etiam
546 744 584 805 de
602 755 686 804 statu
707 756 859 804 naturae:
887 745 1046 805 finxeritne
1074 744 1201 825 aliquem
1229 746 1321 820 Plato,
1339 767 1388 826 pm·

182 844 225 903 uti
242 846 416 904 recentiores
436 845 569 904 lecerunt
586 843 718 925 politici,
740 859 772 904 ut
792 844 862 904 hinc
883 858 1026 928 repeteret
1045 845 1173 906 civitatis
1192 845 1332 924 amnisque
1348 865 1389 924 po-

180 943 279 1002 liticae
297 944 447 1003 rationem.
490 942 580 1002 Nobis
598 963 667 1002 vero
692 941 729 1002 de
747 942 794 1002 his
811 944 1049 1022 quaestionibus,
1080 943 1257 1024 gravissimis
1275 964 1336 1001 sane
1360 943 1389 1000 la·

178 1042 344 1121 tissimeque
374 1025 560 1123 patentibtis,
590 1040 640 1100 blc
671 1040 803 1100 nondum
833 1026 916 1123 agere
951 1055 1045 1102 vacat.
1087 1039 1220 1102 Condere
1248 1041 1389 1110 civitatem,
1435 1027 1436 1082 ἶ

180 1159 252 1220 opus
269 1140 349 1199 haud
370 1159 437 1199 sane
457 1139 613 1220 exiguum,
634 1140 798 1220 coepimus:
822 1140 1000 1223 henc'prius
1021 1138 1171 1200 absolvere
1190 1152 1277 1199 totam
1288 1185 1296 1214 ,
1322 1159 1390 1218 quan

177 1239 335 1314 politicam
361 1238 491 1299 Platonis
518 1236 736 1318 aggrediamur,
765 1239 919 1320 oportebit.
961 1237 1019 1298 Sed
1050 1237 1088 1297 de
1116 1237 1170 1297 boc
1202 1239 1263 1318 ipso
1285 1235 1391 1296 Platonis

178 1336 322 1417 perlectae
340 1334 510 1397 condendae
529 1335 656 1396 civitatis
671 1337 794 1398 consilio
824 1336 963 1397 nonnihil
988 1336 1036 1395 hle
1063 1337 1150 1414 juvat
1174 1333 1390 1394 animadvertere.

179 1435 328 1510 Fuerunt,
349 1435 393 1494 uti
413 1435 559 1509 diximus,
580 1455 666 1514 quam
691 1433 831 1516 plurimi,
853 1435 903 1514 qui
927 1432 1174 1518 reprehenderent
1201 1432 1255 1491 boc
1277 1431 1391 1512 pbiloso-

178 1534 231 1615 phi
258 1535 456 1615 propositum,
486 1530 701 1592 confundentes
719 1532 831 1593 scilicet
855 1553 921 1592 cum
941 1534 1005 1594 viro
1024 1533 1129 1592 diuino
1150 1545 1179 1592 ct
1206 1527 1391 1612 propemodum

178 1632 319 1712 singulari
350 1631 465 1692 turbam
503 1630 869 1713 illam-pbilosophorum,
888 1649 1022 1712 quorum
1046 1643 1105 1689 tam
1135 1631 1297 1711 proposita,
1324 1649 1391 1706 quan

179 1729 305 1810 placita,
326 1731 402 1810 aegri
422 1731 543 1789 fuerunt
562 1730 666 1810 capitis
685 1731 806 1789 somnia.
850 1729 939 1789 Nobis
955 1731 1016 1807 jam
1035 1747 1072 1786 ex
1090 1729 1126 1788 iis
1145 1729 1238 1809 ipsis,
1257 1748 1326 1806 quae
1341 1726 1390 1784 bec·

177 1841 263 1886 tenus
290 1829 322 1888 in
351 1831 413 1907 ejus
443 1829 561 1888 Politia
590 1827 731 1906 legimus,
764 1841 899 1910 apparet,
930 1847 988 1906 quo
1005 1827 1130 1886 maxime
1149 1827 1272 1886 consilio
1289 1824 1337 1884 ille
1351 1823 1391 1882 boc

178 1945 250 2007 opus
270 1926 427 2006 scripserit.
469 1928 541 1986 Nam
572 1927 736 1999 cernimus,
763 1925 895 2003 justitiae
925 1925 1082 2004 beataeque
1110 1925 1188 1988 vitae
1219 1921 1392 2004 exquirendae

178 2026 277 2083 caused
306 2022 402 2084 fictam
427 2025 460 2084 in
488 2043 521 2084 co
541 2047 557 2084 a
577 2025 696 2083 Platone
724 2024 875 2086 civitatem
905 2043 983 2098 esse,
1011 2043 1071 2082 non
1088 2022 1120 2082 id
1139 2035 1280 2103 spectasse
1298 2019 1392 2102 proprie

178 2133 341 2195 auctorem,
363 2135 396 2180 ut
411 2124 582 2200 perfectam
604 2119 692 2180 nobis
709 2121 966 2203 contemplandam
989 2120 1199 2202 rempublicam
1225 2118 1313 2178 daret.
1348 2121 1392 2197 lp·
1437 2153 1438 2174 t

178 2237 286 2300 ponere
300 2220 361 2297 jam
381 2219 508 2301 simplici
528 2219 598 2278 huic
618 2232 647 2278 et
665 2218 777 2278 sobriae
798 2219 912 2281 civitati
932 2219 1111 2279 luxuriosam
1140 2218 1254 2300 coepit:
1284 2216 1315 2275 id
1339 2235 1392 2276 vero

178 2333 236 2396 qua
254 2316 396 2391 consilio,
418 2339 471 2376 cur
490 2319 530 2377 ita
551 2317 692 2377 continuo
711 2335 862 2397 aggressus
881 2316 1035 2394 rideatur,
1057 2317 1113 2376 nisi
1129 2331 1162 2376 ut
1188 2331 1247 2376 mm
1275 2311 1391 2392 injustiti·

179 2433 225 2472 am
244 2433 329 2492 quam
345 2399 509 2492 justitiam,
536 2434 604 2474 cum
622 2415 654 2474 in
673 2416 811 2490 civitate,
841 2428 902 2474 tum
932 2415 1071 2497 deinceps
1100 2416 1211 2496 pariter
1237 2416 1270 2473 in
1296 2413 1392 2472 bomine

179 2511 389 2591 investigaret?
411 2513 573 2593 Proponere
593 2525 688 2582 autem
706 2511 792 2571 nobis
811 2511 935 2572 sobriam
953 2513 1035 2572 illam
1054 2533 1139 2592 quam
1156 2516 1393 2592 perfectissimam

130 2651 132 2656 -
179 2607 310 2682 studuit,
330 2627 387 2687 quo
408 2610 525 2670 facilius
545 2610 578 2668 in
599 2630 631 2668 ea
659 2601 777 2669 cernere
801 2611 945 2688 justitiam
964 2631 1119 2690 possemus.
1162 2609 1297 2686 Scilicet,
1326 2622 1354 2668 ut
1369 2609 1393 2665 in

179 2705 365 2780 hominibus,
397 2705 438 2763 ita
468 2705 501 2764 in
528 2707 697 2767 civitatibus
725 2706 887 2786 quibusque
914 2708 1132 2789 perfectissimis
1158 2709 1280 2770 virtutes
1298 2707 1394 2766 elucent
1438 2721 1439 2748 ³

180 2803 347 2863 clarissime.
379 2801 437 2862 Sed
452 2803 499 2862 his
519 2805 559 2864 ita
580 2804 807 2880 animadversis,
827 2827 899 2886 age,
919 2803 959 2866 ad
978 2827 1050 2887 epus
1071 2805 1149 2868 illud
1168 2821 1297 2866 ausuum
1315 2803 1395 2864 redea-

181 2921 253 2962 mus.
295 2899 499 2976 Quaerendum
530 2902 614 2962 nobis
643 2923 729 2984 pomo
753 2916 811 2977 est,
832 2903 932 2984 quales
961 2925 1021 2964 esse
1042 2917 1171 2986 oporteat
1197 2905 1322 2964 civitatis
1344 2923 1395 2961 uos·

181 3013 241 3088 trae
259 2999 410 3075 custodes,
431 3019 543 3079 quaque
564 3001 658 3060 sint‘a
680 3001 788 3060 teneris
806 3003 991 3062 institutione
1010 3001 1175 3063 excolendi.

213 3191 432 3254 Civitatis
452 3197 661 3267 custodes,
705 3195 763 3254 De
782 3207 902 3255 reeta
927 3219 1160 3276 comtemptu·
1181 3205 1374 3256 musicam

452 3303 822 3374 etgymaastieam
843 3303 1144 3355 institutione.

221 3489 294 3552 Nam
324 3503 356 3548 ut
383 3489 525 3564 increvit,
555 3490 652 3570 prouti
682 3490 830 3568 vidimus,
860 3505 901 3567 et„
915 3511 1035 3550 numero
1059 3504 1087 3549 et
1104 3490 1243 3551 varietate
1262 3488 1396 3548 bominum

181 3587 303 3662 civitas,
324 3586 454 3666 bellique
474 3586 543 3646 inde
567 3584 798 3668 opportunitates
818 3603 1031 3670 apparuerunt,
1059 3587 1230 3648 custodibus
1248 3587 1327 3647 videt
1354 3585 1397 3642 So-

180 3697 272 3745 crates
299 3706 372 3767 opus
399 3703 477 3760 esse,
509 3685 559 3762 qui
587 3699 644 3744 tam
672 3689 884 3762 humanitate,
922 3707 1009 3767 quam
1027 3688 1222 3764 fortitudine
1258 3684 1396 3746 excellant.

181 3783 261 3856 Quae
280 3795 400 3843 naturae
421 3782 501 3843 dotes
521 3783 698 3862 virtutesque
718 3805 808 3865 quum
824 3806 890 3844 raro
916 3786 948 3846 in
976 3771 1145 3844 bominibus
1174 3786 1343 3863 conjunctae
1360 3801 1398 3840 re-

181 3881 332 3962 periantur
343 3893 499 3961 ·«putasne
509 3925 517 3955 ,
538 3882 670 3961 quaerit,
692 3885 822 3962 generosi
841 3885 923 3943 canis
941 3897 969 3942 ct
984 3883 1105 3961 juvenis
1123 3883 1253 3963 generosi
1283 3895 1398 3940 naturam

181 3977 219 4038 ad
240 3977 400 4038 custodiam
417 3978 556 4058 agendam
576 3960 714 4041 differre?
737 3982 791 4042 Cui
809 3982 939 4055 Glauco,
961 3981 1046 4060 quale
1065 3980 1143 4041 istud
1162 3978 1262 4040 dicis?
1293 3979 1399 4048 Veluti,

181 4077 298 4156 iuquit,
319 4090 472 4155 utrumque
491 4097 550 4138 esse
569 4073 681 4158 oportet
699 4099 765 4138 cum
785 4073 912 4161 sagacem
928 4078 966 4139 ad
985 4079 1190 4153 sentiendum,
1210 4090 1272 4137 tum
1287 4076 1400 4138 velocem

181 4175 219 4235 ad
237 4173 450 4256 insequendum
461 4221 470 4251 ,
490 4189 552 4234 tum
573 4196 658 4252 vero,
681 4177 731 4235 ubi
753 4192 896 4237 assecutus
916 4178 1024 4252 fuerit,
1046 4176 1083 4236 ad
1101 4175 1292 4257 pugnandum
1310 4175 1401 4234 robus-

181 4287 252 4333 tum.
264 4304 296 4314 -
318 4274 399 4354 Opus
419 4286 494 4331 certe
513 4286 554 4332 est
574 4274 709 4352 omnibus
727 4275 842 4335 illis.-
863 4272 950 4354 Atqui
971 4275 1053 4334 fortis
1074 4276 1111 4335 sit
1120 4288 1251 4356 oportet,
1271 4272 1399 4354 siquidem

182 4371 256 4431 bene
294 4385 474 4453 pugnaturus
509 4371 556 4429 sit.
577 4403 608 4414 -
644 4373 783 4447 Quidni?
804 4416 838 4428 -
869 4373 1001 4444 Fostisne
1027 4387 1121 4433 autem
1156 4385 1186 4432 et
1213 4372 1309 4432 audax
1337 4370 1403 4440 erit,
1438 4415 1439 4420 κ

183 4471 234 4550 qui
252 4469 429 4544 iracundus,
450 4461 632 4549 θυμοειδής,
654 4473 786 4547 nonsit,
816 4473 877 4533 sive
896 4493 986 4552 equus
1003 4471 1065 4533 sive
1091 4469 1173 4530 canis
1201 4469 1263 4534 sive
1290 4467 1403 4548 quodvis
