2908 5114
724 261 784 320 eet

173 432 254 507 Quid
273 426 444 511 spectaverit
464 423 587 484 maxime
608 423 709 498 Plato,
727 443 816 501 quum
836 432 971 482 conuerti
989 445 1042 484 nos
1060 424 1099 484 ad
1123 427 1270 486 veritatem
1290 445 1370 506 opor·

133 543 193 591 tere
212 541 364 600 statueret,
375 521 579 596 hinc,credo,
599 521 764 602 intelligere
774 523 938 602 coepimus3
958 521 1009 585 sed
1027 521 1194 602 quaerendo
1208 521 1370 583 discernen-

133 629 228 708 doque
245 645 411 708 pergamus,
431 635 575 698 totamque
593 620 669 679 hanc
689 619 856 700 philosophi
875 620 1039 682 doctrinam
1057 643 1073 680 e
1093 621 1254 681 Socraticae
1274 621 1370 702 philo-

135 727 252 808 sophiae
272 723 429 804 principiis
447 720 636 780 illustremus.

188 939 460 1000 Socraticam
486 935 630 1008 refert
655 939 862 991 rationem
891 941 981 992 toto
1002 936 1101 994 hoec
1124 932 1323 993 Plutonis

202 1059 290 1095 eum
306 1038 351 1093 de
369 1034 508 1092 mundo
530 1027 651 1115 νοητῷ
669 1032 795 1108 deque
813 1032 944 1106 ideis,
964 1035 1108 1092 tumde
1126 1034 1306 1092 hominis

372 1132 422 1191 ad
438 1140 676 1191 veritatem
694 1130 914 1215 περιαγωγῇ
934 1134 1144 1192 doctrino.

176 1344 378 1408 Contunditur
398 1346 460 1405 lere
478 1367 544 1405 cum
565 1345 728 1406 Aristotelis
748 1347 947 1428 metaphysico
957 1393 966 1422 ,
987 1345 1037 1425 qui
1058 1346 1158 1425 inepte
1177 1343 1217 1402 sic
1237 1353 1368 1412 vocatur,

135 1445 244 1506 mundo
263 1443 391 1504 mundus
410 1445 541 1504 Platonis
564 1437 680 1523 νοητός.
711 1447 776 1520 Quo
796 1443 849 1521 fit,
866 1460 899 1505 ut
918 1445 1001 1506 Plato
1030 1442 1146 1503 dicatur
1175 1438 1300 1499 subinde
1326 1459 1368 1496 co·

137 1544 278 1625 gnitionis
293 1543 437 1602 humanae
454 1542 527 1602 fines
547 1546 691 1625 migrasse.
713 1545 795 1604 Fecit
805 1544 854 1619 id,
875 1558 906 1603 nt
928 1542 1075 1617 vidimus,
1095 1533 1272 1601 Aristoteles.
1282 1529 1367 1616 Ὑπὲρ

132 1635 176 1704 toi·
188 1634 297 1724 promti
317 1664 345 1701 se
357 1643 479 1722 erigens,
498 1663 611 1702 caussas
631 1642 790 1721 exquisivit
811 1663 907 1701 rerum
925 1643 1072 1714 omnium,
1090 1653 1122 1699 ut
1141 1638 1213 1726 luipo
1233 1660 1278 1698 res
1295 1637 1367 1698 divi·

134 1765 186 1802 nas
205 1763 304 1802 omnes
324 1755 352 1800 et
367 1740 508 1799 humanas
538 1740 710 1821 explicaret.
739 1739 826 1815 Quod
855 1741 963 1801 Humio
992 1740 1134 1820 primum,
1164 1751 1227 1797 tum
1246 1737 1369 1810 Kantio‚

135 1841 177 1900 uti
199 1840 352 1912 novimus,
371 1839 440 1896 item
460 1839 677 1898 Hemsterhusio
698 1839 942 1920 opportunitatem
963 1837 1065 1912 dedit,
1087 1850 1119 1895 ut
1139 1837 1313 1916 cognitionis
1321 1835 1370 1893 hu·

137 1957 240 1996 manae
261 1936 334 1994 fines
364 1950 516 2015 ponerent.
558 1936 658 2012 Plato,
685 1937 777 1995 fateor
804 1957 865 1995 non
883 1938 980 2017 posuit
996 1935 1080 2010 illos,
1112 1949 1301 1995 veruntamen
1318 1935 1372 1992 mi-

137 2053 231 2115 grasse
251 2033 364 2093 eosdem
384 2032 468 2092 nullo
492 2035 558 2111 jure
586 2033 704 2094 dicitur.
735 2035 859 2093 Duxerit
879 2034 904 2092 is
930 2033 1129 2107 Aristotelem,
1151 2034 1230 2111 quod
1245 2031 1371 2090 animad-

138 2134 295 2205 vertimus,
325 2130 362 2190 sd
392 2131 618 2210 metaphysicam
643 2130 834 2206 tradendam;
868 2130 897 2210 l)
927 2134 978 2193 sed
1005 2124 1110 2212 νοητὸς
1130 2134 1192 2210 ejus
1213 2131 1370 2190 mundusa

34 2242 38 2252 “
138 2231 335 2311 metaphysico
354 2227 407 2286 illo
423 2226 586 2286 Aristotelis
606 2227 690 2308 longe
710 2229 843 2287 diversus
859 2243 910 2288 est.
951 2231 1016 2291 Non
1039 2233 1117 2291 enim
1136 2231 1266 2290 escensio
1285 2228 1370 2287 homi·

135 2330 182 2388 nis
201 2347 238 2386 ex
255 2341 339 2385 antro
359 2345 392 2383 eo
406 2323 484 2384 valet
501 2324 580 2403 apud
603 2325 773 2400 Platonem,
795 2340 826 2385 ut
849 2347 864 2384 e
885 2329 1083 2407 superioribus
1110 2327 1278 2410 regionibus
1294 2347 1371 2385 caus·

136 2447 180 2484 sas
200 2444 295 2482 rernm
315 2422 445 2481 omnium
465 2434 592 2499 peteret,
611 2422 662 2514 sed
682 2444 715 2482 eo
730 2424 921 2504 simpliciter,
940 2440 991 2502 ut,
1010 2448 1085 2505 quae
1100 2427 1165 2487 illic
1186 2426 1314 2498 viderit,
1325 2425 1371 2483 hlc

134 2522 172 2581 ad
190 2541 235 2581 res
252 2534 364 2579 nostras
384 2530 459 2578 recte
480 2518 695 2596 componendas
714 2520 877 2582 adhiberet.
908 2523 994 2583 Vidit
1013 2539 1108 2584 autem
1129 2524 1194 2583 illio
1211 2516 1250 2583 roi
1267 2515 1372 2603 νοητιὲ,

133 2639 206 2698 quae
227 2617 285 2676 nisi
304 2615 480 2696 percepisset
499 2615 596 2673 animo
615 2615 797 2696 intuitusque
817 2620 919 2679 fuisset
929 2667 938 2696 ,
957 2642 1011 2681 nee
1034 2636 1110 2682 recte
1130 2626 1258 2704 cogitare
1275 2625 1313 2684 de
1332 2645 1372 2681 re·

127 2717 188 2794 ⁸bus
208 2714 313 2776 nostris
344 2727 393 2771 aut
419 2710 573 2790 judicare,
602 2734 655 2772 nec
688 2733 756 2774 vero
785 2716 923 2796 perlicere
953 2719 1032 2798 quod
1048 2742 1115 2781 vere
1135 2724 1172 2782 sit
1192 2723 1327 2804 pulcrum
1346 2736 1372 2781 et

131 2814 242 2874 bonum
262 2812 361 2892 possit.
403 2809 469 2868 Alte
487 2809 641 2870 evolarunt
662 2813 943 2893 metaphysicifere,
966 2831 997 2876 ut
1017 2819 1049 2877 in
1068 2820 1192 2880 sublime
1212 2821 1280 2881 elati
1300 2823 1367 2879 mit·

131 2924 225 2971 terent
244 2909 332 2991 plane
353 2906 495 2967 mundum
510 2905 737 2988 adspectebilem
748 2935 757 2986 3
779 2911 830 2970 sed
849 2912 928 2994 apud
952 2894 1100 2975 Platoirem
1120 2919 1244 2979 redeunt
1263 2921 1294 2979 in
1316 2941 1372 2980 an-

130 3023 207 3069 trum
225 3009 276 3090 qui
295 3005 503 3080 escenderent,
525 3018 572 3079 et,
599 3004 670 3065 licet
690 3007 748 3066 huo
777 3003 886 3070 reversi
917 3011 1094 3094 displiceant
1115 3015 1303 3092 hominibus,
1321 3022 1372 3096 qui

129 3109 296 3168 etiamnunc
315 3104 410 3186 pulcri
421 3102 549 3182 bonique
562 3103 643 3162 falsis
654 3105 805 3185 speciebus
824 3122 961 3170 tenentur
979 3113 1084 3188 unice,
1103 3115 1256 3174 consulere
1274 3129 1371 3176 tamen
1450 3175 1451 3186 ἶ

130 3204 341 3277 eorumrebus,
362 3200 620 3263 vindicareeorum
633 3201 813 3280 libertatem,
825 3207 946 3268 evehere
958 3231 1005 3270 eos
1022 3225 1050 3270 et
1070 3226 1237 3271 convertere
1259 3213 1295 3272 ad
1318 3236 1372 3274 ve-

130 3305 244 3360 ritatem
261 3322 321 3359 non
340 3313 460 3360 cessant.
510 3291 694 3381 ‹r'Arriyotq’
677 3302 780 3364 εκτῶν
793 3302 1029 3388 προειρνμένων,
1041 3313 1082 3372 ait
1092 3358 1101 3386 ,
1118 3304 1196 3390 μήτε
1207 3301 1371 3401 voverim

129 3394 250 3472 ὃευτους
256 3420 305 3460 και
298 3389 483 3484 cludatur
463 3419 601 3480 απειρους
608 3425 714 3477 ικανως
722 3397 758 3463 ἄν
768 3427 837 3467 ποτε
848 3401 959 3471 πόλιν’
943 3409 1162 3493 enrrponedoor,
1172 3407 1249 3494 μήτε
1259 3409 1330 3488 τούς
1342 3411 1372 3474 ἓν

127 3502 246 3564 uuidere
265 3493 582 3582 ἒωμένουςδιατρίβειν
604 3498 654 3564 deci
675 3500 789 3581 τέλους·
811 3503 880 3584 τούς
901 3507 972 3590 μὲν,
997 3505 1047 3576 ὅτι
1067 3533 1176 3575 σκοπον
1198 3512 1231 3576 ἐν
1251 3538 1292 3600 τῳ
1280 3515 1372 3602 βίῳ

128 3601 179 3667 oria
188 3598 308 3686 ἔχουσιν
330 3598 394 3678 tva,
405 3592 685 3684 οὗστοχαζυμένους
700 3602 780 3670 tet*
758 3634 873 3672 απαντα
883 3609 1022 3697 πράττειν
1030 3610 1049 3676 ἃ
1062 3610 1098 3677 tv
1113 3610 1285 3701 πράττωσιν
1308 3617 1372 3680 totu

126 3730 157 3768 τε
168 3730 217 3768 και
210 3702 374 3790 δημοσίᾳ·
384 3699 454 3780 τούς
463 3699 542 3765 de
503 3752 513 3780 ,
522 3728 568 3767 οτι
575 3729 687 3785 mortar
698 3705 771 3773 εἶναι
783 3735 818 3774 oo
811 3709 1036 3798 πράξουσιν,
1015 3711 1172 3800 ηγούμενοι
1184 3717 1218 3780 ἓν
1225 3715 1372 3804 μακάρων

127 3803 227 3889 νήσοις
238 3803 379 3881 ζῶντες”
361 3830 404 3870 ert
414 3801 590 3892 ἀπωκίσθαι·
602 3815 893 3878 edictierreceseurio
909 3829 1122 3899 consequitur,
1143 3844 1196 3880 nac
1216 3827 1308 3884 rudes
1324 3829 1372 3886 lto·

127 3931 224 3968 menet
235 3919 456 3989 veretateeque
444 3933 569 3992 agnoroe
577 3920 732 3971 coartatam
741 3916 962 3978 cdmznretrore
971 3929 1053 3978 recte
1060 3939 1161 3996 poete
1173 3943 1225 3980 nec
1235 3945 1304 3982 nero
1314 3947 1371 3996 eos,

127 4010 493 4088 quiperpatuodoetrtnoe
503 4013 615 4070 studiis
625 4032 745 4088 operum
755 4028 1024 4098 novurepergunt:
1035 4020 1113 4092 illos,
1124 4028 1197 4097 quio
1208 4041 1265 4079 non
1273 4043 1372 4080 unum

127 4110 237 4167 hebent
247 4115 281 4164 in
291 4115 356 4168 vito
366 4154 375 4182 ,
386 4131 441 4186 quo
451 4117 708 4188 omnto'prt'votim
715 4113 892 4191 publiceque
906 4118 1050 4191 efferant
1059 4163 1068 4191 ‚
1081 4125 1267 4196 prepositum
1277 4164 1286 4193 ,
1297 4121 1370 4192 Itos,

126 4215 199 4284 puio
215 4217 317 4284 sponte
335 4213 396 4284 ipsi
417 4214 473 4265 auct
489 4210 571 4268 nihil
590 4219 662 4268 tuat
680 4219 861 4286 peracturi,
883 4220 1094 4275 existimantes
1103 4262 1112 4290 ,
1131 4225 1213 4276 vivos
1223 4224 1292 4293 jam
1306 4240 1371 4276 sese

161 4448 186 4513 l)
205 4451 282 4502 lnitt'u
297 4469 322 4518 p.
342 4449 401 4501 349.
