2872 5122
633 284 731 342 109·

58 447 195 522 γηνεοθοο
218 441 307 504 ἐκεῖσε
329 438 488 524 βλέποντος
509 437 674 523 οἰθρολπον
695 439 804 505 neutro
827 435 851 529 ᾦ
874 445 922 506 dci
939 441 1094 524 θεωμένου
1109 445 1158 506 καὶ
1171 442 1273 517 ’ξυνόν-

57 569 99 620 τος
119 540 211 631 αὐτῷ,
235 539 255 627 ἦ
277 541 328 607 orie
350 543 491 624 ἐνθυμεῖ,
512 539 558 606 ὅτι
581 541 716 609 ἐνταῦθα
738 541 821 631 αὐτῷ
835 547 972 628 μονοχοῦ
987 542 1147 630 γενήσεται,
1165 544 1273 632 ὁρῶντι

56 639 204 732 ᾤόρατόν
229 643 266 709 cd
293 642 395 723 καλου,
423 646 526 710 τίκτειν
552 643 604 708 οὐκ
630 645 739 710 εἴδωλα
761 644 882 730 α’ρετης,
906 642 957 711 ἅτε
980 646 1031 712 ουκ
1052 643 1175 712 εἰθολλου
1197 650 1274 735 ἐφα-

55 745 191 835 πτομένῳ,
214 745 275 810 ἀλλ’
297 745 417 832 α’ληθῆ,
440 744 490 811 ἅτε
512 751 567 810 τοῦ
589 745 726 832 ἀληθοῦς
747 749 956 838 ἐφαπτομένῳ,
978 745 1088 813 τεκόντι
1111 751 1146 814 δὲ
1167 749 1274 839 ἀρετήν

54 848 149 934 ἀληθῆ
175 852 223 914 καὶ
252 849 435 939 θρεψομένῳ
460 847 587 936 ὑπάρχει
614 858 752 937 θεοφιλεῖ
769 851 919 935 γενέσθαι,
946 853 1007 931 καὶ,
1030 851 1108 936 εἴπερ
1130 879 1173 943 τῳ
1195 853 1274 944 ἄλλῳ

54 949 230 1036 ἀνθρώπων,
257 949 401 1040 ἀθανάτῳ
422 951 555 1042 κᾶκείνῳ;
585 959 741 1033 Putasne,
763 961 910 1037 objectum
929 981 989 1018 esso
1012 961 1141 1017 hominis
1159 969 1273 1038 citum,

55 1066 99 1136 qui
116 1061 190 1117 illuc
211 1067 358 1137 suspicit,
379 1070 409 1116 et
416 1106 424 1134 ‚
446 1083 502 1138 quo
515 1069 629 1138 eportet
642 1059 737 1132 oculo,
752 1059 833 1116 illud
845 1057 1067 1134 contemplatur
1080 1079 1115 1115 ue
1129 1067 1274 1119 miscetur

54 1179 112 1215 cum
134 1157 185 1216 eo?
214 1157 319 1216 Nonne
342 1169 485 1236 reputas,
504 1160 565 1215 -lrlc
596 1165 683 1214 unice
707 1165 736 1214 οι·
759 1166 938 1214 evanuerunt
958 1167 1040 1228 'esse‚
1068 1167 1104 1214 ut
1127 1161 1273 1234 pulcrum

53 1269 196 1333 spectans,
222 1279 278 1334 quo
295 1267 395 1334 potest
413 1249 567 1334 perspici,
592 1255 702 1334 periet
724 1277 782 1314 non
811 1257 977 1313 simulacre
997 1263 1143 1330 virtutis,
1165 1266 1274 1337 quippe

53 1377 100 1412 νον
125 1357 343 1429 simulacrum,
365 1357 416 1413 sed
434 1376 524 1431 cero,
546 1344 653 1435 quippe
672 1371 775 1414 oerum
793 1353 973 1431 amplectis?
1005 1351 1066 1432 Qui
1085 1366 1186 1414 cutem
1205 1366 1273 1415 oir—

52 1463 134 1510 tutem
159 1462 280 1530 peperit
307 1475 426 1527 cerum,
443 1465 626 1533 portumque
657 1456 755 1526 aluit,
777 1454 848 1511 ltua'e
866 1473 938 1510 sone
961 1460 1131 1533 continget,
1152 1465 1189 1512 ut
1207 1455 1273 1516 Deo

52 1559 86 1608 tit
102 1571 210 1626 corus,
229 1563 276 1627 et,
296 1561 324 1610 si
343 1553 511 1631 quisalius
529 1553 700 1626 homiuum,
721 1551 936 1610 immortalis.»
964 1546 992 1628 l)

84 1650 134 1708 His
153 1650 196 1708 ita
214 1648 330 1708 traditis
348 1662 376 1708 et
396 1649 551 1730 expositis,
573 1650 735 1731 perspicere
750 1650 811 1726 jam
829 1648 913 1710 nobis
932 1647 1019 1721 licet,
1040 1667 1112 1726 quae
1136 1649 1173 1720 sit
1192 1651 1270 1733 apud

53 1747 187 1807 Platonem
206 1746 390 1828 philosophia
409 1747 524 1828 pulcri,
545 1769 617 1827 quae
634 1749 695 1825 ejus
715 1743 879 1826 amplitudo
899 1759 927 1805 et
946 1744 1069 1806 ubertas.
1091 1747 1178 1809 Haud
1192 1751 1269 1809 cuim

51 1857 112 1903 artes
138 1858 249 1926 spectat
267 1846 466 1926 potissimum,
488 1860 520 1906 ut
539 1841 692 1904 aesthetica
702 1891 711 1919 ‚
732 1864 804 1922 quae
823 1842 912 1923 vulgo
930 1842 1110 1924 appellatur:
1132 1870 1192 1908 non
1218 1850 1269 1908 mi·

52 1965 96 2002 nus
114 1946 180 2002 loni
200 1945 419 2026 complectitur,
445 1964 530 2022 quam
542 1946 648 2023 pulcre·
665 1941 868 2024 disciplinam:
885 1942 975 2022 ipsam
991 1943 1191 2024 complectitur
1209 1956 1270 2005 oir-
1340 1953 1343 1960 ’

52 2053 153 2121 tutem,
196 2064 269 2122 quae
302 2043 416 2105 Socrate
451 2057 565 2104 auctore
601 2042 745 2124 aptissime
782 2042 878 2102 vocari
916 2040 1118 2126 καλοκᾳγαθιά
1151 2047 1269 2108 solebat.

52 2141 144 2204 lancta
173 2157 216 2201 est
245 2143 312 2200 item
336 2163 401 2201 cum
426 2141 524 2202 studio
552 2142 613 2200 veri
642 2155 670 2200 et
698 2141 894 2200 doctrinarum
915 2142 1184 2220 subtilissimarum,
1205 2167 1270 2205 cum

51 2240 134 2301 studio
153 2243 224 2301 item
237 2247 395 2316 justitiae.
437 2241 509 2300 Nam
528 2261 587 2299 una
600 2253 642 2299 est
660 2237 872 2319 philosophia,
902 2241 1068 2322 siugulatim
1086 2243 1203 2323 quidem
1222 2265 1270 2303 ex·

52 2342 154 2416 quirens
174 2338 328 2420 pulcrum,
350 2359 467 2414 verum,
481 2341 611 2418 justum,
632 2337 844 2417 diligentesque
864 2338 933 2398 hacc
945 2338 1143 2421 distinguens,
1164 2357 1271 2403 necte·

52 2459 106 2497 men
132 2457 268 2520 separans
288 2458 319 2496 ca
340 2459 356 2497 a
375 2458 403 2497 sc
423 2439 549 2499 invicem
568 2450 596 2495 et
616 2436 792 2512 dissocians3
824 2436 945 2498 diffusus
963 2453 1004 2498 est
1023 2453 1117 2498 autem
1137 2461 1269 2521 peream

51 2551 125 2595 totam
144 2550 172 2596 et
194 2535 360 2595 dominatur
378 2557 472 2596 umor.
503 2537 575 2594 Nam
596 2535 656 2596 sive
675 2533 711 2594 de
729 2534 832 2615 pulcro
851 2537 1012 2614 quaeritur,
1034 2538 1164 2598 imorhd
1173 2539 1268 2620 pulcri

52 2635 205 2716 adspectum
223 2635 409 2709 incenditur,
431 2637 547 2714 ejusque
562 2634 594 2692 in
609 2633 706 2692 animo
722 2633 875 2692 vehemens
890 2635 1035 2713 quoddam
1046 2637 1152 2696 excitat
1161 2637 1270 2716 alitque

52 2731 225 2794 desiderium.
267 2731 334 2793 Sive
363 2734 493 2793 veritatis
521 2733 689 2813 respicimus
716 2731 862 2806 studium,
884 2732 1031 2793 doctrinas
1049 2748 1124 2794 amat
1139 2735 1270 2816 philoso-

54 2830 115 2910 phus
134 2845 165 2890 ut
186 2830 307 2890 delicias
327 2853 392 2890 suas
417 2845 444 2890 ct
470 2851 599 2904 amores,
621 2831 679 2912 imo
698 2831 826 2900 verusio
856 2841 930 2896 amat
950 2834 1086 2910 amasium
1111 2827 1215 2909 suum,
1238 2847 1269 2893 ut

12 2935 13 2944 ’
53 2929 102 3004 ejus
126 2949 221 2988 amore
251 2929 289 2988 ad
309 2931 439 2989 veritat-is
464 2930 617 3010 perveniat
642 2928 845 3010 spectaculum.
893 2931 950 2987 Nec
979 2932 1074 2990 minus
1101 2929 1205 2991 efficax
1228 2945 1269 2991 cst

53 3048 119 3086 anor
136 3029 174 3088 ad
195 3027 265 3086 boni
283 3029 411 3106 justique
430 3027 568 3087 studium.
609 3027 681 3086 Nam
701 3047 752 3107 per
769 3026 864 3106 pulcri
885 3028 1044 3108 appetitum
1061 3016 1105 3088 ¹ad
1132 3029 1268 3088 virtutem

54 3125 138 3201 ducit,
158 3126 239 3205 quod
263 3125 385 3186 Phaedri
407 3127 464 3185 fuit
483 3125 607 3184 sublime
636 3126 768 3199 effatum,
789 3125 826 3184 ad
844 3126 989 3212 'virtutem
1017 3127 1106 3201 adeo,
1135 3140 1167 3186 ut
1191 3127 1268 3187 idem

54 3221 134 3300 dixit,
155 3218 280 3297 ἐνθέους
300 3221 390 3285 efficit
407 3223 552 3298 homiues,
574 3238 606 3282 ut
621 3224 693 3282 mori
712 3243 765 3304 pro
784 3245 813 3283 se
832 3224 959 3284 invicem
977 3226 1145 3284 sustineant.
1167 3225 1266 3299 Quid?

54 3323 118 3400 quod
135 3325 213 3385 hanc
236 3327 295 3387 vim
323 3323 411 3382 amori
431 3322 536 3382 tribuit
562 3322 661 3396 Plato,
685 3335 716 3380 ut
735 3323 856 3403 optimos
876 3343 1001 3402 quosque
1021 3343 1139 3398 sensus,
1160 3325 1266 3404 optima

54 3421 152 3497 studia,
185 3423 306 3486 divinus
337 3442 434 3482 omncs
460 3421 493 3480 in
522 3420 640 3480 homine
657 3419 806 3480 facultates
824 3421 940 3480 suscitet
958 3436 986 3481 et
1005 3422 1175 3483 corroboret.
1218 3423 1265 3482 Sic

55 3519 119 3598 riget
137 3544 216 3582 amor
236 3522 268 3582 in
287 3535 345 3580 tota
365 3520 492 3578 Platonis
510 3517 692 3599 philosophia
702 3565 710 3594 ,
732 3533 759 3578 et
777 3518 920 3578 exhilarat
936 3521 969 3578 in
989 3541 1021 3580 ea
1042 3535 1070 3580 et
1087 3523 1167 3600 quasi
1186 3521 1265 3580 laeti·

56 3616 111 3676 licat
130 3623 243 3696 omnia,
265 3622 408 3679 imovero
427 3632 456 3678 et
480 3617 643 3679 universam
663 3631 691 3676 et
714 3616 843 3696 singulas
861 3619 922 3695 ejus
945 3633 1057 3699 partes,
1079 3632 1110 3678 ut
1136 3627 1266 3696 spiritus

56 3715 164 3796 aliquis,
186 3728 272 3778 intus
292 3720 359 3776 atet.

549 3877 753 3888 ...-.--——-

549 3890 753 3900 ----—

92 4002 133 4061 hd
153 4005 237 4064 finem
257 4003 445 4086 perduximus
455 4045 464 4074 ,
484 3999 562 4092 quod
579 4000 616 4059 ab
635 4001 720 4059 initio
738 3999 915 4059 instituimus
952 4014 984 4059 ut
1002 4000 1129 4063 Platonis
1146 4003 1267 4086 depul-

59 4113 101 4155 tro
118 4114 143 4159 et
160 4125 253 4162 amore
274 4102 442 4161 sententiam
452 4144 461 4174 ,
484 4099 553 4158 locis
572 4097 723 4173 adductis,
749 4097 886 4158 lectorum
906 4099 1019 4177 judicio
1048 4101 1260 4180 subjiceremus.

61 4190 144 4258 Restat
161 4202 245 4262 nobis
263 4198 476 4281 quaerendum,
495 4195 566 4277 quid
586 4198 618 4255 in
637 4196 683 4255 his
702 4197 835 4256 omnibus
854 4198 908 4276 ipsi
928 4198 1059 4274 Platoni,
1080 4201 1154 4279 quid
1165 4203 1259 4284 singu·

61 4295 105 4372 lis,
121 4324 185 4380 quas
204 4299 341 4373 induxit,
361 4297 489 4379 personis
509 4294 696 4356 tribuendum
716 4295 856 4358 videatur.
878 4295 963 4372 Quod
980 4296 1175 4379 iuSymposic·
1188 4321 1262 4361 non·

90 4495 110 4564 η
125 4503 197 4572 ηερ.
214 4502 273 4554 aro.
291 4499 322 4551 ο.
342 4531 374 4540 -
392 4496 450 4550 212.
468 4496 499 4548 A.
