2950 5134
676 231 732 334 u'

131 439 261 514 Quocirca
280 437 464 498 excludenda
484 437 539 496 erit
556 435 752 518 disputatione
772 435 868 497 nostrl
884 439 977 498 munis
991 435 1192 520 philosophiae
1211 438 1311 498 distri·

91 537 182 612 butio,
200 557 274 615 quae
291 557 350 594 non
370 535 536 609 Platonem,
556 533 607 594 sed
626 533 698 594 alios
715 535 819 594 habeat
838 550 985 615 auctores,
1004 538 1113 595 etiamsi
1124 535 1309 616 hi,·legendu

91 626 286 712 tractandoque
310 634 446 706 Platone,
467 653 499 691 co
517 633 681 713 pervenisse
699 631 837 692 censendi
848 635 924 692 sint:
946 649 979 693 ut
988 633 1181 710 Xenocrates,
1202 635 1308 720 Aristo·

91 733 171 806 teles,
191 731 286 807 Zeno,
306 751 372 790 oum
391 744 449 790 tota
467 730 722 805 Academicorum,
742 732 1013 811 Peripateticorum,
1034 732 1192 792 Stoicorum
1221 731 1310 791 fami-

91 831 137 890 lia.
173 833 338 904 Quaerere
356 843 519 910 argumenta
540 830 572 888 in
592 831 662 910 ipsis
680 829 845 910 philosophi
873 831 987 912 scriptis
1016 831 1113 890 ubivis
1132 843 1308 904 occurrunt,

89 949 207 1007 quaeque
226 929 287 1008 ipse
306 926 429 985 maxime
445 924 677 1006 philosophando
696 925 861 1007 complexus
879 942 921 987 est
931 974 940 1004 ,
961 927 1031 988 haec
1052 929 1136 988 nohis
1154 930 1187 987 in
1206 929 1308 1009 primis

91 1025 125 1085 de
143 1029 199 1105 ejm
227 1026 370 1085 sententia
387 1039 416 1083 et
442 1025 594 1084 excitanda
617 1037 702 1084 erunt
721 1037 751 1084 et
768 1025 951 1106 explicanda.
993 1028 1072 1102 Quae
1097 1047 1164 1086 sane
1183 1027 1255 1085 ratio
1275 1037 1307 1086 rt

90 1105 306 1204 simplicissima,
328 1124 368 1196 ita¹
392 1121 548 1208 certissima
568 1143 626 1182 esse
645 1122 761 1184 ridetur
784 1123 822 1184 ad
848 1124 1025 1202 assequenda
1052 1125 1180 1184 Platonis
1199 1124 1307 1206 placita

89 1223 242 1302 praecipua.
284 1221 342 1280 Nec
367 1240 433 1280 vero
458 1220 490 1278 in
513 1219 701 1299 exquirendis
718 1219 779 1279 illis
797 1219 851 1279 diu
871 1223 936 1300 quis
959 1221 1091 1296 haereat,
1112 1223 1169 1281 nisi
1192 1223 1243 1300 qui
1274 1222 1306 1279 in

89 1319 175 1378 literis
190 1319 266 1378 hisee
296 1318 378 1376 rudis
396 1319 433 1376 sit
460 1317 547 1398 plane
574 1332 602 1376 et
631 1315 741 1399 hospes.
784 1318 871 1378 Haud
899 1319 1000 1400 legerit
1023 1320 1102 1379 enim
1125 1319 1326 1392 Phaedrum,.

89 1417 279 1498 symposium,
304 1416 513 1490 Theaetetum,
540 1405 737 1476 Parmeniden
745 1458 756 1504 ,
782 1416 987 1492 Phaedonem,
1017 1413 1150 1478 Politiain
1161 1463 1169 1493 ,
1199 1418 1305 1496 Leges,

88 1517 244 1590 Timaeum,
275 1515 444 1596 praecipuos
469 1515 592 1574 auctoris
609 1513 901 1595 celebratissimosque
922 1513 1069 1596 dialogos,
1089 1516 1159 1594 quin
1180 1513 1306 1590 viderit,

87 1611 449 1674 dissemissc'lubentissime
459 1612 605 1672 Platonem
614 1612 650 1672 de
660 1632 756 1671 amore
762 1659 771 1688 ,
787 1613 824 1672 de
832 1614 952 1694 pulcro,
974 1614 1010 1673 de
1021 1613 1131 1673 artibus
1141 1635 1147 1670 :
1159 1613 1196 1673 de
1206 1613 1306 1691 exqui-

87 1712 170 1771 renda
187 1713 322 1785 veritate,
344 1710 380 1768 de
399 1711 518 1770 scientia
528 1756 536 1785 ,
556 1710 592 1770 de
612 1711 704 1785 ideis,
724 1711 761 1770 de
775 1711 926 1771 dialectica
937 1712 1111 1792 caeterisque
1120 1709 1304 1793 disciplinis:

87 1831 164 1891 porro
190 1810 226 1870 de
241 1809 355 1887 justitia
375 1829 407 1867 ac
426 1807 557 1887 legibus,
574 1809 666 1887 deque
684 1811 808 1868 ciuitate·
820 1809 964 1889 regenda,
986 1811 1018 1868 in
1037 1810 1138 1889 primis
1158 1808 1194 1868 de
1213 1808 1305 1868 henot

86 1907 204 1988 denique
222 1907 259 1968 de
273 1908 333 1964 Deo
350 1918 378 1964 et
396 1902 450 1964 hac
469 1927 564 1965 rerum
583 1907 778 1967 universitate.
815 1907 849 1965 In
868 1907 915 1965 his
929 1906 1063 1966 omnihus
1082 1929 1141 1966 non
1159 1907 1306 1966 invenerit

86 2005 274 2086 philosophiae
302 2001 552 2079 distributionem,
582 2025 635 2063 nec
652 2004 829 2084 singularum
849 2005 973 2085 partium
993 2004 1194 2064 definitiones:
1226 2004 1305 2067 haud

86 2106 156 2162 euim
173 2104 290 2164 nomine
307 2115 464 2162 occurrunt
482 2102 592 2183 logica,
618 2101 756 2184 physica,
777 2101 991 2184 metaphysica,
1005 2102 1168 2182 ontologia,
1183 2102 1304 2184 psycho-

88 2201 170 2282 logia,
193 2222 228 2262 nc
255 2199 348 2260 ethica
367 2200 500 2278 quidem3
519 2202 580 2262 sed
605 2201 840 2262 animadverterit
854 2201 931 2261 idem
950 2201 1050 2276 facile,
1065 2200 1121 2260 tria
1136 2201 1172 2277 in
1188 2201 1303 2260 hisces

87 2299 246 2382 philosopho
259 2298 425 2377 singulatim
439 2300 528 2358 fuisse
543 2300 696 2380 indagata,
712 2303 872 2378 pulcrum,
887 2321 1009 2374 comm,
1022 2307 1164 2376 justum,
1179 2299 1303 2358 maxime

88 2413 170 2458 autern
187 2419 290 2456 aarum
299 2443 308 2472 ‚
329 2389 366 2456 tri
388 2387 437 2470 tir,
464 2417 521 2478 quo
538 2400 686 2480 pertinent
702 2399 801 2472 ideae,
823 2397 902 2458 locus
922 2399 954 2457 in
971 2398 1098 2458 Platonis
1120 2396 1302 2479 philosophia

89 2495 235 2556 uberrimus
255 2496 446 2578 latissimeque
465 2509 566 2578 patens
576 2521 584 2573 ;
606 2497 711 2554 bouum
729 2512 823 2556 autem
840 2497 876 2555 ab
895 2516 927 2555 eo
958 2498 1143 2573 compulere
1163 2514 1221 2556 esse
1232 2515 1299 2564 con,-

84 2595 221 2668 juuctum:
238 2595 370 2676 idemque
386 2597 417 2654 in
438 2603 504 2653 aori
521 2594 705 2675 indagatione
720 2615 827 2654 summo
848 2605 905 2652 esse
923 2594 985 2654 loco
1001 2593 1139 2654 habitum.

120 2694 235 2774 Triplex
255 2693 344 2770 haec,
365 2713 450 2774 quam
467 2693 549 2769 dixi,
570 2691 732 2774 disquisitio
752 2692 788 2752 de
802 2695 926 2771 pulcro,
946 2692 982 2750 de
1007 2713 1074 2752 aero
1099 2705 1127 2751 et
1145 2690 1181 2750 de
1193 2698 1300 2767 justo,

89 2792 127 2849 cui
152 2793 257 2851 honum
285 2813 317 2852 ae
344 2803 483 2852 sonetum
502 2790 631 2866 accedit,
663 2805 695 2850 ut
722 2811 766 2850 xes
785 2792 913 2851 omnium
931 2791 1054 2850 maxime
1072 2789 1249 2871 expetenda,
1267 2791 1300 2850 in

88 2886 327 2970 disquisitionibus
346 2891 473 2952 Platonis
501 2889 681 2971 gravioribus
710 2889 874 2948 dominatur
894 2889 999 2970 plane:
1030 2903 1057 2948 et
1085 2887 1163 2967 quod
1181 2889 1301 2948 miretur

89 2985 190 3048 fortasse
208 2989 330 3069 aliquis,
351 2991 487 3051 convenit
507 2989 559 3048 illa
579 3009 644 3047 cum
661 2987 802 3047 hodierna
819 2986 1017 3068 philosophiae
1045 2987 1220 3068 partitione,
1244 3007 1299 3064 qua

87 3089 171 3160 quaeri
190 3087 262 3147 solet
280 3088 317 3147 de
337 3087 473 3148 facultate
489 3086 652 3162 sentiendi,
672 3085 708 3146 de
723 3085 860 3145 facultate
879 3083 1089 3165 cognoscendi,
1110 3083 1148 3142 de
1162 3083 1299 3142 facultate
1387 3127 1393 3136 ,

89 3186 238 3262 appetendi.
281 3185 338 3245 Sed
365 3186 434 3246 haec
463 3186 573 3245 scilieet
596 3198 637 3243 est
664 3184 775 3264 ingenii
805 3183 925 3242 humani
955 3184 1045 3257 ratio,
1068 3196 1099 3241 ut
1127 3203 1142 3266 a
1173 3181 1318 3263 simplici'

89 3281 184 3342 ratione
212 3286 244 3344 in
271 3286 365 3347 varias
393 3299 486 3366 partes
515 3283 710 3364 digrediatur,
739 3279 893 3362 multisque
912 3281 1079 3360 ambagibus
1094 3279 1226 3354 oberret,
1248 3277 1298 3338 sed
1397 3328 1398 3331 ,

90 3379 171 3441 redeat
186 3397 282 3442 tamen
301 3377 417 3466 tandein
436 3384 473 3442 ad
493 3381 704 3463 simplicitatem
713 3379 864 3461 pristinam
874 3426 883 3454 ,
902 3394 1190 3458 naturaecongruarn.
1222 3379 1296 3452 Qua·

89 3473 135 3534 lem
151 3503 214 3542 sane
239 3503 297 3542 esse
324 3481 494 3541 Socraticam
520 3483 678 3554 rationem,
708 3493 822 3538 atvero
851 3479 1046 3553 Platonicam,
1068 3497 1120 3535 nec
1147 3477 1297 3555 quisquam

91 3581 236 3654 negaverit,
264 3581 313 3660 qui
334 3601 394 3639 eam
412 3593 499 3640 totarn
523 3578 716 3660 perspexerit,
738 3591 765 3636 et
783 3575 908 3658 probant
925 3574 1012 3635 hodie
1031 3575 1215 3656 philosophi,
1246 3576 1298 3652 qui

89 3675 205 3750 optimam
223 3692 390 3758 quaerentes
408 3679 546 3738 rationem
556 3721 566 3753 ,
586 3690 685 3757 sponte
703 3675 735 3734 in
760 3676 906 3754 antiquam
924 3674 1005 3733 illam
1023 3672 1199 3732 inciderunt.

167 3874 264 3936 Ducit
283 3877 363 3953 opud
382 3877 540 3935 Plutonem
556 3876 744 3953 philosophia
765 3875 804 3932 od
819 3875 984 3952 palorum,
1014 3872 1054 3930 od
1073 3891 1198 3945 aerum,
1274 3877 1279 3886 “

327 3977 366 4032 od
377 3982 499 4050 justum
510 4020 518 4049 ,
536 3982 697 4052 praecipue
717 3983 818 4031 autem
836 3975 875 4030 od
895 3993 1007 4029 veruna.

122 4166 189 4240 Quae
206 4194 269 4230 curn
295 4172 333 4231 ita
353 4173 429 4246 sint,
451 4149 515 4245 viu,¹
539 4171 570 4230 ni
594 4170 699 4245 fallor,
720 4183 797 4251 patet
816 4168 916 4243 nohis,
937 4189 992 4248 qna
1003 4214 1012 4243 ,
1032 4167 1106 4229 duce
1125 4166 1242 4226 Platone
1267 4179 1294 4224 et

93 4265 145 4322 terh
160 4270 353 4352 philosophia,
375 4274 414 4329 sio
434 4270 649 4352 procedendum
661 4270 725 4343 sit,
748 4282 779 4326 ut
798 4269 975 4346 inquiramus
995 4267 1132 4326 continuo
1157 4267 1189 4324 in
1212 4277 1292 4322 uatu-

94 4373 139 4418 ram
160 4385 295 4445 nostram,
324 4371 384 4428 sive
411 4375 547 4428 orrimum
575 4369 701 4427 hominis
720 4370 835 4445 ejusque
855 4366 1050 4425 conditionem
1068 4377 1245 4445 praesentem
1264 4375 1292 4420 et

94 4457 235 4530 pristinam:
266 4483 327 4530 tum
355 4469 521 4548 singulatim
551 4487 664 4546 agamus
683 4467 808 4547 primum
831 4464 867 4524 de
879 4467 1006 4543 pulcro,
1027 4465 1093 4523 item
1113 4461 1149 4521 de
1173 4482 1291 4534 amore,
