2908 5114
688 276 747 338 342

107 445 235 512 raris-
249 441 325 521 Ergo
346 455 406 501 tum
427 439 543 500 demum
564 438 726 518 perlectum
747 439 778 498 in
801 440 918 500 modum
939 439 1125 502 ordinabitur
1155 440 1333 521 respublica,

99 561 189 621 quum
207 537 373 618 hujusmodi
394 538 421 597 ei
442 539 646 618 prospecturus
666 550 760 596 custos
786 537 842 612 sit,
872 537 923 615 qui
953 537 1055 600 horum
1082 543 1211 602 omnium
1239 554 1335 600 teneat

100 639 306 700 scientiam.·-·
325 637 370 696 Ita
389 654 503 694 necesse
522 644 592 692 est.»
622 631 652 712 1)
672 636 753 694 Patet
771 655 808 694 ex
836 635 891 696 boc
920 634 1045 698 Socratis
1071 659 1218 716 sermone,
1248 659 1336 717 quare

99 752 157 797 tam
176 735 333 815 diligenter
354 731 436 793 Plato
456 745 593 810 tantaque
613 731 792 793 sublimitate
822 733 859 793 dc
884 754 935 809 eo,
965 735 1044 815 quod
1078 739 1185 798 bonum
1211 749 1270 812 est,
1297 735 1336 796 dc

99 835 154 894 hoc
173 841 321 906 memoro,
342 830 421 911 quod
442 843 545 908 vocat,
565 823 746 910 μαθήματι,
777 833 876 910 egerit.
917 831 963 892 td
995 834 1135 896 rationem
1165 847 1259 894 autem
1287 834 1335 893 de·

101 931 288 1005 clarandam,
318 929 493 1008 singularem
519 931 602 992 illam
641 933 719 1006 fere,
750 951 807 1009 qua
838 928 874 988 de
904 931 1035 1010 coegit,
1064 945 1152 992 totam
1170 931 1220 992 hle
1240 933 1337 993 animo

101 1028 269 1110 philosophi
286 1027 324 1087 de
344 1025 447 1107 pulcro
467 1041 494 1086 et
514 1026 592 1088 bono
611 1027 774 1088 doctrinam
792 1026 958 1090 recolamus.

141 1127 220 1186 Haec
239 1124 292 1184 ille
310 1143 407 1184 rerum
426 1126 559 1207 exempla
577 1148 646 1207 prae
666 1127 787 1186 caeteris
806 1125 942 1186 omnibus
970 1127 1003 1186 in
1033 1128 1148 1208 scriptis
1177 1127 1237 1188 suis
1265 1125 1336 1185 celc-

100 1222 198 1284 bravit
215 1224 357 1284 maxime:
374 1223 521 1302 pulcrum
541 1225 574 1282 in
592 1224 724 1284 Phaedro
744 1238 773 1283 ct
795 1222 961 1304 Symposio,
996 1227 1030 1284 in
1051 1224 1097 1284 his
1118 1224 1155 1284 de
1176 1224 1337 1306 Republica

101 1320 186 1382 libris
206 1322 286 1382 etin
306 1321 423 1382 Timaeo
443 1323 550 1382 bonum
561 1344 575 1392 ;
602 1337 754 1402 utrumque
775 1336 870 1392 autem
890 1321 1001 1402 dispari
1024 1325 1146 1384 ratione.
1168 1323 1240 1382 Nam
1261 1319 1338 1379 illud

100 1418 142 1478 ita
161 1417 313 1494 laudavit,
340 1433 389 1494 ut,
415 1419 513 1500 prouti
534 1441 620 1502 supra
641 1419 727 1480 nobis
747 1420 860 1500 patuit,
892 1421 994 1500 poesin
1024 1422 1116 1482 oratio
1144 1417 1338 1497 referre152)

99 1516 154 1576 hoc
175 1537 262 1592 vero,
282 1515 526 1597 quemadmodum
554 1539 634 1578 nunc
656 1517 808 1592 videmus,
829 1517 887 1593 ita,
909 1532 941 1577 ut
961 1518 1101 1599 imagines
1128 1519 1257 1599 pariter,
1285 1537 1339 1576 nec

102 1615 198 1674 minus
228 1610 367 1674 sublimes
397 1614 484 1691 illas,
520 1637 536 1676 a
565 1617 644 1696 poesi
674 1616 812 1690 duceret,
844 1635 945 1676 verum
975 1637 1116 1676 summam
1139 1613 1338 1694 disquisitioni

101 1712 253 1776 adhiberet
270 1712 434 1774 disserendi
455 1713 648 1793 diligentiam.
691 1714 749 1772 Nec
769 1713 899 1793 profecto
918 1715 1033 1775 mirum.
1075 1715 1193 1775 Etenim
1214 1711 1251 1772 ad
1266 1713 1335 1790 pul-

101 1831 189 1870 crum
210 1809 433 1892 percipiendum
451 1812 568 1886 animo,
588 1811 735 1871 hominem
752 1809 923 1872 censebata
952 1824 1048 1872 tenera
1071 1811 1144 1873 inde
1169 1824 1261 1872 aetate
1287 1831 1341 1891 per

101 1921 176 1968 artes
205 1908 415 1987 elegantiores,
445 1929 497 1990 per
525 1909 663 1968 musicam
692 1907 815 1968 maxime
842 1921 870 1967 et
904 1910 1006 1990 poesin
1030 1908 1248 1970 informandum
1270 1929 1340 1968 csse.

103 2005 218 2086 Spirare
237 2005 327 2085 igitm·
344 2006 436 2068 oratio
458 2007 550 2088 ipsam
568 2011 684 2088 poeseos
704 2005 912 2065 sublimitatem
932 2006 1067 2067 debebat.
1109 2007 1157 2068 nd
1178 2007 1249 2066 boni
1270 2027 1341 2069 veru

102 2101 197 2164 ideam
219 2102 306 2162 aliam
334 2103 419 2164 nobis
447 2104 618 2164 monstrarit
657 2103 751 2176 viam,
781 2122 911 2181 quaeque
933 2105 1096 2182 juvenibus
1121 2105 1252 2165 ineunda
1279 2117 1341 2163 tum

105 2213 193 2273 essct,
215 2186 366 2280 postquam
382 2201 495 2262 artibus
514 2213 609 2260 essent
629 2199 739 2258 exculti
761 2199 847 2258 satis:
870 2199 922 2260 illa
941 2217 1001 2262 erat
1011 2247 1022 2277 ,
1049 2224 1123 2282 quae
1150 2202 1342 2262 accuratiori-

105 2297 159 2358 bus
177 2297 339 2357 tractandis
364 2297 550 2378 disciplinis,
579 2298 703 2356 maxime
732 2295 903 2358 dialecticae
929 2300 1025 2360 studio
1051 2300 1252 2376 conficeretur.
1291 2297 1342 2358 Ad

104 2394 180 2453 hanc
201 2408 296 2453 autem
314 2391 537 2466 describendam
551 2397 679 2475 ipsarum
699 2393 901 2472 requirebatur
923 2395 1148 2478 disciplinarum
1176 2397 1341 2478 diligentia.

104 2490 162 2551 Sed
176 2492 308 2570 quamvis
324 2489 457 2552 diversae
476 2492 536 2550 sint
556 2491 634 2572 apud
654 2490 804 2552 Platonem
821 2490 859 2549 de
881 2507 1000 2571 utraque
1020 2495 1087 2556 idea
1107 2495 1342 2576 disceptationes,

105 2610 158 2670 par
177 2590 270 2649 estin
291 2589 437 2667 utrisque,
459 2600 491 2648 ut
510 2590 693 2662 monuimus,
714 2587 888 2649 sublimitas.
910 2591 957 2652 nd
981 2591 1060 2653 illud
1078 2594 1156 2655 cuim
1173 2594 1344 2654 referuntur

104 2687 232 2766 pariter,
252 2686 331 2766 quod
351 2687 478 2747 inomni
498 2685 685 2767 philosophia
706 2705 848 2746 summum
867 2689 1049 2767 maximeque
1069 2690 1193 2750 sublime
1220 2704 1280 2770 cst,
1309 2703 1345 2748 ut

107 2785 258 2843 veritatem
285 2805 477 2864 assequamur.
519 2786 573 2842 Per·
602 2795 676 2842 artes
705 2781 784 2862 apud
812 2803 878 2844 cum
904 2786 991 2846 homo
1016 2786 1054 2846 ad
1076 2788 1172 2868 pulcri
1191 2788 1345 2848 scientiam

59 2921 61 2928 ,
107 2880 261 2956 educitur,
282 2880 333 2941 sed
352 2903 385 2942 co
403 2881 457 2942 hoc
476 2882 573 2957 valet,
594 2894 627 2939 ut
644 2878 741 2960 pulcri
759 2900 853 2940 amore
879 2899 980 2965 captus
999 2885 1210 2964 incensusque,
1241 2885 1345 2946 codem

106 2977 208 3038 ardore
227 2991 352 3055 caeteras
379 2979 478 3055 ideas,
510 2993 538 3040 et
568 2999 627 3038 una
651 2996 719 3036 cum
738 2977 795 3052 iis,
815 2979 894 3056 quud
914 2983 1069 3043 continent
1088 3005 1205 3060 omncs,
1228 3005 1344 3042 *nomm

105 3091 290 3157 assequatur:
313 3075 479 3157 disciplinis
498 3091 594 3138 autem
614 3075 668 3134 hoc
689 3075 785 3154 ipsum
803 3097 911 3137 munus
930 3079 1035 3139 tribuit
1053 3080 1152 3155 Plato,
1175 3095 1208 3142 ut
1237 3080 1275 3142 ad
1293 3103 1345 3144 re·

107 3195 191 3250 rum,
211 3176 288 3250 imo,
309 3174 389 3253 quod
409 3176 566 3234 maximum
593 3194 652 3232 esse
682 3165 819 3253 μάθημα
839 3175 872 3234 in
902 3178 963 3238 veri
991 3177 1149 3260 disciplina
1178 3177 1274 3253 dixit,
1303 3179 1346 3240 ad

108 3273 215 3332 bonum
235 3293 288 3332 nos
307 3270 458 3331 ducerent.
499 3272 609 3331 Verum
635 3273 800 3334 sublimitas
817 3275 1024 3356 disputationis
1042 3277 1210 3336 Platonicae
1228 3275 1265 3334 de
1284 3275 1343 3336 boc

109 3382 277 3449 argumento
295 3368 333 3428 ab
353 3368 510 3447 imaginum
538 3392 598 3431 non
617 3385 731 3432 tantum
749 3372 923 3452 splendore,
944 3362 996 3434 sed
1021 3373 1113 3434 multo
1138 3375 1224 3434 etiam
1251 3374 1345 3453 magis

109 3464 145 3525 ab
171 3466 263 3546 ipsius
289 3455 445 3546 diligentia
470 3468 626 3546 repetenda
657 3483 708 3528 est.
752 3470 921 3556 Explicatis
950 3472 1021 3532 baec
1051 3492 1149 3531 eorum
1178 3485 1239 3547 est,
1269 3493 1347 3551 quac

108 3555 194 3646 supr'a
221 3565 258 3625 de
288 3562 391 3624 mundi
418 3562 624 3646 adspectabilis
654 3581 682 3626 et
708 3569 816 3650 νοητοῦ
836 3569 1005 3632 discrimine
1033 3569 1171 3630 diximus.
1193 3569 1225 3649 3)
1254 3569 1347 3630 lllum

107 3671 261 3751 speluncae
280 3670 478 3753 comparavit,
500 3671 579 3732 hunc
602 3688 633 3734 ut
653 3673 749 3754 qualis
768 3684 840 3731 esset
869 3666 1065 3748 significaret,
1092 3667 1130 3726 ab
1159 3667 1260 3728 ecdem
1291 3666 1346 3728 ad·

109 3769 261 3848 spectabili
280 3768 391 3829 mundo
410 3769 531 3828 formam
550 3783 579 3828 et
596 3771 720 3832 colorem
749 3769 845 3830 duxit.
888 3767 972 3825 Nunc
985 3768 1105 3824 'bouum
1125 3765 1346 3839 declaraturus,

109 3885 167 3944 qua
184 3866 221 3924 sit
238 3866 271 3925 in
290 3868 376 3928 rebus
405 3867 525 3947 νοηταῖς
552 3868 747 3944 excellentia,
776 3865 910 3928 similiter
940 3877 968 3922 et
997 3862 1347 3944 comparandu'utroque

109 3963 219 4024 mundo
238 3975 351 4024 atvero
366 3968 445 4044 justo
464 3967 568 4027 ordine
587 3967 731 4046 procedit.
753 3967 819 4026 Non
838 3960 952 4024 accedit
970 3960 1008 4021 ad
1021 3961 1151 4036 bonum,
1172 3973 1348 4040 anteaquam

108 4151 310 4160 -Q—-Q

142 4273 168 4333 ll
188 4274 225 4323 lle
237 4276 297 4340 ltcp.
318 4273 359 4323 Vl.
378 4274 437 4324 505.
456 4273 486 4324 D.
499 4303 532 4316 -·-
549 4275 608 4327 ⁵06.
628 4277 658 4327 Α.

141 4358 166 4420 2)
185 4360 262 4410 latitia
279 4375 303 4426 p.
318 4357 351 4409 73
370 4375 425 4427 sqq.
444 4358 478 4410 95
498 4377 554 4428 sqq.

143 4442 168 4507 3)
188 4444 264 4496 latitia
282 4462 307 4512 p.
326 4443 375 4495 317
395 4461 449 4512 sqq.
