<?xml version="1.0" encoding="UTF-8"?>
<!DOCTYPE html PUBLIC "-//W3C//DTD XHTML 1.0 Transitional//EN"
    "http://www.w3.org/TR/xhtml1/DTD/xhtml1-transitional.dtd">
<html xmlns="http://www.w3.org/1999/xhtml" xml:lang="en" lang="en">
 <head>
  <title>
</title>
<meta http-equiv="Content-Type" content="text/html;charset=utf-8" />
  <meta name='ocr-system' content='tesseract 3.04.00' />
  <meta name='ocr-capabilities' content='ocr_page ocr_carea ocr_par ocr_line ocrx_word'/>
</head>
<body>
  <div class='ocr_page' id='page_1' title='image "./initiaphilosoph02heusgoog_0444.png"; bbox 0 0 2886 5118; ppageno 0'>
   <div class='ocr_carea' id='block_1_1' title="bbox 677 231 736 292">
    <p class='ocr_par' dir='ltr' id='par_1_1' title="bbox 677 231 736 292">
     <span class='ocr_line' id='line_1_1' title="bbox 677 231 736 292; baseline -0.068 0"><span class='ocrx_word' id='word_1_1' title='bbox 677 231 736 292; x_wconf 78' lang='lat'>423</span> 
     </span>
    </p>
   </div>
   <div class='ocr_carea' id='block_1_2' title="bbox 83 389 1324 2239">
    <p class='ocr_par' dir='ltr' id='par_1_2' title="bbox 83 389 1324 2239">
     <span class='ocr_line' id='line_1_2' title="bbox 130 389 1324 474; baseline 0 -23"><span class='ocrx_word' id='word_1_2' title='bbox 130 393 289 464; x_wconf 77' lang='lat' dir='ltr'>Caeterum,</span> <span class='ocrx_word' id='word_1_3' title='bbox 311 389 568 469; x_wconf 80' lang='lat' dir='ltr'><strong>quemadmodum,</strong></span> <span class='ocrx_word' id='word_1_4' title='bbox 586 394 665 470; x_wconf 91' lang='lat' dir='ltr'>quod</span> <span class='ocrx_word' id='word_1_5' title='bbox 686 394 782 474; x_wconf 85' lang='lat' dir='ltr'>posuit</span> <span class='ocrx_word' id='word_1_6' title='bbox 800 391 896 465; x_wconf 91' lang='lat' dir='ltr'>Plato,</span> <span class='ocrx_word' id='word_1_7' title='bbox 917 393 1067 452; x_wconf 84' lang='lat' dir='ltr'>averitate</span> <span class='ocrx_word' id='word_1_8' title='bbox 1077 389 1276 458; x_wconf 84' lang='lat' dir='ltr'>inchoandum</span> <span class='ocrx_word' id='word_1_9' title='bbox 1286 393 1324 452; x_wconf 90' lang='lat' dir='ltr'>sit</span> 
     </span>
     <span class='ocr_line' id='line_1_3' title="bbox 91 487 1322 572; baseline 0.004 -27"><span class='ocrx_word' id='word_1_10' title='bbox 91 487 213 567; x_wconf 84' lang='lat' dir='ltr'>indeque</span> <span class='ocrx_word' id='word_1_11' title='bbox 232 488 269 547; x_wconf 90' lang='lat' dir='ltr'>ad</span> <span class='ocrx_word' id='word_1_12' title='bbox 289 489 351 565; x_wconf 85' lang='lat' dir='ltr'>ejus</span> <span class='ocrx_word' id='word_1_13' title='bbox 370 487 509 569; x_wconf 79' lang='lat' dir='ltr'><strong>imagines</strong></span> <span class='ocrx_word' id='word_1_14' title='bbox 529 490 768 572; x_wconf 88' lang='lat' dir='ltr'>procedendum,</span> <span class='ocrx_word' id='word_1_15' title='bbox 784 488 817 551; x_wconf 86' lang='lat' dir='ltr'>id</span> <span class='ocrx_word' id='word_1_16' title='bbox 835 509 886 548; x_wconf 90' lang='lat' dir='ltr'>suo</span> <span class='ocrx_word' id='word_1_17' title='bbox 907 509 960 548; x_wconf 89' lang='lat' dir='ltr'>nos</span> <span class='ocrx_word' id='word_1_18' title='bbox 978 489 1170 569; x_wconf 89' lang='lat' dir='ltr'>philosophus</span> <span class='ocrx_word' id='word_1_19' title='bbox 1188 490 1322 571; x_wconf 84' lang='lat' dir='ltr'>exemplo</span> 
     </span>
     <span class='ocr_line' id='line_1_4' title="bbox 90 585 1323 670; baseline 0.004 -26"><span class='ocrx_word' id='word_1_20' title='bbox 90 585 194 647; x_wconf 88' lang='lat' dir='ltr'>docuit.</span> <span class='ocrx_word' id='word_1_21' title='bbox 237 586 398 646; x_wconf 87' lang='lat' dir='ltr'>Thesauros</span> <span class='ocrx_word' id='word_1_22' title='bbox 418 607 477 646; x_wconf 91' lang='lat' dir='ltr'>esse</span> <span class='ocrx_word' id='word_1_23' title='bbox 496 588 696 670; x_wconf 83' lang='lat' dir='ltr'><strong>philosophiae</strong></span> <span class='ocrx_word' id='word_1_24' title='bbox 718 587 957 669; x_wconf 85' lang='lat' dir='ltr'>locupletissimos</span> <span class='ocrx_word' id='word_1_25' title='bbox 980 587 1113 667; x_wconf 85' lang='lat' dir='ltr'>linguas,</span> <span class='ocrx_word' id='word_1_26' title='bbox 1133 607 1231 648; x_wconf 89' lang='lat' dir='ltr'>omnes</span> <span class='ocrx_word' id='word_1_27' title='bbox 1249 609 1323 648; x_wconf 90' lang='lat' dir='ltr'>con-</span> 
     </span>
     <span class='ocr_line' id='line_1_5' title="bbox 89 683 1324 768; baseline 0.004 -29"><span class='ocrx_word' id='word_1_28' title='bbox 89 685 233 758; x_wconf 90' lang='lat' dir='ltr'>sentiunt,</span> <span class='ocrx_word' id='word_1_29' title='bbox 264 683 405 764; x_wconf 88' lang='lat' dir='ltr'>nobisque</span> <span class='ocrx_word' id='word_1_30' title='bbox 435 686 467 744; x_wconf 92' lang='lat' dir='ltr'>in</span> <span class='ocrx_word' id='word_1_31' title='bbox 496 686 544 746; x_wconf 90' lang='lat' dir='ltr'>his</span> <span class='ocrx_word' id='word_1_32' title='bbox 566 685 828 768; x_wconf 78' lang='lat' dir='ltr'>disceptationibus</span> <span class='ocrx_word' id='word_1_33' title='bbox 855 686 950 766; x_wconf 90' lang='lat' dir='ltr'>patuit</span> <span class='ocrx_word' id='word_1_34' title='bbox 976 686 1217 746; x_wconf 79' lang='lat' dir='ltr'>manifestissime.</span> <span class='ocrx_word' id='word_1_35' title='bbox 1268 685 1324 744; x_wconf 90' lang='lat' dir='ltr'>llle</span> 
     </span>
     <span class='ocr_line' id='line_1_6' title="bbox 90 781 1321 865; baseline 0.002 -26"><span class='ocrx_word' id='word_1_36' title='bbox 90 800 170 854; x_wconf 89' lang='lat' dir='ltr'>vero,</span> <span class='ocrx_word' id='word_1_37' title='bbox 192 783 324 861; x_wconf 84' lang='lat' dir='ltr'>quamvis</span> <span class='ocrx_word' id='word_1_38' title='bbox 343 781 591 864; x_wconf 91' lang='lat' dir='ltr'>philosophandi,</span> <span class='ocrx_word' id='word_1_39' title='bbox 618 807 703 863; x_wconf 88' lang='lat' dir='ltr'>quam</span> <span class='ocrx_word' id='word_1_40' title='bbox 726 785 895 865; x_wconf 84' lang='lat' dir='ltr'>usurpavit,</span> <span class='ocrx_word' id='word_1_41' title='bbox 925 785 997 844; x_wconf 89' lang='lat' dir='ltr'>ratio</span> <span class='ocrx_word' id='word_1_42' title='bbox 1017 804 1069 844; x_wconf 88' lang='lat' dir='ltr'>nos</span> <span class='ocrx_word' id='word_1_43' title='bbox 1091 783 1210 844; x_wconf 81' lang='lat' dir='ltr'>duxerit</span> <span class='ocrx_word' id='word_1_44' title='bbox 1228 782 1321 858; x_wconf 91' lang='lat' dir='ltr'>illuc,</span> 
     </span>
     <span class='ocr_line' id='line_1_7' title="bbox 87 877 1320 962; baseline 0.005 -28"><span class='ocrx_word' id='word_1_45' title='bbox 87 877 229 958; x_wconf 87' lang='lat' dir='ltr'>ipsiusque</span> <span class='ocrx_word' id='word_1_46' title='bbox 249 880 435 962; x_wconf 83' lang='lat' dir='ltr'>philosophia</span> <span class='ocrx_word' id='word_1_47' title='bbox 455 883 496 942; x_wconf 88' lang='lat' dir='ltr'>sic</span> <span class='ocrx_word' id='word_1_48' title='bbox 518 897 639 942; x_wconf 86' lang='lat' dir='ltr'>naturae</span> <span class='ocrx_word' id='word_1_49' title='bbox 660 885 697 943; x_wconf 91' lang='lat' dir='ltr'>sit</span> <span class='ocrx_word' id='word_1_50' title='bbox 715 897 928 956; x_wconf 89' lang='lat' dir='ltr'>consentanca,</span> <span class='ocrx_word' id='word_1_51' title='bbox 950 895 982 940; x_wconf 93' lang='lat' dir='ltr'>ut</span> <span class='ocrx_word' id='word_1_52' title='bbox 1000 881 1113 941; x_wconf 80' lang='lat' dir='ltr'>dixeris</span> <span class='ocrx_word' id='word_1_53' title='bbox 1130 881 1190 943; x_wconf 88' lang='lat' dir='ltr'>fere</span> <span class='ocrx_word' id='word_1_54' title='bbox 1200 927 1209 955; x_wconf 97' lang='lat'>,</span> <span class='ocrx_word' id='word_1_55' title='bbox 1230 881 1320 940; x_wconf 87' lang='lat' dir='ltr'>haus-</span> 
     </span>
     <span class='ocr_line' id='line_1_8' title="bbox 89 977 1322 1062; baseline 0.003 -28"><span class='ocrx_word' id='word_1_56' title='bbox 89 989 140 1034; x_wconf 85' lang='lat' dir='ltr'>tam</span> <span class='ocrx_word' id='word_1_57' title='bbox 160 977 243 1038; x_wconf 91' lang='lat' dir='ltr'>illam</span> <span class='ocrx_word' id='word_1_58' title='bbox 262 977 333 1037; x_wconf 91' lang='lat' dir='ltr'>inde</span> <span class='ocrx_word' id='word_1_59' title='bbox 353 999 428 1054; x_wconf 91' lang='lat' dir='ltr'>esse,</span> <span class='ocrx_word' id='word_1_60' title='bbox 453 981 550 1040; x_wconf 88' lang='lat' dir='ltr'>minus</span> <span class='ocrx_word' id='word_1_61' title='bbox 569 995 683 1056; x_wconf 89' lang='lat' dir='ltr'>tamen,</span> <span class='ocrx_word' id='word_1_62' title='bbox 704 1003 790 1061; x_wconf 89' lang='lat' dir='ltr'>quam</span> <span class='ocrx_word' id='word_1_63' title='bbox 811 995 962 1062; x_wconf 87' lang='lat' dir='ltr'>parerat,</span> <span class='ocrx_word' id='word_1_64' title='bbox 982 1001 998 1039; x_wconf 91' lang='lat' dir='ltr'>e</span> <span class='ocrx_word' id='word_1_65' title='bbox 1016 979 1158 1054; x_wconf 76' lang='lat' dir='ltr'>thesauris</span> <span class='ocrx_word' id='word_1_66' title='bbox 1175 979 1239 1040; x_wconf 89' lang='lat' dir='ltr'>istis</span> <span class='ocrx_word' id='word_1_67' title='bbox 1258 1000 1322 1058; x_wconf 91' lang='lat' dir='ltr'>pro-</span> 
     </span>
     <span class='ocr_line' id='line_1_9' title="bbox 87 1073 1322 1162; baseline 0.006 -32"><span class='ocrx_word' id='word_1_68' title='bbox 87 1073 161 1134; x_wconf 88' lang='lat' dir='ltr'>fecit.</span> <span class='ocrx_word' id='word_1_69' title='bbox 203 1077 311 1156; x_wconf 89' lang='lat' dir='ltr'>Nempe</span> <span class='ocrx_word' id='word_1_70' title='bbox 339 1076 376 1136; x_wconf 92' lang='lat' dir='ltr'>de</span> <span class='ocrx_word' id='word_1_71' title='bbox 398 1079 520 1139; x_wconf 79' lang='lat' dir='ltr'>ueritate</span> <span class='ocrx_word' id='word_1_72' title='bbox 541 1079 763 1162; x_wconf 89' lang='lat' dir='ltr'>philosophatus</span> <span class='ocrx_word' id='word_1_73' title='bbox 780 1079 921 1140; x_wconf 90' lang='lat' dir='ltr'>continuo</span> <span class='ocrx_word' id='word_1_74' title='bbox 941 1092 1003 1155; x_wconf 90' lang='lat' dir='ltr'>est,</span> <span class='ocrx_word' id='word_1_75' title='bbox 1030 1097 1146 1156; x_wconf 86' lang='lat' dir='ltr'>eamque</span> <span class='ocrx_word' id='word_1_76' title='bbox 1167 1079 1274 1157; x_wconf 70' lang='lat' dir='ltr'>optimi</span> <span class='ocrx_word' id='word_1_77' title='bbox 1294 1090 1322 1137; x_wconf 88' lang='lat' dir='ltr'>ct</span> 
     </span>
     <span class='ocr_line' id='line_1_10' title="bbox 87 1171 1324 1259; baseline 0.007 -32"><span class='ocrx_word' id='word_1_78' title='bbox 87 1171 242 1252; x_wconf 80' lang='lat' dir='ltr'>indagandi</span> <span class='ocrx_word' id='word_1_79' title='bbox 271 1189 298 1232; x_wconf 89' lang='lat' dir='ltr'>et</span> <span class='ocrx_word' id='word_1_80' title='bbox 327 1174 464 1234; x_wconf 89' lang='lat' dir='ltr'>tradendi</span> <span class='ocrx_word' id='word_1_81' title='bbox 493 1177 540 1237; x_wconf 79' lang='lat' dir='ltr'>vit</span> <span class='ocrx_word' id='word_1_82' title='bbox 569 1199 635 1236; x_wconf 91' lang='lat' dir='ltr'>cum</span> <span class='ocrx_word' id='word_1_83' title='bbox 664 1179 725 1259; x_wconf 91' lang='lat' dir='ltr'>ipse</span> <span class='ocrx_word' id='word_1_84' title='bbox 755 1177 890 1241; x_wconf 81' lang='lat' dir='ltr'>invenire</span> <span class='ocrx_word' id='word_1_85' title='bbox 917 1190 978 1236; x_wconf 88' lang='lat' dir='ltr'>tum</span> <span class='ocrx_word' id='word_1_86' title='bbox 996 1175 1148 1237; x_wconf 84' lang='lat' dir='ltr'>nobiscum</span> <span class='ocrx_word' id='word_1_87' title='bbox 1167 1175 1324 1237; x_wconf 88' lang='lat' dir='ltr'>communi·</span> 
     </span>
     <span class='ocr_line' id='line_1_11' title="bbox 87 1270 1323 1357; baseline 0.006 -33"><span class='ocrx_word' id='word_1_88' title='bbox 87 1289 146 1327; x_wconf 86' lang='lat' dir='ltr'>care</span> <span class='ocrx_word' id='word_1_89' title='bbox 175 1271 297 1331; x_wconf 91' lang='lat' dir='ltr'>studuit.</span> <span class='ocrx_word' id='word_1_90' title='bbox 340 1272 375 1331; x_wconf 90' lang='lat' dir='ltr'>Id</span> <span class='ocrx_word' id='word_1_91' title='bbox 403 1288 499 1332; x_wconf 91' lang='lat' dir='ltr'>autem</span> <span class='ocrx_word' id='word_1_92' title='bbox 529 1295 586 1353; x_wconf 94' lang='lat' dir='ltr'>quo</span> <span class='ocrx_word' id='word_1_93' title='bbox 607 1277 702 1356; x_wconf 88' lang='lat' dir='ltr'>aptius</span> <span class='ocrx_word' id='word_1_94' title='bbox 722 1276 863 1357; x_wconf 86' lang='lat' dir='ltr'>perfecit,</span> <span class='ocrx_word' id='word_1_95' title='bbox 892 1295 926 1333; x_wconf 90' lang='lat' dir='ltr'>eo</span> <span class='ocrx_word' id='word_1_96' title='bbox 954 1294 1035 1334; x_wconf 91' lang='lat' dir='ltr'>nunc</span> <span class='ocrx_word' id='word_1_97' title='bbox 1056 1272 1141 1332; x_wconf 89' lang='lat' dir='ltr'>nohis</span> <span class='ocrx_word' id='word_1_98' title='bbox 1161 1270 1323 1347; x_wconf 88' lang='lat' dir='ltr'>clarius,c</span> 
     </span>
     <span class='ocr_line' id='line_1_12' title="bbox 88 1368 1323 1453; baseline 0.005 -29"><span class='ocrx_word' id='word_1_99' title='bbox 88 1368 214 1428; x_wconf 88' lang='lat' dir='ltr'>veritatis</span> <span class='ocrx_word' id='word_1_100' title='bbox 233 1368 312 1444; x_wconf 91' lang='lat' dir='ltr'>illis,</span> <span class='ocrx_word' id='word_1_101' title='bbox 334 1390 404 1450; x_wconf 90' lang='lat' dir='ltr'>quas</span> <span class='ocrx_word' id='word_1_102' title='bbox 423 1371 521 1447; x_wconf 82' lang='lat' dir='ltr'>dixit,</span> <span class='ocrx_word' id='word_1_103' title='bbox 541 1373 735 1453; x_wconf 82' lang='lat' dir='ltr'>imaginibus,</span> <span class='ocrx_word' id='word_1_104' title='bbox 754 1374 860 1438; x_wconf 78' lang='lat' dir='ltr'>ueritas</span> <span class='ocrx_word' id='word_1_105' title='bbox 879 1387 967 1453; x_wconf 88' lang='lat' dir='ltr'>patet.</span> <span class='ocrx_word' id='word_1_106' title='bbox 1007 1370 1094 1445; x_wconf 90' lang='lat' dir='ltr'>Quod</span> <span class='ocrx_word' id='word_1_107' title='bbox 1114 1370 1163 1430; x_wconf 83' lang='lat' dir='ltr'>hic</span> <span class='ocrx_word' id='word_1_108' title='bbox 1185 1370 1323 1432; x_wconf 83' lang='lat' dir='ltr'>duximus</span> 
     </span>
     <span class='ocr_line' id='line_1_13' title="bbox 86 1466 1322 1551; baseline 0.005 -29"><span class='ocrx_word' id='word_1_109' title='bbox 86 1466 259 1526; x_wconf 90' lang='lat' dir='ltr'>monendum</span> <span class='ocrx_word' id='word_1_110' title='bbox 280 1487 339 1528; x_wconf 89' lang='lat' dir='ltr'>esse</span> <span class='ocrx_word' id='word_1_111' title='bbox 351 1514 359 1543; x_wconf 96' lang='lat'>,</span> <span class='ocrx_word' id='word_1_112' title='bbox 391 1492 447 1549; x_wconf 91' lang='lat' dir='ltr'>quo</span> <span class='ocrx_word' id='word_1_113' title='bbox 469 1471 557 1550; x_wconf 81' lang='lat' dir='ltr'>magis</span> <span class='ocrx_word' id='word_1_114' title='bbox 579 1473 679 1530; x_wconf 89' lang='lat' dir='ltr'>aetatis</span> <span class='ocrx_word' id='word_1_115' title='bbox 703 1485 814 1534; x_wconf 86' lang='lat' dir='ltr'>nostrae</span> <span class='ocrx_word' id='word_1_116' title='bbox 835 1470 1021 1551; x_wconf 89' lang='lat' dir='ltr'>philosophi,</span> <span class='ocrx_word' id='word_1_117' title='bbox 1041 1468 1148 1547; x_wconf 89' lang='lat' dir='ltr'>quibus</span> <span class='ocrx_word' id='word_1_118' title='bbox 1169 1489 1237 1528; x_wconf 89' lang='lat' dir='ltr'>sane</span> <span class='ocrx_word' id='word_1_119' title='bbox 1258 1469 1322 1538; x_wconf 85' lang='lat' dir='ltr'>lon·</span> 
     </span>
     <span class='ocr_line' id='line_1_14' title="bbox 85 1563 1322 1651; baseline 0.002 -29"><span class='ocrx_word' id='word_1_120' title='bbox 85 1584 115 1641; x_wconf 80' lang='lat' dir='ltr'>ge</span> <span class='ocrx_word' id='word_1_121' title='bbox 140 1566 247 1641; x_wconf 87' lang='lat' dir='ltr'>majore</span> <span class='ocrx_word' id='word_1_122' title='bbox 275 1568 360 1648; x_wconf 69' lang='lat' dir='ltr'>copia</span> <span class='ocrx_word' id='word_1_123' title='bbox 387 1567 522 1651; x_wconf 39' lang='lat' dir='ltr'>thesauri·</span> <span class='ocrx_word' id='word_1_124' title='bbox 537 1567 599 1644; x_wconf 92' lang='lat' dir='ltr'>illi,</span> <span class='ocrx_word' id='word_1_125' title='bbox 629 1591 715 1648; x_wconf 85' lang='lat' dir='ltr'>quain</span> <span class='ocrx_word' id='word_1_126' title='bbox 737 1570 806 1630; x_wconf 92' lang='lat' dir='ltr'>olim</span> <span class='ocrx_word' id='word_1_127' title='bbox 827 1570 961 1644; x_wconf 89' lang='lat' dir='ltr'>Platoni,</span> <span class='ocrx_word' id='word_1_128' title='bbox 980 1580 1094 1649; x_wconf 88' lang='lat' dir='ltr'>patent,</span> <span class='ocrx_word' id='word_1_129' title='bbox 1124 1566 1178 1626; x_wconf 92' lang='lat' dir='ltr'>hoc</span> <span class='ocrx_word' id='word_1_130' title='bbox 1199 1563 1274 1626; x_wconf 88' lang='lat' dir='ltr'>duce</span> <span class='ocrx_word' id='word_1_131' title='bbox 1294 1579 1322 1624; x_wconf 93' lang='lat' dir='ltr'>et</span> 
     </span>
     <span class='ocr_line' id='line_1_15' title="bbox 84 1662 1323 1745; baseline 0.003 -27"><span class='ocrx_word' id='word_1_132' title='bbox 84 1662 256 1741; x_wconf 84' lang='lat' dir='ltr'>investigent</span> <span class='ocrx_word' id='word_1_133' title='bbox 286 1685 350 1739; x_wconf 89' lang='lat' dir='ltr'>cos,</span> <span class='ocrx_word' id='word_1_134' title='bbox 384 1679 429 1740; x_wconf 92' lang='lat' dir='ltr'>et,</span> <span class='ocrx_word' id='word_1_135' title='bbox 463 1665 532 1726; x_wconf 89' lang='lat' dir='ltr'>inde</span> <span class='ocrx_word' id='word_1_136' title='bbox 565 1681 596 1726; x_wconf 86' lang='lat' dir='ltr'>ut</span> <span class='ocrx_word' id='word_1_137' title='bbox 616 1689 668 1728; x_wconf 88' lang='lat' dir='ltr'>nos</span> <span class='ocrx_word' id='word_1_138' title='bbox 691 1667 760 1728; x_wconf 89' lang='lat' dir='ltr'>item</span> <span class='ocrx_word' id='word_1_139' title='bbox 780 1666 1005 1732; x_wconf 86' lang='lat' dir='ltr'>emolumentum</span> <span class='ocrx_word' id='word_1_140' title='bbox 1023 1665 1187 1745; x_wconf 86' lang='lat' dir='ltr'>capiamus,</span> <span class='ocrx_word' id='word_1_141' title='bbox 1207 1684 1323 1745; x_wconf 90' lang='lat' dir='ltr'>operam</span> 
     </span>
     <span class='ocr_line' id='line_1_16' title="bbox 84 1759 1322 1850; baseline 0.004 -33"><span class='ocrx_word' id='word_1_142' title='bbox 84 1759 159 1820; x_wconf 87' lang='lat' dir='ltr'>dent.</span> <span class='ocrx_word' id='word_1_143' title='bbox 181 1761 241 1819; x_wconf 91' lang='lat' dir='ltr'>Nec</span> <span class='ocrx_word' id='word_1_144' title='bbox 257 1783 325 1824; x_wconf 81' lang='lat' dir='ltr'>uero</span> <span class='ocrx_word' id='word_1_145' title='bbox 344 1763 382 1822; x_wconf 90' lang='lat' dir='ltr'>ad</span> <span class='ocrx_word' id='word_1_146' title='bbox 403 1763 569 1844; x_wconf 86' lang='lat' dir='ltr'>linguarum</span> <span class='ocrx_word' id='word_1_147' title='bbox 591 1767 677 1824; x_wconf 90' lang='lat' dir='ltr'>unice</span> <span class='ocrx_word' id='word_1_148' title='bbox 698 1764 913 1850; x_wconf 85' lang='lat' dir='ltr'>philosophiam</span> <span class='ocrx_word' id='word_1_149' title='bbox 933 1762 1114 1824; x_wconf 88' lang='lat' dir='ltr'>tractandam</span> <span class='ocrx_word' id='word_1_150' title='bbox 1133 1762 1322 1824; x_wconf 88' lang='lat' dir='ltr'>salutarehoc</span> 
     </span>
     <span class='ocr_line' id='line_1_17' title="bbox 83 1857 1323 1944; baseline 0.005 -30"><span class='ocrx_word' id='word_1_151' title='bbox 83 1857 247 1939; x_wconf 82' lang='lat' dir='ltr'>philosophi</span> <span class='ocrx_word' id='word_1_152' title='bbox 274 1877 460 1943; x_wconf 89' lang='lat' dir='ltr'>praeceptum</span> <span class='ocrx_word' id='word_1_153' title='bbox 488 1877 546 1923; x_wconf 90' lang='lat' dir='ltr'>est:</span> <span class='ocrx_word' id='word_1_154' title='bbox 579 1864 636 1923; x_wconf 88' lang='lat' dir='ltr'>late</span> <span class='ocrx_word' id='word_1_155' title='bbox 666 1877 746 1944; x_wconf 88' lang='lat' dir='ltr'>patet</span> <span class='ocrx_word' id='word_1_156' title='bbox 775 1885 828 1944; x_wconf 91' lang='lat' dir='ltr'>per</span> <span class='ocrx_word' id='word_1_157' title='bbox 848 1863 1030 1943; x_wconf 80' lang='lat' dir='ltr'>grauissimos</span> <span class='ocrx_word' id='word_1_158' title='bbox 1049 1881 1176 1942; x_wconf 88' lang='lat' dir='ltr'>quosque</span> <span class='ocrx_word' id='word_1_159' title='bbox 1197 1859 1323 1941; x_wconf 83' lang='lat' dir='ltr'>philosa-</span> 
     </span>
     <span class='ocr_line' id='line_1_18' title="bbox 85 1955 1322 2042; baseline 0.003 -28"><span class='ocrx_word' id='word_1_160' title='bbox 85 1955 166 2033; x_wconf 87' lang='lat' dir='ltr'>phiae</span> <span class='ocrx_word' id='word_1_161' title='bbox 196 1956 290 2018; x_wconf 85' lang='lat' dir='ltr'>locos:</span> <span class='ocrx_word' id='word_1_162' title='bbox 320 1973 361 2018; x_wconf 91' lang='lat' dir='ltr'>est</span> <span class='ocrx_word' id='word_1_163' title='bbox 393 1960 466 2020; x_wconf 90' lang='lat' dir='ltr'>adeo</span> <span class='ocrx_word' id='word_1_164' title='bbox 487 1983 553 2021; x_wconf 91' lang='lat' dir='ltr'>cum</span> <span class='ocrx_word' id='word_1_165' title='bbox 574 1961 773 2042; x_wconf 81' lang='lat' dir='ltr'>metaphysica</span> <span class='ocrx_word' id='word_1_166' title='bbox 794 1962 922 2021; x_wconf 90' lang='lat' dir='ltr'>Platonis</span> <span class='ocrx_word' id='word_1_167' title='bbox 941 1963 1003 2022; x_wconf 81' lang='lat' dir='ltr'>siue</span> <span class='ocrx_word' id='word_1_168' title='bbox 1024 1961 1087 2020; x_wconf 89' lang='lat' dir='ltr'>veri</span> <span class='ocrx_word' id='word_1_169' title='bbox 1107 1959 1241 2020; x_wconf 88' lang='lat' dir='ltr'>doctrina</span> <span class='ocrx_word' id='word_1_170' title='bbox 1262 1979 1322 2018; x_wconf 85' lang='lat' dir='ltr'>arc·</span> 
     </span>
     <span class='ocr_line' id='line_1_19' title="bbox 85 2053 1323 2139; baseline 0.002 -27"><span class='ocrx_word' id='word_1_171' title='bbox 85 2053 190 2118; x_wconf 85' lang='lat' dir='ltr'>tissime</span> <span class='ocrx_word' id='word_1_172' title='bbox 212 2059 412 2134; x_wconf 85' lang='lat' dir='ltr'>conjunctum.</span> <span class='ocrx_word' id='word_1_173' title='bbox 456 2061 547 2136; x_wconf 88' lang='lat' dir='ltr'>Nam,</span> <span class='ocrx_word' id='word_1_174' title='bbox 568 2059 810 2138; x_wconf 88' lang='lat' dir='ltr'>quemadmodum</span> <span class='ocrx_word' id='word_1_175' title='bbox 832 2059 898 2133; x_wconf 88' lang='lat' dir='ltr'>ille,</span> <span class='ocrx_word' id='word_1_176' title='bbox 918 2059 996 2138; x_wconf 89' lang='lat' dir='ltr'>quod</span> <span class='ocrx_word' id='word_1_177' title='bbox 1011 2060 1094 2137; x_wconf 86' lang='lat' dir='ltr'>ajunt</span> <span class='ocrx_word' id='word_1_178' title='bbox 1115 2055 1323 2139; x_wconf 89' lang='lat' dir='ltr'>metaphysici,</span> 
     </span>
     <span class='ocr_line' id='line_1_20' title="bbox 86 2155 881 2239; baseline 0.011 -31"><span class='ocrx_word' id='word_1_179' title='bbox 86 2160 223 2230; x_wconf 63' lang='lat' dir='ltr'>apr-iord</span> <span class='ocrx_word' id='word_1_180' title='bbox 242 2155 462 2237; x_wconf 90' lang='lat' dir='ltr'>philosophatus</span> <span class='ocrx_word' id='word_1_181' title='bbox 483 2159 536 2234; x_wconf 87' lang='lat' dir='ltr'>sit,</span> <span class='ocrx_word' id='word_1_182' title='bbox 557 2156 627 2218; x_wconf 89' lang='lat' dir='ltr'>hinc</span> <span class='ocrx_word' id='word_1_183' title='bbox 649 2171 728 2239; x_wconf 88' lang='lat' dir='ltr'>patet</span> <span class='ocrx_word' id='word_1_184' title='bbox 748 2159 881 2220; x_wconf 82' lang='lat' dir='ltr'>maxime.</span> 
     </span>
    </p>
   </div>
   <div class='ocr_carea' id='block_1_3' title="bbox 119 2351 1276 2630">
    <p class='ocr_par' dir='ltr' id='par_1_3' title="bbox 119 2351 1276 2630">
     <span class='ocr_line' id='line_1_21' title="bbox 272 2351 1130 2431; baseline 0.002 -21"><span class='ocrx_word' id='word_1_185' title='bbox 272 2351 357 2430; x_wconf 79' lang='lat' dir='ltr'>Quo</span> <span class='ocrx_word' id='word_1_186' title='bbox 386 2363 623 2430; x_wconf 79' lang='lat' dir='ltr'>praestitit</span> <span class='ocrx_word' id='word_1_187' title='bbox 654 2363 823 2414; x_wconf 79' lang='lat' dir='ltr'>ratione</span> <span class='ocrx_word' id='word_1_188' title='bbox 855 2354 994 2427; x_wconf 84' lang='lat' dir='ltr'>Plato,</span> <span class='ocrx_word' id='word_1_189' title='bbox 1024 2354 1130 2431; x_wconf 79' lang='lat' dir='ltr'>quod</span> 
     </span>
     <span class='ocr_line' id='line_1_22' title="bbox 119 2453 1276 2532; baseline 0.002 -26"><span class='ocrx_word' id='word_1_190' title='bbox 119 2453 347 2524; x_wconf 74' lang='lat' dir='ltr'>poa-tulare</span> <span class='ocrx_word' id='word_1_191' title='bbox 383 2476 401 2511; x_wconf 87' lang='grc' dir='ltr'><em>α</em></span> <span class='ocrx_word' id='word_1_192' title='bbox 430 2455 701 2530; x_wconf 79' lang='lat' dir='ltr'>philosophia</span> <span class='ocrx_word' id='word_1_193' title='bbox 732 2456 1015 2532; x_wconf 75' lang='lat' dir='ltr'>metrophysici</span> <span class='ocrx_word' id='word_1_194' title='bbox 1047 2454 1199 2525; x_wconf 78' lang='lat' dir='ltr'>solent,</span> <span class='ocrx_word' id='word_1_195' title='bbox 1231 2460 1276 2508; x_wconf 83' lang='lat' dir='ltr'>ut</span> 
     </span>
     <span class='ocr_line' id='line_1_23' title="bbox 380 2551 1020 2630; baseline 0.002 -23"><span class='ocrx_word' id='word_1_196' title='bbox 380 2573 398 2607; x_wconf 87' lang='lat' dir='ltr'>o</span> <span class='ocrx_word' id='word_1_197' title='bbox 425 2560 572 2628; x_wconf 82' lang='lat' dir='ltr'>priori</span> <span class='ocrx_word' id='word_1_198' title='bbox 600 2551 1020 2630; x_wconf 73' lang='lat' dir='ltr'>philosopharetur?</span> 
     </span>
    </p>
   </div>
   <div class='ocr_carea' id='block_1_4' title="bbox 79 2730 1320 3809">
    <p class='ocr_par' dir='ltr' id='par_1_4' title="bbox 79 2730 1320 3809">
     <span class='ocr_line' id='line_1_24' title="bbox 94 2730 1317 2828; baseline 0.003 -28"><span class='ocrx_word' id='word_1_199' title='bbox 94 2730 224 2802; x_wconf 73' lang='lat' dir='ltr'>¹Erexit</span> <span class='ocrx_word' id='word_1_200' title='bbox 255 2767 307 2805; x_wconf 88' lang='lat' dir='ltr'>nos</span> <span class='ocrx_word' id='word_1_201' title='bbox 333 2748 468 2828; x_wconf 86' lang='lat' dir='ltr'>Cratylus</span> <span class='ocrx_word' id='word_1_202' title='bbox 490 2748 619 2808; x_wconf 86' lang='lat' dir='ltr'>Platonis</span> <span class='ocrx_word' id='word_1_203' title='bbox 644 2761 672 2806; x_wconf 90' lang='lat' dir='ltr'>et</span> <span class='ocrx_word' id='word_1_204' title='bbox 691 2762 750 2808; x_wconf 90' lang='lat' dir='ltr'>tota</span> <span class='ocrx_word' id='word_1_205' title='bbox 767 2747 837 2808; x_wconf 91' lang='lat' dir='ltr'>haec</span> <span class='ocrx_word' id='word_1_206' title='bbox 857 2761 954 2809; x_wconf 90' lang='lat' dir='ltr'>nostra</span> <span class='ocrx_word' id='word_1_207' title='bbox 975 2745 1011 2805; x_wconf 91' lang='lat' dir='ltr'>de</span> <span class='ocrx_word' id='word_1_208' title='bbox 1032 2746 1199 2825; x_wconf 81' lang='lat' dir='ltr'>linguarum</span> <span class='ocrx_word' id='word_1_209' title='bbox 1219 2743 1317 2825; x_wconf 89' lang='lat' dir='ltr'>philo·</span> 
     </span>
     <span class='ocr_line' id='line_1_25' title="bbox 81 2839 1316 2925; baseline 0.003 -31"><span class='ocrx_word' id='word_1_210' title='bbox 81 2839 176 2918; x_wconf 90' lang='lat' dir='ltr'>sophia</span> <span class='ocrx_word' id='word_1_211' title='bbox 205 2841 376 2925; x_wconf 86' lang='lat' dir='ltr'>disceptatio</span> <span class='ocrx_word' id='word_1_212' title='bbox 406 2845 444 2905; x_wconf 90' lang='lat' dir='ltr'>ad</span> <span class='ocrx_word' id='word_1_213' title='bbox 475 2846 640 2906; x_wconf 84' lang='lat' dir='ltr'>Platonicae</span> <span class='ocrx_word' id='word_1_214' title='bbox 662 2845 830 2906; x_wconf 85' lang='lat' dir='ltr'>dialecticae</span> <span class='ocrx_word' id='word_1_215' title='bbox 852 2845 1018 2924; x_wconf 81' lang='lat' dir='ltr'>fastigium,</span> <span class='ocrx_word' id='word_1_216' title='bbox 1051 2843 1129 2922; x_wconf 91' lang='lat' dir='ltr'>quod</span> <span class='ocrx_word' id='word_1_217' title='bbox 1149 2840 1316 2920; x_wconf 88' lang='lat' dir='ltr'>hujusmodi</span> 
     </span>
     <span class='ocr_line' id='line_1_26' title="bbox 82 2939 1317 3024; baseline 0.002 -28"><span class='ocrx_word' id='word_1_218' title='bbox 82 2951 131 3010; x_wconf 86' lang='lat' dir='ltr'>est,</span> <span class='ocrx_word' id='word_1_219' title='bbox 163 2952 195 2998; x_wconf 90' lang='lat' dir='ltr'>ut</span> <span class='ocrx_word' id='word_1_220' title='bbox 223 2961 282 3000; x_wconf 92' lang='lat' dir='ltr'>non</span> <span class='ocrx_word' id='word_1_221' title='bbox 310 2944 349 3004; x_wconf 86' lang='lat' dir='ltr'>¹ab</span> <span class='ocrx_word' id='word_1_222' title='bbox 377 2943 591 3024; x_wconf 81' lang='lat' dir='ltr'>hypothesibus</span> <span class='ocrx_word' id='word_1_223' title='bbox 611 2943 838 3018; x_wconf 89' lang='lat' dir='ltr'>descendamus,</span> <span class='ocrx_word' id='word_1_224' title='bbox 868 2942 919 3002; x_wconf 89' lang='lat' dir='ltr'>sed</span> <span class='ocrx_word' id='word_1_225' title='bbox 940 2942 977 3006; x_wconf 83' lang='lat' dir='ltr'>ad</span> <span class='ocrx_word' id='word_1_226' title='bbox 999 2942 1144 3022; x_wconf 84' lang='lat' dir='ltr'>principia</span> <span class='ocrx_word' id='word_1_227' title='bbox 1163 2939 1317 3002; x_wconf 87' lang='lat' dir='ltr'>tendamus</span> 
     </span>
     <span class='ocr_line' id='line_1_27' title="bbox 81 3027 1320 3121; baseline 0.005 -31"><span class='ocrx_word' id='word_1_228' title='bbox 81 3027 258 3098; x_wconf 65' lang='lat' dir='ltr'>donnicato.</span> <span class='ocrx_word' id='word_1_229' title='bbox 301 3041 336 3100; x_wconf 93' lang='lat' dir='ltr'>Id</span> <span class='ocrx_word' id='word_1_230' title='bbox 353 3041 439 3120; x_wconf 91' lang='lat' dir='ltr'>quale</span> <span class='ocrx_word' id='word_1_231' title='bbox 460 3043 516 3113; x_wconf 90' lang='lat' dir='ltr'>sit,</span> <span class='ocrx_word' id='word_1_232' title='bbox 538 3063 553 3100; x_wconf 93' lang='lat' dir='ltr'>e</span> <span class='ocrx_word' id='word_1_233' title='bbox 574 3041 728 3116; x_wconf 86' lang='lat' dir='ltr'>methodo,</span> <span class='ocrx_word' id='word_1_234' title='bbox 760 3043 817 3121; x_wconf 81' lang='lat' dir='ltr'>qua</span> <span class='ocrx_word' id='word_1_235' title='bbox 839 3062 907 3100; x_wconf 91' lang='lat' dir='ltr'>usus</span> <span class='ocrx_word' id='word_1_236' title='bbox 927 3039 1118 3121; x_wconf 90' lang='lat' dir='ltr'>philosophus</span> <span class='ocrx_word' id='word_1_237' title='bbox 1139 3051 1199 3112; x_wconf 91' lang='lat' dir='ltr'>est,</span> <span class='ocrx_word' id='word_1_238' title='bbox 1230 3058 1320 3118; x_wconf 65' lang='lat' dir='ltr'>supra⁸</span> 
     </span>
     <span class='ocr_line' id='line_1_28' title="bbox 80 3126 1317 3224; baseline 0.001 -31"><span class='ocrx_word' id='word_1_239' title='bbox 80 3135 226 3198; x_wconf 87' lang='lat' dir='ltr'>docuimus</span> <span class='ocrx_word' id='word_1_240' title='bbox 248 3139 286 3220; x_wconf 90' lang='lat' dir='ltr'>l):</span> <span class='ocrx_word' id='word_1_241' title='bbox 329 3161 408 3198; x_wconf 91' lang='lat' dir='ltr'>nunc</span> <span class='ocrx_word' id='word_1_242' title='bbox 426 3126 669 3219; x_wconf 78' lang='lat' dir='ltr'>quemadmodum</span> <span class='ocrx_word' id='word_1_243' title='bbox 691 3142 746 3224; x_wconf 90' lang='lat' dir='ltr'>ipsi</span> <span class='ocrx_word' id='word_1_244' title='bbox 766 3139 982 3222; x_wconf 86' lang='lat' dir='ltr'>philosophiae,</span> <span class='ocrx_word' id='word_1_245' title='bbox 1003 3137 1041 3197; x_wconf 90' lang='lat' dir='ltr'>ad</span> <span class='ocrx_word' id='word_1_246' title='bbox 1063 3127 1248 3212; x_wconf 76' lang='lat' dir='ltr'>veri,aairoai</span> <span class='ocrx_word' id='word_1_247' title='bbox 1260 3131 1317 3194; x_wconf 74' lang='grc' dir='ltr'>τοῦ</span> 
     </span>
     <span class='ocr_line' id='line_1_29' title="bbox 81 3226 1318 3318; baseline 0.003 -26"><span class='ocrx_word' id='word_1_248' title='bbox 81 3226 178 3310; x_wconf 74' lang='grc' dir='ltr'><em>ὄντος,</em></span> <span class='ocrx_word' id='word_1_249' title='bbox 196 3238 347 3297; x_wconf 86' lang='lat' dir='ltr'>scientiam</span> <span class='ocrx_word' id='word_1_250' title='bbox 368 3238 591 3316; x_wconf 87' lang='lat' dir='ltr'>assequendam,</span> <span class='ocrx_word' id='word_1_251' title='bbox 613 3238 814 3298; x_wconf 88' lang='lat' dir='ltr'>adhibendum</span> <span class='ocrx_word' id='word_1_252' title='bbox 836 3238 891 3313; x_wconf 80' lang='lat' dir='ltr'>s&#39;rt,</span> <span class='ocrx_word' id='word_1_253' title='bbox 913 3239 1064 3316; x_wconf 84' lang='lat' dir='ltr'>exquirere</span> <span class='ocrx_word' id='word_1_254' title='bbox 1084 3250 1203 3318; x_wconf 90' lang='lat' dir='ltr'>oportet.</span> <span class='ocrx_word' id='word_1_255' title='bbox 1245 3237 1318 3296; x_wconf 89' lang='lat' dir='ltr'>Nam</span> 
     </span>
     <span class='ocr_line' id='line_1_30' title="bbox 81 3334 1317 3418; baseline 0.002 -26"><span class='ocrx_word' id='word_1_256' title='bbox 81 3337 265 3418; x_wconf 87' lang='lat' dir='ltr'>metaphysici</span> <span class='ocrx_word' id='word_1_257' title='bbox 282 3338 360 3411; x_wconf 83' lang='lat' dir='ltr'>fere,</span> <span class='ocrx_word' id='word_1_258' title='bbox 379 3337 511 3415; x_wconf 81' lang='lat' dir='ltr'>quamuis</span> <span class='ocrx_word' id='word_1_259' title='bbox 530 3337 563 3395; x_wconf 90' lang='lat' dir='ltr'>iu</span> <span class='ocrx_word' id='word_1_260' title='bbox 582 3338 690 3397; x_wconf 89' lang='lat' dir='ltr'>caussis</span> <span class='ocrx_word' id='word_1_261' title='bbox 708 3336 899 3416; x_wconf 82' lang='lat' dir='ltr'>exquirendis</span> <span class='ocrx_word' id='word_1_262' title='bbox 916 3335 954 3394; x_wconf 89' lang='lat' dir='ltr'>ad</span> <span class='ocrx_word' id='word_1_263' title='bbox 974 3335 1109 3400; x_wconf 88' lang='lat' dir='ltr'>sublimia</span> <span class='ocrx_word' id='word_1_264' title='bbox 1133 3334 1230 3394; x_wconf 88' lang='lat' dir='ltr'>omnia</span> <span class='ocrx_word' id='word_1_265' title='bbox 1250 3354 1317 3394; x_wconf 92' lang='lat' dir='ltr'>con·</span> 
     </span>
     <span class='ocr_line' id='line_1_31' title="bbox 80 3431 1318 3516; baseline 0 -24"><span class='ocrx_word' id='word_1_266' title='bbox 80 3435 244 3509; x_wconf 85' lang='lat' dir='ltr'>tenderent,</span> <span class='ocrx_word' id='word_1_267' title='bbox 274 3435 306 3493; x_wconf 86' lang='lat' dir='ltr'>in</span> <span class='ocrx_word' id='word_1_268' title='bbox 326 3435 388 3516; x_wconf 91' lang='lat' dir='ltr'>ipsa</span> <span class='ocrx_word' id='word_1_269' title='bbox 404 3449 500 3494; x_wconf 88' lang='lat' dir='ltr'>tamen</span> <span class='ocrx_word' id='word_1_270' title='bbox 517 3434 743 3516; x_wconf 89' lang='lat' dir='ltr'>philosophandi</span> <span class='ocrx_word' id='word_1_271' title='bbox 766 3436 878 3496; x_wconf 88' lang='lat' dir='ltr'>ratione</span> <span class='ocrx_word' id='word_1_272' title='bbox 899 3434 937 3494; x_wconf 89' lang='lat' dir='ltr'>ab</span> <span class='ocrx_word' id='word_1_273' title='bbox 961 3432 1074 3492; x_wconf 91' lang='lat' dir='ltr'>ultimis</span> <span class='ocrx_word' id='word_1_274' title='bbox 1095 3432 1250 3512; x_wconf 88' lang='lat' dir='ltr'>principiis</span> <span class='ocrx_word' id='word_1_275' title='bbox 1267 3431 1318 3492; x_wconf 90' lang='lat' dir='ltr'>de·</span> 
     </span>
     <span class='ocr_line' id='line_1_32' title="bbox 80 3528 1319 3614; baseline -0.003 -24"><span class='ocrx_word' id='word_1_276' title='bbox 80 3533 270 3592; x_wconf 87' lang='lat' dir='ltr'>scenderunt:</span> <span class='ocrx_word' id='word_1_277' title='bbox 292 3532 371 3612; x_wconf 92' lang='lat' dir='ltr'>quod</span> <span class='ocrx_word' id='word_1_278' title='bbox 387 3532 584 3614; x_wconf 84' lang='lat' dir='ltr'>philosophari</span> <span class='ocrx_word' id='word_1_279' title='bbox 603 3554 622 3590; x_wconf 88' lang='lat' dir='ltr'>o</span> <span class='ocrx_word' id='word_1_280' title='bbox 636 3539 741 3609; x_wconf 68' lang='lat' dir='ltr'>priora</span> <span class='ocrx_word' id='word_1_281' title='bbox 763 3531 907 3596; x_wconf 81' lang='lat' dir='ltr'>uocabant</span> <span class='ocrx_word' id='word_1_282' title='bbox 924 3529 965 3611; x_wconf 85' lang='lat'>2).</span> <span class='ocrx_word' id='word_1_283' title='bbox 1007 3532 1044 3588; x_wconf 93' lang='lat' dir='ltr'>In</span> <span class='ocrx_word' id='word_1_284' title='bbox 1065 3531 1151 3590; x_wconf 90' lang='lat' dir='ltr'>rebus</span> <span class='ocrx_word' id='word_1_285' title='bbox 1169 3528 1319 3608; x_wconf 79' lang='lat' dir='ltr'>physicis,</span> 
     </span>
     <span class='ocr_line' id='line_1_33' title="bbox 80 3626 1317 3712; baseline -0.002 -26"><span class='ocrx_word' id='word_1_286' title='bbox 80 3631 173 3690; x_wconf 75' lang='lat' dir='ltr'>caused</span> <span class='ocrx_word' id='word_1_287' title='bbox 202 3632 332 3690; x_wconf 92' lang='lat' dir='ltr'>omnium</span> <span class='ocrx_word' id='word_1_288' title='bbox 360 3631 487 3712; x_wconf 69' lang='lat' dir='ltr'>reperti,</span> <span class='ocrx_word' id='word_1_289' title='bbox 521 3629 593 3689; x_wconf 88' lang='lat' dir='ltr'>inde</span> <span class='ocrx_word' id='word_1_290' title='bbox 622 3630 728 3690; x_wconf 88' lang='lat' dir='ltr'>ducere</span> <span class='ocrx_word' id='word_1_291' title='bbox 756 3628 960 3690; x_wconf 87' lang='lat' dir='ltr'>ratiocinando</span> <span class='ocrx_word' id='word_1_292' title='bbox 981 3629 1076 3688; x_wconf 90' lang='lat' dir='ltr'>omnia</span> <span class='ocrx_word' id='word_1_293' title='bbox 1097 3626 1239 3686; x_wconf 86' lang='lat' dir='ltr'>solebant.</span> <span class='ocrx_word' id='word_1_294' title='bbox 1259 3681 1262 3688; x_wconf 79' lang='grc'>,</span> <span class='ocrx_word' id='word_1_295' title='bbox 1280 3626 1317 3684; x_wconf 90' lang='lat' dir='ltr'>In</span> 
     </span>
     <span class='ocr_line' id='line_1_34' title="bbox 79 3717 1317 3809; baseline -0.002 -24"><span class='ocrx_word' id='word_1_296' title='bbox 79 3728 279 3809; x_wconf 90' lang='lat' dir='ltr'>metaphysicis</span> <span class='ocrx_word' id='word_1_297' title='bbox 300 3743 412 3806; x_wconf 89' lang='lat' dir='ltr'>autem,</span> <span class='ocrx_word' id='word_1_298' title='bbox 441 3750 514 3809; x_wconf 89' lang='lat' dir='ltr'>quae</span> <span class='ocrx_word' id='word_1_299' title='bbox 536 3728 680 3790; x_wconf 88' lang='lat' dir='ltr'>vocabant</span> <span class='ocrx_word' id='word_1_300' title='bbox 691 3774 700 3803; x_wconf 89' lang='lat'>,</span> <span class='ocrx_word' id='word_1_301' title='bbox 715 3717 888 3788; x_wconf 78' lang='lat' dir='ltr'>¹tractandis</span> <span class='ocrx_word' id='word_1_302' title='bbox 906 3727 944 3787; x_wconf 90' lang='lat' dir='ltr'>ad</span> <span class='ocrx_word' id='word_1_303' title='bbox 966 3728 1058 3790; x_wconf 83' lang='lat' dir='ltr'>Deum</span> <span class='ocrx_word' id='word_1_304' title='bbox 1078 3725 1138 3787; x_wconf 86' lang='lat' dir='ltr'>fere</span> <span class='ocrx_word' id='word_1_305' title='bbox 1158 3723 1317 3805; x_wconf 82' lang='lat' dir='ltr'>peruenie-</span> 
     </span>
    </p>
   </div>
   <div class='ocr_carea' id='block_1_5' title="bbox 108 4003 1314 4161">
    <p class='ocr_par' dir='ltr' id='par_1_5' title="bbox 108 4003 1314 4161">
     <span class='ocr_line' id='line_1_35' title="bbox 114 4003 428 4074; baseline 0.016 -22"><span class='ocrx_word' id='word_1_306' title='bbox 114 4003 139 4067; x_wconf 86' lang='grc'>1)</span> <span class='ocrx_word' id='word_1_307' title='bbox 157 4007 234 4058; x_wconf 76' lang='lat' dir='ltr'>latitia</span> <span class='ocrx_word' id='word_1_308' title='bbox 246 4024 271 4074; x_wconf 91' lang='lat' dir='ltr'>p.</span> <span class='ocrx_word' id='word_1_309' title='bbox 286 4006 351 4069; x_wconf 72' lang='lat'>234,</span> <span class='ocrx_word' id='word_1_310' title='bbox 368 4006 428 4059; x_wconf 79' lang='lat'><strong>286.</strong></span> 
     </span>
     <span class='ocr_line' id='line_1_36' title="bbox 108 4087 1314 4161; baseline -0.002 -21"><span class='ocrx_word' id='word_1_311' title='bbox 108 4087 133 4151; x_wconf 81' lang='lat'>2)</span> <span class='ocrx_word' id='word_1_312' title='bbox 155 4091 343 4144; x_wconf 80' lang='lat' dir='ltr'>Aristotelicas</span> <span class='ocrx_word' id='word_1_313' title='bbox 362 4093 472 4144; x_wconf 89' lang='lat' dir='ltr'>studium</span> <span class='ocrx_word' id='word_1_314' title='bbox 484 4092 668 4161; x_wconf 85' lang='lat' dir='ltr'>philosophiae</span> <span class='ocrx_word' id='word_1_315' title='bbox 681 4094 744 4144; x_wconf 88' lang='lat' dir='ltr'>hanc</span> <span class='ocrx_word' id='word_1_316' title='bbox 759 4094 845 4145; x_wconf 88' lang='lat' dir='ltr'>medio</span> <span class='ocrx_word' id='word_1_317' title='bbox 861 4108 927 4144; x_wconf 85' lang='lat' dir='ltr'>aevo</span> <span class='ocrx_word' id='word_1_318' title='bbox 949 4091 1060 4160; x_wconf 87' lang='lat' dir='ltr'>protulit</span> <span class='ocrx_word' id='word_1_319' title='bbox 1073 4089 1182 4142; x_wconf 83' lang='lat' dir='ltr'>harbure</span> <span class='ocrx_word' id='word_1_320' title='bbox 1197 4090 1234 4140; x_wconf 89' lang='lat' dir='ltr'>sic</span> <span class='ocrx_word' id='word_1_321' title='bbox 1247 4103 1314 4138; x_wconf 91' lang='lat' dir='ltr'>nun-</span> 
     </span>
    </p>
   </div>
   <div class='ocr_carea' id='block_1_6' title="bbox 80 4176 1420 4332">
    <p class='ocr_par' dir='ltr' id='par_1_6' title="bbox 80 4176 1420 4332">
     <span class='ocr_line' id='line_1_37' title="bbox 80 4176 1420 4247; baseline -0.004 -22"><span class='ocrx_word' id='word_1_322' title='bbox 80 4184 196 4241; x_wconf 85' lang='lat' dir='ltr'>cupatam</span> <span class='ocrx_word' id='word_1_323' title='bbox 215 4195 232 4227; x_wconf 83' lang='lat' dir='ltr'>a</span> <span class='ocrx_word' id='word_1_324' title='bbox 253 4180 337 4245; x_wconf 83' lang='lat' dir='ltr'>priori</span> <span class='ocrx_word' id='word_1_325' title='bbox 350 4179 535 4246; x_wconf 77' lang='lat' dir='ltr'>philosophiam.</span> <span class='ocrx_word' id='word_1_326' title='bbox 572 4179 663 4247; x_wconf 82' lang='lat' dir='ltr'>Longe</span> <span class='ocrx_word' id='word_1_327' title='bbox 679 4180 730 4230; x_wconf 90' lang='lat' dir='ltr'>alia</span> <span class='ocrx_word' id='word_1_328' title='bbox 749 4188 804 4242; x_wconf 90' lang='lat' dir='ltr'>est,</span> <span class='ocrx_word' id='word_1_329' title='bbox 830 4194 896 4247; x_wconf 90' lang='lat' dir='ltr'>quae</span> <span class='ocrx_word' id='word_1_330' title='bbox 915 4177 952 4229; x_wconf 92' lang='lat' dir='ltr'>illi</span> <span class='ocrx_word' id='word_1_331' title='bbox 972 4177 1067 4229; x_wconf 91' lang='lat' dir='ltr'>eodem</span> <span class='ocrx_word' id='word_1_332' title='bbox 1085 4176 1190 4227; x_wconf 88' lang='lat' dir='ltr'>nomine</span> <span class='ocrx_word' id='word_1_333' title='bbox 1208 4187 1316 4222; x_wconf 86' lang='lat' dir='ltr'>succes·</span> <span class='ocrx_word' id='word_1_334' title='bbox 1419 4187 1420 4194; x_wconf 53' lang='lat'>¹</span> 
     </span>
     <span class='ocr_line' id='line_1_38' title="bbox 80 4256 1419 4332; baseline -0.002 -26"><span class='ocrx_word' id='word_1_335' title='bbox 80 4259 111 4308; x_wconf 88' lang='lat' dir='ltr'>sit</span> <span class='ocrx_word' id='word_1_336' title='bbox 122 4263 256 4327; x_wconf 86' lang='lat' dir='ltr'>superiore</span> <span class='ocrx_word' id='word_1_337' title='bbox 281 4263 404 4326; x_wconf 89' lang='lat' dir='ltr'>saeculo,</span> <span class='ocrx_word' id='word_1_338' title='bbox 423 4279 454 4314; x_wconf 89' lang='lat' dir='ltr'>ac</span> <span class='ocrx_word' id='word_1_339' title='bbox 473 4263 621 4314; x_wconf 85' lang='lat' dir='ltr'>Platonicae</span> <span class='ocrx_word' id='word_1_340' title='bbox 639 4265 833 4332; x_wconf 83' lang='lat' dir='ltr'>congruentior.</span> <span class='ocrx_word' id='word_1_341' title='bbox 871 4263 941 4315; x_wconf 89' lang='lat' dir='ltr'>Haec</span> <span class='ocrx_word' id='word_1_342' title='bbox 962 4261 1045 4331; x_wconf 87' lang='lat' dir='ltr'>qualis</span> <span class='ocrx_word' id='word_1_343' title='bbox 1065 4263 1114 4324; x_wconf 89' lang='lat' dir='ltr'>sit,</span> <span class='ocrx_word' id='word_1_344' title='bbox 1131 4260 1252 4321; x_wconf 85' lang='lat' dir='ltr'>deinceps</span> <span class='ocrx_word' id='word_1_345' title='bbox 1267 4256 1316 4305; x_wconf 89' lang='lat' dir='ltr'>erit</span> <span class='ocrx_word' id='word_1_346' title='bbox 1418 4275 1419 4290; x_wconf 50' lang='lat' dir='ltr'>i</span> 
     </span>
    </p>
   </div>
   <div class='ocr_carea' id='block_1_7' title="bbox 74 4339 1409 4482">
    <p class='ocr_par' dir='ltr' id='par_1_7' title="bbox 74 4339 1409 4482">
     <span class='ocr_line' id='line_1_39' title="bbox 74 4339 1409 4410; baseline 0 -19"><span class='ocrx_word' id='word_1_347' title='bbox 74 4344 279 4410; x_wconf 79' lang='lat' dir='ltr'>significandum:</span> <span class='ocrx_word' id='word_1_348' title='bbox 295 4365 377 4410; x_wconf 89' lang='lat' dir='ltr'>nunc,</span> <span class='ocrx_word' id='word_1_349' title='bbox 396 4364 429 4399; x_wconf 93' lang='lat' dir='ltr'>ne</span> <span class='ocrx_word' id='word_1_350' title='bbox 446 4365 502 4398; x_wconf 84' lang='lat' dir='ltr'>curn</span> <span class='ocrx_word' id='word_1_351' title='bbox 518 4349 684 4400; x_wconf 82' lang='lat' dir='ltr'>Aristotelica</span> <span class='ocrx_word' id='word_1_352' title='bbox 700 4365 754 4399; x_wconf 87' lang='lat' dir='ltr'>cem</span> <span class='ocrx_word' id='word_1_353' title='bbox 772 4348 1004 4410; x_wconf 86' lang='lat' dir='ltr'>confunderemus,</span> <span class='ocrx_word' id='word_1_354' title='bbox 1022 4347 1104 4399; x_wconf 86' lang='lat' dir='ltr'>verbo</span> <span class='ocrx_word' id='word_1_355' title='bbox 1122 4346 1169 4396; x_wconf 87' lang='lat' dir='ltr'>hoc</span> <span class='ocrx_word' id='word_1_356' title='bbox 1181 4340 1314 4394; x_wconf 76' lang='lat' dir='ltr'>montrisse</span> <span class='ocrx_word' id='word_1_357' title='bbox 1407 4339 1409 4344; x_wconf 82' lang='lat'>&#39;</span> 
     </span>
     <span class='ocr_line' id='line_1_40' title="bbox 78 4429 1382 4482; baseline 0.004 -6"><span class='ocrx_word' id='word_1_358' title='bbox 78 4429 188 4482; x_wconf 84' lang='lat' dir='ltr'>sufficiet.</span> <span class='ocrx_word' id='word_1_359' title='bbox 628 4441 633 4450; x_wconf 82' lang='grc'><strong>“</strong></span> <span class='ocrx_word' id='word_1_360' title='bbox 1380 4441 1382 4450; x_wconf 83' lang='grc'><strong>“</strong></span> 
     </span>
    </p>
   </div>
   <div class='ocr_carea' id='block_1_8' title="bbox 0 0 1448 5118">
    <p class='ocr_par' dir='ltr' id='par_1_8' title="bbox 0 0 1448 5118">
     <span class='ocr_line' id='line_1_41' title="bbox 0 0 1448 5118; baseline 0 2"><span class='ocrx_word' id='word_1_361' title='bbox 0 0 1448 5118; x_wconf 95' lang='lat' dir='ltr'> </span> 
     </span>
    </p>
   </div>
  </div>
 </body>
</html>
