2872 5122
733 209 782 269 ’76

135 374 340 435 bacchantium
359 373 450 431 instar
460 418 469 446 ,
489 393 525 430 ex
544 371 649 430 Bacchi
669 373 748 432 fonte
766 373 933 448 hauserint,
952 369 982 453 l)
999 393 1032 432 eo
1056 375 1178 454 irrigant
1197 375 1293 434 amasii
1314 378 1366 434 ani·

137 493 232 546 mum,
254 471 489 550 simillimumque
509 491 573 528 eum
594 467 726 540 efficiunt
740 473 800 531 Deo
819 493 878 531 suo.
901 469 933 551 2)
951 471 998 530 Sic
1018 495 1116 532 amans
1135 487 1258 532 ansatum
1269 520 1277 547 ,
1297 476 1366 551 quasi

136 571 185 629 hic
200 572 277 630 Deus
295 571 331 628 sit
351 571 425 650 ipsi,
444 583 582 647 tanquam
600 582 718 627 statuam
740 569 878 630 informat
906 585 934 630 et
961 585 1099 646 exornat,
1122 546 1220 652 utpole
1246 572 1367 630 culturus

138 689 204 728 eum
223 669 359 747 festisque
378 667 584 726 celebraturus.
607 663 639 746 3)

156 762 236 826 'Nec
255 781 351 826 tamen
370 766 411 825 ita
435 766 574 825 continuo
594 786 645 823 suo
664 765 784 845 quisque
804 768 908 826 amasio
936 766 1061 847 prodest.
1103 769 1175 827 Nam
1200 781 1231 831 ut
1250 770 1365 849 primum

139 867 203 945 quis
226 865 359 945 adspexit
376 862 514 924 divinum
533 862 618 922 illum
646 861 777 938 vultum,
799 865 850 943 qui
873 866 968 945 spirat
990 887 1131 940 amorem,
1153 867 1370 946 germinantibus

139 965 211 1038 alis,
230 963 325 1021 furore
346 961 502 1042 corripitur
520 960 789 1038 vehementissimo,
811 983 864 1021 nec
884 964 927 1020 sui
949 978 990 1022 est
1004 984 1126 1045 compos.
1149 965 1281 1044 Optimus
1297 965 1370 1022 etiam

141 1063 263 1142 quisque
296 1059 464 1133 libidinem,
490 1072 627 1137 tanquam
655 1081 760 1139 equum
787 1061 992 1137 ferocientem,
1022 1084 1103 1142 aegre
1131 1062 1246 1136 domat,
1274 1076 1300 1120 et
1324 1062 1371 1119 nisi

141 1159 330 1240 temperantia
350 1172 377 1216 et
396 1155 554 1229 fortitudo,
573 1179 631 1216 una
649 1179 715 1216 cum
733 1157 909 1240 prudentia,
930 1161 1020 1240 ipsius
1045 1160 1077 1218 in
1106 1162 1203 1220 auimo
1234 1162 1371 1240 vigerent,

143 1261 226 1318 freno
245 1262 373 1315 coercere
392 1270 502 1316 tantam
525 1255 681 1316 libidinem
701 1256 785 1316 nullo
804 1257 889 1316 modo
908 1271 1012 1338 posset.
1035 1258 1092 1318 Sed
1112 1260 1207 1318 vincit
1227 1257 1372 1339 prudentia

144 1378 209 1416 cum
236 1353 332 1414 studio
355 1353 469 1413 honesti
499 1356 672 1432 conjuncta,
695 1376 806 1434 quoque
833 1357 893 1437 ipse
918 1357 1041 1436 agitatur
1064 1377 1177 1431 amore,
1199 1357 1301 1437 eodem
1323 1358 1372 1434 jam

144 1455 249 1514 imbuit
266 1454 411 1513 amasium.
453 1453 524 1512 Nam
545 1466 577 1510 ut
600 1473 637 1510 ex
660 1452 714 1511 hoc
742 1455 867 1535 suscepit
884 1475 935 1534 per
953 1454 1051 1518 oculos
1074 1454 1286 1535 pulcritudinis
1305 1454 1374 1512 efflu-

144 1556 244 1628 vium,
265 1574 321 1631 quo
341 1549 464 1609 incaluit
482 1565 613 1630 totusque
633 1565 674 1609 est
692 1565 899 1626 commutatus,
921 1554 981 1628 sic,
1001 1554 1081 1614 venti
1104 1554 1195 1612 instar
1212 1568 1263 1612 aut
1279 1551 1373 1623 echirs,

145 1652 222 1712 redit
239 1652 321 1711 hicce
341 1645 444 1730 ἵμερος
462 1649 498 1726 ab
509 1663 628 1738 ,amante
649 1650 681 1707 in
701 1650 800 1708 amasii
820 1653 967 1725 animum,
983 1671 1103 1730 eumque
1124 1651 1225 1732 implet
1245 1671 1337 1710 amore
1353 1663 1375 1706 et

144 1751 225 1830 quasi
255 1753 355 1832 irrigat
383 1749 569 1827 emollitque,
602 1761 633 1806 ut
659 1749 767 1827 pariter
792 1748 922 1807 oriantur
953 1747 1025 1808 alae.
1067 1749 1166 1828 Itaque
1195 1748 1245 1807 hic
1275 1767 1375 1827 quoque

146 1863 238 1924 amat,
260 1848 310 1908 sed
339 1849 411 1928 quid
441 1861 514 1906 amet
540 1846 651 1920 nescit,
673 1866 726 1904 nec
756 1859 848 1926 potest
876 1845 1041 1921 declarare,
1062 1847 1134 1926 quid
1163 1847 1218 1926 ipsi
1247 1846 1375 1906 evenerit.

144 1948 191 2007 Fit
211 1962 305 2007 autem
323 1961 423 2006 mutuo
441 1945 494 2004 hoc
513 1965 607 2002 amore
617 1989 625 2018 ,
648 1957 680 2003 ut
698 1957 836 2022 tanquam
854 1945 887 2002 in
907 1943 1043 2025 speculo,
1064 1946 1097 2003 in
1118 1959 1231 2004 amante
1250 1945 1375 2022 semetip

142 2068 205 2106 sum
219 2045 371 2128 adspiciat:
391 2037 488 2124 olomeo
503 2038 538 2102 δὲ
554 2039 585 2101 ἐν
600 2035 758 2125 κατόπτρῳ
775 2038 806 2099 ἓν
820 2039 864 2124 τῷ
879 2039 984 2122 ἐρῶντι
1001 2037 1108 2102 ἔαυτόν
1122 2031 1205 2124 ὅρων
1220 2023 1338 2124 ta'tqti.
1352 2038 1376 2118 l)

143 2145 256 2204 Absens
284 2146 373 2224 igitur
402 2145 546 2206 desiderat
567 2165 650 2216 eum,
672 2158 703 2202 ut
720 2143 756 2202 ab
783 2165 816 2202 eo
843 2142 1023 2204 desideratur
1045 2147 1190 2221 vicissim,
1220 2167 1275 2204 nec
1304 2141 1376 2223 quid·

143 2265 227 2321 quam
248 2245 329 2323 cupit
349 2244 567 2317 vehementius,
587 2265 672 2326 quam
691 2257 722 2300 ut
741 2261 851 2321 semper
870 2263 936 2300 cum
957 2265 990 2302 eo
1014 2245 1050 2303 sit
1081 2266 1146 2303 una.
1189 2244 1226 2303 Et
1254 2245 1296 2303 sic
1320 2239 1377 2320 qui·

76 2407 81 2412 .
144 2341 210 2400 dem
227 2341 310 2399 ambo
328 2340 441 2400 beatam
465 2345 549 2420 atque
570 2339 741 2399 concordem
761 2354 938 2419 praesentem
965 2357 1054 2420 agunt
1075 2343 1183 2416 vitam,
1212 2341 1334 2402 modesti
1355 2338 1381 2394 et'

144 2439 330 2519 sibimetipsis
350 2439 537 2519 imperantes,
553 2439 698 2512 subactis,
719 2437 854 2516 equibus
873 2439 964 2513 vitia,
983 2440 1016 2498 iu
1031 2439 1192 2516 libertatem
1213 2437 1376 2505 vindicatis,

144 2537 285 2616 equibus
306 2538 428 2597 virtutes
448 2537 598 2613 oriuntur3
620 2537 725 2595 mortui
747 2557 834 2608 vero,
856 2539 1029 2618 recuperatis
1057 2536 1129 2611 alis,
1153 2553 1303 2618 praepetes
1322 2554 1376 2594 ero·

144 2636 225 2706 lant,
256 2657 321 2694 cum
349 2635 437 2694 trium
464 2636 652 2694 certaminum
681 2657 747 2695 vere
777 2633 991 2716 Olympicorum
1019 2657 1109 2694 unum
1129 2619 1376 2716 pervicerintzoai

144 2732 247 2812 μεῖζον
272 2725 392 2812 α’γαᾶὃν
413 2725 477 2792 οὔτε
500 2726 678 2815 σωφροσύνη
702 2729 879 2814 ἀνθρωπίνη
903 2727 969 2794 οὔτε
991 2731 1062 2794 θεία
1082 2731 1174 2812 μανία
1196 2730 1310 2816 δυνατή
1330 2735 1376 2792 no'·
1415 2751 1416 2808 ξ

146 2835 225 2919 ρίσαι
247 2828 413 2920 ἀνθρώπῳ·
440 2858 495 2913 quo
524 2858 596 2894 aona
620 2837 838 2916 praestabilius
859 2838 965 2894 bonum
984 2859 1037 2894 nec
1060 2837 1195 2894 humano
1213 2849 1378 2915 tomporon»
1415 2873 1416 2886 t

148 2948 212 3014 tia,
234 2962 287 2998 nec
308 2941 430 2997 divinus
441 2940 542 3012 furor
557 2937 670 2993 homini
690 2934 805 3012 offerre
825 2937 922 2992 ullum
938 2946 1044 3014 potest.
1067 2934 1098 3016 5)
1166 2989 1169 2998 ,
1415 2913 1416 2926 i

186 3039 232 3098 Sic
258 3060 276 3096 α
287 3062 316 3096 m
326 3061 340 3096 o
350 3045 412 3096 ria
436 3051 476 3096 est
496 3033 575 3115 apud
595 3033 743 3094 Platonem
762 3033 918 3092 arctissima
938 3057 1002 3094 cum
1014 3036 1136 3110 philo
1148 3057 1161 3092 a
1172 3056 1187 3091 o
1192 3055 1215 3110 p
1226 3035 1245 3090 h
1255 3043 1269 3090 a·
1279 3056 1298 3090 a
1318 3053 1376 3090 con·

141 3138 265 3216 junctio.
296 3139 452 3208 Commune
472 3134 619 3212 utriusque
639 3146 681 3191 est
700 3147 728 3191 et
748 3153 889 3192 summum
908 3133 1102 3213 propositum,
1123 3145 1154 3191 ut
1179 3131 1216 3190 ad
1236 3133 1377 3191 veritatem

146 3257 178 3296 ac
198 3237 370 3316 sapientiam
385 3232 510 3292 adducat
527 3231 675 3290 hominem
686 3277 693 3305 ,
723 3231 781 3290 imo
799 3229 902 3290 reddat
922 3231 1053 3305 homini,
1073 3252 1158 3310 quam
1178 3230 1291 3302 amisit,
1322 3224 1377 3284 seli·

147 3335 270 3394 citatem.
312 3333 385 3392 Nam
406 3346 438 3390 ut
456 3331 581 3389 restituit
600 3350 665 3386 eum
684 3328 870 3410 philosophia
889 3330 922 3388 in
942 3329 1140 3388 conditionem
1158 3329 1328 3409 pristinam,
1346 3325 1378 3381 itt

105 3490 107 3494 ,
147 3432 206 3492 alas
227 3434 252 3492 ei
273 3431 390 3512 adaptat
410 3449 505 3502 amor,
524 3426 630 3507 quibus
652 3427 783 3487 sublatus
810 3427 842 3486 in
869 3427 983 3486 beatum
1010 3427 1063 3486 Dei
1087 3429 1131 3486 sui
1160 3426 1241 3506 quasi
1269 3425 1378 3485 chorum

183 3726 208 3792 l)
227 3746 252 3795 p.
275 3727 333 3780 253.
358 3728 389 3780 Α.
413 3728 522 3779 Prorsus
546 3727 605 3778 hinc
627 3727 737 3778 alienum
761 3734 801 3778 est
818 3724 891 3776 lovis
915 3741 1025 3786 uomeu3
1052 3741 1110 3774 num
1134 3723 1167 3773 de
1191 3738 1223 3772 eo
1248 3723 1324 3787 ipso,
1342 3713 1378 3781 qui

150 3815 222 3867 lovis
239 3830 325 3866 comes
344 3816 442 3876 fuerat,
463 3830 548 3864 sermo
567 3822 622 3876 est,
644 3822 669 3863 ut
687 3828 746 3864 mox
766 3812 799 3863 de
817 3810 925 3863 lunonis
945 3812 1053 3872 comite3
1072 3812 1129 3876 ipsa
1147 3808 1300 3875 praesertim
1318 3802 1377 3852 ltac-

151 3907 256 3958 charum
278 3907 373 3960 mentio
391 3905 514 3956 abhorret
538 3921 553 3956 a
576 3904 648 3956 lovis
672 3903 803 3955 mentione
828 3903 902 3954 lacta.
939 3902 1024 3962 Quare
1048 3902 1086 3952 sic
1104 3899 1257 3968 legendum:
1281 3882 1332 3949 attia
1352 3880 1378 3941 itt

150 3989 293 4060 Διονύσου
319 3994 380 4076 (pro
398 3985 483 4080 Διός)
511 3985 671 4077 α’ρύτωσιν,
701 3989 798 4078 ὥσπερ
821 3992 851 4055 αἱ
872 3988 996 4076 βάκχαι,
1019 3991 1067 4054 ἐπὶ
1087 3986 1142 4074 τήν
1162 3992 1216 4054 τοῦ
1237 3983 1379 4074 ἐρωμένου

152 4093 256 4180 ψυχήν
278 4095 483 4170 mortuom
498 4135 537 4144 -

186 4199 212 4266 2)
231 4202 338 4253 Phaedr.
357 4197 416 4252 252.
436 4199 456 4252 G
476 4232 507 4242 —
525 4200 583 4254 253,

188 4284 214 4348 3)
233 4288 293 4338 ΕαΙ.
313 4283 371 4336 252.
390 4284 421 4336 D.

189 4369 420 4436 nfflmn

184 4455 499 4527 ammau-
