2886 5118
643 285 700 346 401

364 479 404 489 --
426 438 521 524 Χρεολ
542 440 580 504 δι’
599 465 632 508 σε
653 441 750 509 πάντα
771 446 945 526 πυθέσθαι,

302 537 381 624 η’μέν
402 539 554 628 οἰληθείηξ
571 542 725 625 εὐπειθέος
747 545 865 635 ιίτρειιὲς
885 545 978 636 ἦτορ,
1017 596 1020 602 ·
1049 607 1052 620 ,

301 640 357 726 ios*
384 642 504 729 βρότων
525 644 632 726 ιλιίξοις,
656 653 712 738 τῇς
733 647 785 714 ουίι
806 648 847 715 ἔνι
869 653 965 729 ιιίοτις
985 651 1119 740 ἀληθής·

300 741 375 809 ‹il-id
398 746 435 812 ori
457 746 544 833 τῆσδ’
565 747 619 834 ἀφ’
640 747 716 816 ὁιλοῧ
737 750 873 838 ιλιζήσιος
893 750 971 840 εἶργε
992 752 1102 841 νόημα.
1127 764 1157 846 l)

99 864 170 940 Sed,
191 867 264 945 quid
285 869 417 928 sensibus
437 870 627 932 tribuendum
651 889 733 952 esset,
752 876 824 956 quid
836 899 896 936 non
907 877 1115 957 tribuendum,
1137 879 1209 962 quid
1228 883 1288 964 opi·

65 965 124 1039 nio,
145 967 216 1044 quid
237 968 358 1026 scientia
369 969 469 1048 ,quid
489 968 545 1028 roei
568 964 654 1044 ι’ίντος
675 975 796 1034 scientia
818 989 900 1051 esset,
912 997 966 1035 nec
982 978 1183 1056 Parmenides,
1204 994 1236 1038 ut
1247 1002 1291 1042 vr

64 1061 140 1120 detur
149 1086 223 1138 ‚nec
246 1064 324 1124 ullus
345 1066 540 1129 Eleaticorum
559 1071 626 1132 data
645 1071 733 1154 operi
754 1085 781 1130 et
802 1072 954 1132 dialectica
978 1077 1090 1136 ratione
1111 1093 1289 1159 exposuerat.

65 1157 118 1218 ld
111 1162 197 1241 igitur
217 1163 287 1222 fecit
316 1163 416 1240 Plato,
445 1181 474 1226 ct
494 1191 550 1262 quo
569 1170 602 1229 id
627 1169 713 1230 modo
740 1171 860 1245 fecerit,
889 1193 955 1230 cum
974 1193 1010 1244 cx
1031 1173 1085 1233 hac
1106 1177 1184 1254 ejus,
1205 1197 1290 1286 quam

64 1256 300 1339 descripsimuss
291 1283 331 1320 ιιι
343 1262 498 1326 Theaeteto
523 1267 764 1350 disputatione,
774 1282 836 1327 turn
855 1291 892 1330 ex
912 1270 967 1346 iis,
985 1292 1059 1350 quae
1077 1271 1140 1332 illic
1158 1274 1290 1355 proxime

64 1371 287 1436 consequuntur,
309 1357 423 1419 efficere
439 1361 518 1424 licet.

268 1551 374 1632 Quid
401 1561 599 1618 sensibus
626 1561 968 1622 tribuitPluto?
990 1567 1091 1642 quid

348 1657 627 1716 tribuendum
658 1681 743 1718 eaeo
774 1661 992 1740 negocii?

97 1845 155 1904 Non
173 1845 279 1908 leviter
297 1846 396 1926 Plato,
423 1851 496 1930 quid
527 1852 661 1913 sensibus
682 1853 856 1930 debeamus,
875 1854 947 1935 quid
968 1877 1028 1916 non
1047 1856 1216 1932 debeamus,
1236 1857 1287 1914 iu·

64 1943 179 2019 quisivit.
222 1945 287 2002 Huc
308 1962 405 2008 autem
426 1952 550 2010 maxime
570 1952 632 2028 ejus
653 1953 796 2010 sententia
808 1951 902 2011 redit:
923 1951 1001 2012 affici
1021 1975 1073 2036 per
1093 1974 1140 2013 eos
1159 1953 1288 2013 animum

65 2040 142 2099 rebus
156 2043 298 2117 externis,
329 2045 457 2128 indeque
478 2051 540 2126 ejus
570 2041 744 2130 παθήματα
768 2049 909 2132 quaedam
930 2053 1085 2129 exsistere3
1113 2070 1172 2109 esse
1193 2064 1288 2109 autem

63 2135 124 2198 baec
148 2134 319 2220 παθήματα
349 2147 486 2205 scientiae
523 2149 642 2228 quidem
669 2151 818 2230 expertia,
854 2163 884 2208 at
922 2150 1081 2208 necessasia
1109 2160 1225 2220 tamen,
1255 2159 1287 2205 ut

65 2255 134 2296 tuens
159 2240 195 2299 iis
214 2240 355 2301 adhibeat
384 2241 549 2325 deinceps,
569 2265 643 2324 quae
663 2247 725 2327 ipsa
745 2267 797 2326 per
817 2267 846 2304 se
864 2245 1011 2354 percepit,
1034 2247 1055 2306 i
1076 2267 1101 2305 e.
1121 2265 1158 2303 τιι
1181 2236 1287 2325 nenati,

65 2355 95 2392 τιι
114 2357 187 2398 οντα
210 2341 247 2400 Id
274 2339 470 2422 comparando
493 2341 618 2402 subinde
646 2343 793 2418 illustr,at
815 2356 847 2401 ut
869 2344 901 2401 in
922 2341 1022 2402 codem
1040 2343 1095 2404 hoc
1115 2346 1289 2419 Theaeteto,

66 2435 109 2495 ubi
134 2439 285 2520 opiniones
312 2439 445 2516 exquirit
474 2460 557 2500 veras
587 2454 615 2499 et
645 2441 742 2501 falsas.
777 2443 864 2500 Cerae
895 2441 1008 2499 confert
1038 2443 1185 2517 animum,
1214 2463 1287 2521 quae

67 2533 174 2595 aliunde
202 2537 305 2614 signa,
329 2558 402 2614 quae
433 2538 488 2617 ipsi
515 2537 742 2618 imprimuntur,
772 2540 889 2619 accipit.
939 2536 988 2594 Sic
1009 2539 1138 2596 animum
1166 2539 1206 2594 ait
1238 2556 1291 2617 per

67 2650 152 2690 sensus
165 2653 268 2691 uerum
297 2646 482 2693 externarum
502 2635 563 2700 sive
583 2637 667 2716 signa
694 2638 756 2697 sive
785 2636 892 2694 formas
910 2635 972 2694 sive
998 2635 1139 2712 imagines
1164 2634 1289 2713 suscipe·

14 2741 17 2750 ’
68 2748 100 2787 ιο.
138 2728 193 2789 Sed
223 2731 400 2810 comparatio
427 2745 576 2811 tantopere
597 2734 653 2813 ipsi
676 2733 782 2791 mentis
810 2745 930 2790 naturae
950 2743 978 2788 ct
997 2727 1182 2804 conditioni,
1202 2750 1289 2808 quam

68 2824 170 2906 linguas
188 2829 340 2904 referunt,
360 2830 517 2904 convenit,
537 2815 575 2887 ⁸ut
592 2842 651 2888 tota
667 2828 721 2889 hoc
741 2829 803 2889 loco
815 2826 989 2910 apponenda
1006 2826 1149 2888 videatur.
1197 2827 1290 2888 «Fin-

68 2941 95 2999 ge
120 2927 207 3003 mihi,
238 2927 280 2984 ait
307 2925 456 3000 Socrates,
479 2926 522 2984 rei
554 2925 746 2985 declarandae
786 2945 901 3000 caussa,
923 2921 955 2982 ἒν
980 2926 1046 2997 ταῖς
1062 2927 1179 3003 ψυχαῖς
1203 2919 1292 3006 ἡμῶν

69 3016 126 3082 eolo
156 3021 278 3109 κήρινον
309 3022 474 3103 ἐκμαγεῖον,
505 3024 551 3108 τῷ
579 3019 637 3102 μὲν
664 3023 782 3102 μεῖζον,
813 3022 859 3108 τῷ
889 3019 1050 3098 dilutior,
1082 3024 1132 3085 καὶ
1162 3028 1205 3112 τῷ
1235 3022 1293 3106 μὲν

68 3125 271 3212 καθαρωτέρου
304 3125 413 3207 κηροῦ,
446 3123 491 3210 τῷ
527 3121 563 3185 δὲ
597 3120 842 3209 κοπρωιλεοτέρου
871 3126 920 3188 καί
958 3121 1174 3212 σκληροτέρου,
1206 3125 1293 3202 ἐνίοις

69 3221 98 3284 (li
124 3222 295 3314 ὑγροτέρου,
325 3225 386 3289 ἔστι
409 3221 436 3286 d⁰
468 3217 512 3301 οἷς
541 3225 672 3309 μετρίως
703 3223 838 3309 ἔχοντος·
872 3237 904 3288 in
933 3238 1046 3290 animis
1071 3239 1193 3302 nostris,
1206 3233 1292 3312 fingo

69 3330 181 3410 effigiem
217 3355 356 3392 oeream:
384 3338 418 3388 in
447 3331 498 3388 lroc
538 3339 701 3407 mojorem,
731 3339 877 3390 minorem
905 3337 939 3387 in
975 3331 1062 3390 ι’ίίοι·
1077 3335 1111 3385 in
1130 3329 1182 3386 boc
1207 3337 1294 3407 puri·

69 3436 122 3486 orie
138 3453 235 3508 coros,
260 3431 439 3490 sordidiores
466 3429 639 3486 duriorisos
663 3437 697 3487 in
717 3432 771 3488 illo
781 3451 795 3499 ,·
818 3438 852 3486 in
872 3429 1051 3508 quibusdum
1069 3427 1234 3500 mollioris,
1254 3434 1288 3484 in

69 3529 211 3589 nonnullis
226 3537 320 3588 otiam
339 3528 479 3586 modicos.
521 3527 638 3585 Donum
659 3527 715 3585 hoc
738 3527 827 3606 igitur
849 3546 907 3584 esse
929 3525 1059 3584 dicamus
1077 3520 1228 3583 Musarum
1238 3545 1292 3582 ma-

70 3623 130 3698 tris,
147 3627 371 3708 Mnemosynae,
395 3621 445 3685 καὶ
466 3621 498 3697 ἒς
523 3622 626 3699 τοῦτο,
650 3616 670 3684 ‹i'
696 3647 723 3684 τι
746 3619 784 3684 ι’ίν
804 3624 1006 3704 βουληθῶμεν
1026 3621 1231 3702 μνημονεῦσαι
1254 3611 1296 3682 ὦν

70 3713 100 3778 civ
118 3717 226 3803 ίιλωμεν
246 3720 268 3806 ἢ
292 3719 464 3804 ἀκούσωμεν
483 3719 506 3806 ἢ
528 3720 612 3786 arisel
635 3721 835 3809 ἐννοήσωμεν,
856 3719 1021 3805 ὑπέχοντας
1045 3717 1120 3783 nied
1143 3726 1208 3797 ταῖς
1230 3721 1296 3784 uio·

70 3816 168 3902 θήσεσι
187 3825 237 3888 καὶ
264 3825 400 3901 ἐννοίαις,
429 3821 675 3904 οἰιιοτυιιοῦοθοιι,
703 3822 803 3910 ιῖίσιιερ
832 3825 996 3889 δακτυλίων
1024 3829 1134 3906 σημεῖα
1155 3823 1299 3908 ἔνσρμοιις
1364 3911 1367 3920 .

70 3922 272 4004 νομίνους·ιιοιλ
293 3925 309 3991 'd
331 3926 388 4009 μὲν
409 3923 446 3989 ilo
469 3921 600 4015 ἒιιμιιγῇ,
621 3925 816 4011 μνημονεύειν
835 3952 868 3990 τε
890 3927 939 3989 καὶ
961 3925 1162 4002 ἐπίστασθαι,
1185 3925 1242 4001 ἕως
1263 3922 1299 3988 do

71 4021 118 4113 ἒιῇ
125 4024 157 4091 ui
165 4027 287 4094 εἴδωλον
298 4027 391 4094 ου’τοῦ
396 4055 403 4068 ·
414 4024 486 4094 ὅταν
496 4029 531 4092 δὲ
542 4030 719 4118 ἐξαλειφθῇ,
727 4029 750 4116 ἢ
759 4027 805 4115 μή
810 4024 911 4094 οἷόντε
920 4025 1039 4112 γίνηται
1050 4027 1221 4112 ἕκμαγῆνοιι,
1232 4025 1298 4088 iur-
1381 4049 1387 4060 ⁴

71 4129 205 4211 λελῆσθαί
224 4157 255 4196 τε
274 4133 323 4196 καί
333 4129 379 4216 μή
398 4131 592 4196 ἐπίστασθαι·
605 4157 714 4215 noeque
723 4145 758 4195 in
774 4137 846 4211 illo,
858 4135 1006 4213 quidquid
1015 4155 1137 4206 sorum,
1156 4150 1232 4208 quus
1245 4130 1293 4188 ool

72 4233 194 4295 videmus
211 4240 259 4296 ool
276 4240 418 4297 audimus
438 4238 487 4296 ool
506 4245 568 4316 ι’μει·
584 4241 810 4315 excogitamus,
831 4233 966 4292 ιιιιείόιιι
984 4231 1209 4303 nationibusque
1226 4247 1295 4285 eus-

74 4367 315 4386 Ἢ.

102 4415 129 4482 )
147 4419 221 4488 Apud
232 4423 373 4494 Stephon
383 4417 727 4492 μοιιι’μ1ιι’λοιορλι“οιι,ρ..42.
746 4415 792 4470 Cli.
809 4409 1167 4478 Fullelorn,Beytriqu.
1180 4407 1206 4458 6.
1219 4405 1298 4515 p.48.

74 4499 222 4570 Karsten,
237 4508 379 4561 Parmenio.
398 4525 424 4585 ρ.
438 4506 487 4571 30,
504 4505 546 4558 32.
1062 4563 1101 4620 26
