2838 5120
334 246 363 305 ’ὓ
641 301 697 365 251

73 463 149 525 nobis
174 461 361 538 Theaetetus,
392 461 564 544 philosopha
585 464 753 526 adolescens
771 465 871 526 indole
891 463 1058 546 praeditus,
1088 465 1136 524 cui
1156 463 1290 526 Socrates

72 563 199 622 continuo
226 561 441 640 quaestionem,
470 561 543 641 quid
558 565 595 622 sit
610 566 749 639 scientia,
770 565 924 646 proponit,
946 575 997 638 ut,
1018 582 1090 642 quae
1110 564 1211 626 insunt
1226 568 1288 643 ejus

71 661 177 740 ingenio
195 674 330 740 tanquam
351 659 444 719 foetus
454 705 463 735 ,
484 681 550 720 curn
570 683 661 738 veras,
681 677 743 722 turn
762 662 848 722 falsas
858 660 1124 744 praejudicatasque
1135 661 1288 742 opiniones

69 758 177 833 eliciat,
199 755 265 818 illas
283 757 385 839 probet
403 757 535 838 alatque,
556 759 608 820 has
627 761 740 840 rejiciat
765 781 797 820 ac
823 760 936 837 deleat,
957 781 1014 840 quo
1038 759 1190 840 magisfiis
1210 757 1291 819 lihe-
1363 784 1369 796 ·

68 870 154 916 ratum
171 856 362 916 adolescentis
387 856 555 936 ingenium,
583 873 659 918 recte
688 857 797 918 deinde
826 873 854 918 et
878 859 982 940 cogitet
1011 871 1039 916 et
1058 856 1181 936 judicet.
1222 857 1289 917 Non

67 955 196 1014 scientiae
213 955 280 1015 data
300 954 386 1036 operi
405 952 590 1016 definiendae
608 957 706 1016 caussa
727 939 869 1017 sermones
888 956 935 1018 illi
954 955 1135 1039 procedunt,
1165 954 1216 1015 sed
1235 951 1295 1014 illo

66 1053 203 1134 proposito
231 1053 416 1135 praesertim,
444 1067 477 1112 ut
497 1075 550 1113 ure
570 1054 729 1135 quaerendi
758 1054 1012 1136 interrogandique
1043 1053 1293 1129 Socratica,'0m-·

65 1152 131 1212 uino
149 1145 268 1232 ἔλιγχος
287 1155 349 1217 sire
368 1145 521 1233 μαιευτικῆ
541 1157 573 1216 in
603 1153 669 1212 luce
693 1166 828 1235 ponatur.
870 1151 1059 1213 Simillimum
1082 1151 1240 1230 Sophiatua
1261 1163 1291 1210 et

64 1249 184 1312 Politice·
194 1300 203 1329 ,
226 1252 262 1313 de
283 1253 390 1334 quihus
404 1255 466 1333 jam
485 1253 570 1314 nohis
587 1249 749 1333 agendum,
771 1272 837 1312 cum
858 1253 1036 1334 propositum
1055 1265 1117 1311 tum
1135 1251 1294 1332 argumen-'·

64 1361 120 1408 tum
139 1365 189 1412 est.
216 1350 299 1411 Idem
321 1353 353 1411 in
374 1353 410 1412 iis
429 1353 555 1413 occurrit
570 1351 761 1413 Theaetetus:
783 1350 889 1410 adsunt
909 1351 977 1410 item
998 1349 1127 1410 Socrates
1145 1364 1173 1417 et
1192 1348 1290 1410 Theo-

64 1447 164 1526 dorus,
195 1450 248 1511 sed
272 1450 384 1511 aceedit
403 1450 507 1534 hospes
526 1451 634 1532 aliquis
664 1449 795 1525 Eleates,
825 1449 876 1528 qui
897 1449 937 1509 sic
959 1445 1164 1529 interrogando
1194 1460 1285 1511 artem

64 1548 197 1609 cernendi
222 1536 425 1630 jusshndique
449 1548 596 1626 declarat,
618 1562 650 1608 ut
677 1541 847 1630 μαιωτικὴν
866 1561 951 1608 antea
970 1546 1167 1608 declaraverat
1186 1544 1289 1605 Socra-

64 1655 109 1704 tes.
156 1648 306 1728 Ingressus
324 1647 413 1728 igitur
434 1647 603 1709 Theodorus
628 1651 790 1726 «utheri,
811 1643 926 1730 inquit,
949 1647 1026 1707 inter
1051 1667 1103 1707 nos
1130 1643 1269 1706 convenit
1280 1689 1289 1721 ‚

64 1761 121 1802 cum
141 1745 197 1826 ipsi
219 1744 276 1804 huc
299 1746 445 1821 redimus,
473 1760 535 1806 turn
555 1746 634 1807 hunc
656 1746 827 1808 adducimus
847 1747 991 1829 hospitem
1012 1743 1160 1819 Eleatem,
1192 1743 1288 1804 virum

64 1839 144 1920 plane
164 1841 408 1925 philosophum.»
441 1843 571 1930 Socrates
599 1866 665 1905 eum
690 1847 762 1906 mira
782 1847 922 1907 continuo
942 1842 1125 1918 urbanitate,
1147 1861 1289 1903 nectere

63 1939 118 1999 sine
135 1939 231 2001 ironia
250 1943 370 2024 excipit.
417 1964 431 1997 u
443 1945 527 2004 Tune
547 1965 615 2006 vero
624 1991 633 2020 ‚
655 1945 765 2025 inquit,
787 1943 957 2018 Theodora,
979 1963 1038 2002 non
1056 1940 1218 2023 hospitem,
1237 1937 1289 2000 sed

63 2037 146 2096 Deum
173 2040 293 2100 fortasse
321 2040 479 2120 quendam,
499 2040 658 2102 secundum
678 2043 852 2118 Homerum,
873 2043 1001 2115 inscius,
1021 2039 1060 2099 ad
1077 2061 1129 2099 nos
1150 2037 1286 2098 duxisti?

63 2135 132 2194 Dicit
149 2139 232 2196 enim
247 2137 333 2213 ¹ille,
353 2159 419 2199 curn
440 2139 511 2200 alios
540 2141 613 2200 Deos
642 2140 823 2216 hominihus,
844 2141 895 2220 qui
922 2137 1038 2220 quidem
1063 2139 1136 2217 justi
1166 2135 1287 2219 pudoris

62 2235 208 2317 participes
229 2251 311 2312 sunt,
332 2251 394 2297 tum
414 2237 594 2319 Hospitalem
610 2260 671 2298 non
686 2240 804 2299 minime
820 2240 931 2314 Deum,
952 2237 1069 2298 comites
1087 2257 1116 2296 se
1134 2233 1286 2317 praehere,

63 2343 90 2390 ut
106 2331 255 2393 hominurn
273 2356 339 2394 cum
359 2336 500 2415 injurias,
521 2350 583 2397 tum
602 2339 774 2417 aequitatem
793 2337 960 2420 inspiciant.
1008 2335 1137 2396 Fortasse
1153 2334 1242 2414 igitur
1257 2345 1286 2392 et

62 2430 110 2490 tibi
139 2431 248 2512 aliquis
268 2454 436 2516 superorum
454 2455 546 2495 comes
563 2449 622 2512 est,
644 2450 675 2495 ut
692 2457 745 2495 nos
756 2483 765 2512 ‚
786 2437 836 2517 qui
857 2437 890 2496 in
914 2432 1091 2517 disputando
1116 2431 1195 2491 nihil
1222 2431 1286 2490 ruass

63 2548 177 2614 gnopere
198 2531 347 2608 valemus,
378 2545 406 2592 et
434 2533 572 2614 inspiciat
601 2546 630 2593 et
658 2525 828 2614 redaiguat,
849 2534 909 2616 ipse
937 2534 1048 2594 seilicet
1073 2529 1286 2611 redargutionis

63 2627 156 2709 aliquis
183 2631 273 2691 Deus.
299 2627 327 2710 l)
352 2630 408 2690 Hic
430 2629 617 2707 Theodorus,
638 2653 699 2692 non
719 2653 778 2692 mos
794 2630 861 2707 hic,
882 2653 898 2692 o
919 2630 1066 2705 Socrates,
1087 2630 1201 2709 inquit,
1224 2627 1285 2687 hu-

64 2725 104 2802 jus
122 2727 246 2811 hospitis
271 2742 332 2805 est,
354 2725 404 2789 sed
424 2730 580 2790 modestior
599 2744 641 2790 est
660 2729 736 2806 illis,
757 2732 807 2810 qui
834 2728 1071 2790 contentionibus
1099 2726 1236 2802 student,
1256 2737 1286 2785 et

67 2823 168 2887 ridetur
188 2827 264 2888 mihi
283 2827 330 2888 vir
350 2828 427 2888 Deus
446 2827 565 2908 quidem
584 2828 721 2904 minime,
738 2842 928 2890 veruntamen
949 2829 1071 2886 divinus
1088 2847 1166 2886 esse:
1188 2843 1290 2885 omnes

66 2925 131 2983 enim
156 2947 209 3006 ego
237 2925 424 3008 philosophos
451 2927 506 2987 hoc
527 2927 645 2987 nomine
676 2948 757 2989 voco.
799 2926 846 2987 ld
870 2926 941 2986 haec
969 2925 1117 2999 Socrates,
1147 2937 1224 2982 recte
1252 2935 1286 2982 tu
1378 2937 1389 2956 ·

64 3021 186 3102 quidem,
209 3025 320 3099 amice,
341 3024 512 3107 respondet;
535 3024 586 3085 sed
606 3023 713 3086 horum
730 3043 819 3108 genus
846 3023 964 3087 ridetur
990 3020 1145 3083 mihinon
1169 3020 1287 3080 facilius

62 3119 94 3180 ad
110 3121 351 3198 discernendum,
371 3145 457 3202 quam
479 3125 623 3199 Deorum,
644 3145 713 3184 esse.
755 3125 828 3184 Nam
847 3123 904 3186 riri
931 3122 978 3182 illi
989 3167 998 3199 ‚
1019 3118 1205 3201 quiquidem
1223 3139 1286 3178 non

62 3215 121 3280 ficte
135 3220 185 3282 sed
200 3241 269 3282 vere
283 3220 452 3304 philosophi
471 3235 559 3298 sunt,
579 3237 697 3305 propter
716 3217 891 3283 caeterorum
909 3221 1074 3295 inscitiam,
1095 3219 1174 3279 omni
1194 3219 1287 3279 foruna

61 3335 88 3375 ac
108 3321 416 3400 specie-apparentes,
440 3321 525 3382 urbes
553 3321 750 3396 circumeunt,
771 3321 895 3403 desuper
921 3320 1094 3379 inferiorum
1114 3317 1206 3378 vitam
1232 3313 1287 3375 de-

61 3413 226 3495 spicientes:
257 3431 285 3478 et
309 3417 375 3479 aliis
389 3418 514 3499 'quidem
534 3418 636 3497 nullo,
666 3419 732 3479 aliis
760 3420 838 3480 omni
860 3420 968 3479 honore
989 3415 1106 3478 colendi
1129 3413 1286 3476 videntur:

60 3514 138 3575 modo
160 3532 255 3576 autem
275 3512 460 3601 politicorum
481 3515 594 3598 specie,
626 3516 711 3577 modo
738 3517 930 3598 sophistarum
951 3529 1108 3598 apparent:
1139 3509 1291 3572 interdum

61 3612 139 3672 etiam
160 3615 314 3676 nonnullis
341 3615 428 3699 plane
456 3614 741 3680 ridenturinsaniss’
763 3613 795 3696 2)
815 3616 893 3676 Hine
915 3614 966 3674 ille
987 3623 1067 3675 orsus
1087 3614 1160 3694 petit
1180 3610 1293 3672 deinde

60 3708 93 3767 ab
111 3711 242 3795 hospite,
265 3729 297 3774 ut
317 3729 445 3797 exponat
469 3714 545 3791 sihi,
573 3737 630 3795 quo
649 3713 769 3774 tandem
788 3714 821 3773 hi
841 3713 926 3775 modo
946 3712 1026 3796 apud
1046 3711 1158 3771 Eleates
1178 3708 1290 3769 distin·

33 3797 194 3887 Oguantur,
221 3813 362 3894 sophista,
383 3813 535 3900 politicus,
557 3813 755 3895 philosophus.
797 3812 887 3873 Nobis
914 3826 1008 3872 autern
1026 3831 1062 3870 ex
1091 3809 1146 3868 hoc
1168 3806 1293 3868 exordio

62 3902 220 3989 intelligere
249 3910 336 3987 licet,
365 3912 496 3974 Platonis
519 3912 608 3971 fuisse
628 3913 825 3994 propositum,
856 3933 936 3987 non,
967 3931 1039 3991 quae
1060 3910 1219 3971 eommunis
1246 3903 1289 3966 est

63 4008 217 4084 sententia,
238 4022 271 4069 ut
284 4011 426 4092 sophistas
440 4010 630 4092 politicosque
649 4010 781 4070 homines
802 4010 955 4071 irrideret:
976 4030 1148 4090 quamquam
1169 4008 1201 4068 id
1219 4007 1290 4068 fecit

62 4119 151 4183 reapse
172 4127 224 4166 nec
251 4099 347 4169 minus
368 4110 491 4185 festive,
511 4129 597 4190 quam
619 4108 651 4167 in
678 4106 820 4169 Nubibus
848 4108 970 4189 aliisque
997 4108 1152 4169 comoediis
1181 4105 1289 4166 Aristo·

62 4199 180 4281 phanes,
202 4205 253 4266 sed
263 4253 273 4282 ,
294 4222 362 4268 uta
383 4208 518 4291 sophistis
535 4221 566 4267 et
586 4207 716 4289 politicis
732 4209 921 4286 philosophos
938 4208 1149 4289 distingueret,
1170 4205 1218 4278 vel
1238 4223 1288 4285 po

68 4337 304 4355 M

92 4415 116 4478 ¹l
132 4421 202 4488 Sepla.
219 4423 279 4479 216.
302 4424 332 4477 A.
350 4423 379 4476 Β.
398 4424 436 4478 Gi.
459 4425 531 4478 llorn.
552 4427 636 4491 odyss.
654 4405 688 4498 ρ’.
705 4442 745 4476 vs.
760 4424 818 4476 485,

92 4505 116 4572 2)
132 4513 202 4581 Sepla
220 4518 272 4568 eod.
