2908 5114
589 229 616 252 '⁶
659 251 718 312 stt

69 409 177 468 locum
195 421 224 468 et
233 415 360 486 justum
376 425 437 487 est,
458 409 590 472 nondum
613 429 815 496 perceperunt.
856 417 939 478 Prius
960 439 1134 500 veroquam
1155 421 1226 486 haec
1243 442 1311 484 coes

69 509 171 588 perint
200 508 296 568 animo
322 509 450 585 intueri,
477 530 535 588 quo
555 510 602 570 illi
635 511 721 572 modo
741 512 778 571 de
797 513 884 574 rebus
909 515 1023 578 divinis
1042 531 1070 578 et
1088 518 1224 579 humanis
1244 539 1312 580 vere

65 604 270 682 judicabunt?
292 606 461 684 Quomodo,
492 607 595 666 dum
587 629 681 688 ipsum
705 629 753 692 eos
774 613 881 670 bonum
902 611 1022 689 latebit,
1044 635 1088 674 res
1117 637 1181 675 suas
1208 614 1312 697 publi-

68 723 174 782 casque
195 705 250 763 rite
270 704 473 764 administrare
494 706 617 784 aliisque
636 707 771 788 prodesse
790 715 953 790 poterunt?
939 659 1085 773 lSedent
1104 728 1311 793 aeternumque
1386 745 1388 751 2

68 799 214 861 sedebunt
233 803 315 880 quasi
336 802 368 862 in
388 803 543 883 speluncae
563 802 715 882 cujusdam
733 807 881 885 tenebris,
904 795 955 868 ubi
982 810 1122 887 quamdiu
1142 826 1312 885 morantur,

67 897 184 958 tamdiu
203 913 289 958 erunt
308 900 401 960 omnis
423 903 561 961 scientiae
579 902 766 982 veritatisque
785 919 929 986 expertes

107 996 316 1072 Quaerendum
336 998 426 1078 igitur
445 1019 524 1058 nunc
550 1021 636 1079 porro
656 1014 698 1060 est
715 1000 818 1078 nobis,
840 1003 912 1082 quid
933 1003 1072 1086 deinceps
1095 1002 1209 1066 efficere
1232 1007 1311 1085 justa

66 1091 201 1168 παιδεία,
221 1091 294 1174 quid
314 1096 499 1177 philosophia
523 1095 645 1171 debeat,
667 1110 699 1156 ut
719 1097 758 1186 ad
779 1102 930 1162 veritatem
949 1103 1041 1182 ipsam
1059 1102 1096 1161 ah
1121 1103 1168 1163 his
1195 1103 1311 1164 simula·

69 1198 127 1256 cris
157 1209 372 1256 convertamur.
418 1194 581 1254 Esoendere
609 1216 645 1254 ex
673 1210 757 1256 antro
778 1219 831 1258 nos
853 1197 939 1278 jubet
966 1198 1114 1274 Socrates,
1136 1213 1168 1259 ut
1196 1202 1312 1282 opinari

67 1296 255 1367 desinamus,
283 1293 355 1352 scire
382 1293 575 1374 incipiamus,
595 1294 747 1374 missisque
767 1309 796 1356 et
827 1294 938 1372 umbris
966 1296 1128 1378 specierum
1159 1299 1311 1359 fallacium
1378 1333 1383 1344 ·

68 1407 96 1452 et
114 1394 188 1474 ipsis
207 1391 376 1472 speciebus,
398 1391 430 1449 in
449 1390 592 1451 mundum
612 1384 737 1472 vochv,
759 1396 791 1455 iu
808 1392 903 1476 ipsum
917 1393 1050 1455 veritatis
1066 1415 1187 1474 regnum
1208 1417 1312 1456 escen·

68 1491 181 1550 damus.
222 1489 285 1547 Hoc
305 1502 399 1548 autem
419 1488 621 1571 philosophiae
641 1512 748 1554 munus
771 1506 799 1552 et
823 1513 910 1572 grave
928 1512 988 1551 esse
1008 1492 1160 1572 inprimis
1180 1505 1208 1552 et
1227 1491 1313 1552 diffi-

67 1590 123 1648 cile
144 1589 196 1649 ait.
238 1587 311 1645 Nam
334 1586 360 1646 si
382 1606 464 1666 aegre
485 1587 533 1646 illi
554 1588 592 1647 ab
613 1589 723 1650 umbris
743 1590 876 1650 conversi
900 1588 940 1648 ad
967 1587 1121 1647 simulacra
1142 1604 1229 1666 sunt,
1254 1612 1312 1670 quo

68 1686 189 1747 tandem
215 1683 300 1744 modo
329 1683 366 1742 ah
393 1685 439 1743 his
460 1705 489 1744 se
510 1688 641 1748 converti
670 1686 708 1747 ad
729 1675 888 1768 res'ipsas,
916 1684 955 1745 ad
981 1678 1019 1744 coi
1045 1675 1118 1746 dvm
1136 1687 1311 1768 patientur?

70 1784 155 1845 Sed
147 1803 242 1865 ipsum
263 1781 360 1841 denuo
382 1780 534 1842 audiamus
552 1784 706 1846 Socratem.

110 1903 124 1935 o
137 1881 168 1941 si
190 1901 257 1941 vero
275 1879 340 1958 quis
360 1879 486 1938 eundern
495 1882 641 1961 ,iuquit,
663 1903 714 1964 por
735 1880 827 1941 ardua
850 1897 936 1961 atque
955 1905 1054 1966 aspera
1073 1904 1186 1944 sursum
1210 1873 1311 1943 tiahc·

70 1995 111 2040 ret
126 1978 290 2050 violenter,
312 1997 366 2035 nec
385 1979 543 2037 remitteret
560 1980 727 2060 priusquam
746 1980 783 2040 ad
796 1979 866 2038 solis
877 1979 977 2039 lumen
996 1982 1189 2056 extraxisset,
1208 2001 1309 2042 nonne

69 2077 235 2138 vehementi
264 2095 345 2148 eum,
371 2073 442 2133 dum
465 2076 506 2134 sic
534 2075 714 2152 traheretur,
736 2075 836 2137 dolore
866 2079 998 2136 affectum
1028 2079 1066 2136 iri
1097 2080 1310 2158 aegerrimeque

69 2178 198 2236 laturum
227 2173 393 2246 existimas,
423 2187 471 2248 et,
501 2186 651 2254 postquam
681 2173 720 2233 ad
738 2174 836 2233 lumen
858 2189 974 2234 evectus
996 2176 1104 2254 ¹fuerit,
1126 2175 1239 2255 fulgore
1258 2174 1308 2234 ha·

68 2275 186 2334 bentem
206 2272 317 2356 scilicet
338 2270 435 2330 oculos
454 2270 598 2350 repletos,
619 2271 698 2330 nihil
715 2291 832 2345 eorum,
854 2292 926 2350 quae
950 2293 1030 2331 nunc
1056 2272 1194 2333 dicantur
1223 2292 1309 2346 vera,

69 2372 370 2476 conspecturum?-
399 2367 585 2460 Nequaquam
605 2367 657 2426 ille
685 2388 772 2443 sane,
803 2370 944 2429 continuo
966 2369 1093 2448 quidem.
1115 2396 1150 2408 -
1181 2370 1307 2464 Consue-

39 2475 43 2482 '
69 2457 203 2541 tudine,
218 2465 341 2545 opinor,
373 2485 483 2542 usuque
513 2479 585 2524 essct
609 2486 696 2545 opus,
729 2479 761 2524 ut
788 2467 935 2546 superiora
964 2467 1017 2526 illa
1046 2466 1218 2548 adspiceret.
1270 2466 1308 2526 Et

69 2567 194 2646 primum
214 2561 331 2642 quidem
353 2561 468 2620 umbras
484 2563 666 2652 conspiceret
688 2563 847 2636 facillime,
868 2561 978 2622 deinde
999 2563 1151 2623 hominum
1178 2576 1309 2623 caetero-

70 2683 189 2744 rumque
209 2664 242 2721 in
262 2661 343 2740 aquis
366 2630 536 2719 simulacia:
558 2674 620 2720 tum
643 2682 710 2720 vcro
735 2662 807 2740 ipsa.
850 2659 929 2719 Hinc
958 2675 1054 2719 autem
1082 2681 1144 2735 res,
1170 2679 1244 2738 quae
1269 2661 1302 2717 in

70 2762 146 2822 coelo
166 2774 253 2835 sunt,
274 2761 424 2840 ipsumque
444 2757 557 2816 coelum
568 2803 576 2832 ,
598 2771 686 2816 noctu
706 2756 833 2820 ,facilius
844 2799 853 2830 ,
874 2769 1014 2816 astrorum
1035 2757 1180 2835 lunaeque
1205 2757 1305 2816 lumen

70 2859 253 2942 adspiciens,
282 2854 545 2936 contemplabitur,
575 2875 661 2932 quam
690 2851 839 2926 interdiu,
868 2853 957 2912 solem
990 2855 1119 2933 ejusque
1137 2854 1232 2914 lucem
1254 2854 1306 2912 in—

72 2971 163 3018 tuens.
186 2987 220 2996 -
246 2955 385 3030 Quidni?
406 2978 441 2988 -
471 2952 617 3012 Postremo
637 2965 733 3009 autem
751 2950 839 3009 solem
859 2972 919 3011 non
938 2951 971 3010 in
991 2953 1073 3030 aquis
1088 2965 1138 3010 aut
1154 2953 1190 3011 ln
1209 2951 1306 3011 aliena

71 3054 192 3134 quadam
212 3050 327 3131 regione
345 3051 408 3127 ejus
431 3049 588 3128 imagines,
611 3047 662 3107 sed
691 3049 785 3128 ipsum
814 3069 866 3128 per
886 3069 915 3108 se
941 3048 974 3108 in
1000 3049 1092 3130 ipsius
1111 3049 1227 3129 regione
1246 3068 1305 3114 cer·

71 3172 154 3228 nere,
178 3163 223 3224 et,
248 3147 343 3228 qualis
359 3146 396 3205 sit
407 3145 629 3226 ,contemplari
645 3145 762 3227 poterit.
783 3172 817 3222 ἡ
857 3146 976 3204 Necesse
995 3160 1047 3206 cst.
1067 3174 1103 3184 -
1133 3148 1208 3206 Tum
1236 3163 1306 3205 vero

70 3247 186 3307 demum
209 3243 372 3327 reputando
400 3241 569 3322 cognoscet,
590 3243 670 3302 hunc
697 3263 774 3316 esse,
795 3244 845 3321 qui
874 3257 902 3302 et
920 3257 1101 3326 tempestates
1119 3245 1191 3303 anni
1220 3243 1306 3303 nobis

73 3365 218 3424 annosque
238 3342 375 3424 praebeat
392 3355 420 3430 et
439 3341 535 3399 omnia
555 3342 586 3398 in
606 3339 796 3422 adspectabili
817 3341 928 3401 mundo
951 3356 1049 3422 regat,
1070 3361 1224 3420 eorumque
1241 3355 1306 3400 tau·
1379 3361 1384 3368 ·

73 3457 130 3502 tum
148 3465 210 3502 non
232 3441 361 3501 omnium
373 3484 382 3514 ,
403 3458 476 3516 quae
496 3452 563 3496 ante
593 3438 640 3498 illi
669 3438 832 3512 vidissent,
854 3453 954 3499 auctor
982 3441 1029 3499 sit.
1050 3478 1085 3488 -
1114 3440 1304 3498 Manifestum

72 3554 110 3598 est
121 3587 129 3615 ,
150 3539 190 3599 ad
210 3538 281 3598 haec
302 3558 367 3595 eum
387 3535 423 3595 ab
445 3535 507 3594 illis
525 3556 750 3616 progressurum.
772 3563 806 3572 -
837 3535 917 3609 Quid
937 3539 1030 3596 vero?
1052 3536 1083 3596 Si
1103 3550 1174 3595 tunc
1193 3550 1221 3604 et
1240 3538 1306 3616 pri-

72 3658 129 3697 mae
147 3637 231 3697 istius
258 3635 448 3695 habitationis
468 3647 495 3693 et
516 3634 695 3714 sapientiae,
716 3655 789 3712 quae
816 3633 880 3692 illic
902 3632 1067 3708 ferebatur,
1088 3647 1116 3693 et
1134 3633 1284 3692 hominum
1295 3679 1304 3708 ,

72 3733 279 3813 quibuscum
272 3755 304 3792 ru
335 3730 464 3793 vinculis
491 3731 625 3805 vixerat,
655 3731 842 3805 recordetur,
874 3752 972 3791 nonne
996 3743 1083 3791 semet
1103 3732 1198 3839 ipsum
1218 3745 1303 3812 putas

72 3829 186 3892 beatum
218 3829 474 3938 praedicaturum,
504 3828 572 3887 illos
605 3849 674 3887 vero
704 3829 985 3888 miseraturuml-
1015 3829 1053 3888 Et
1086 3828 1211 3888 maxime
1239 3829 1303 3907 qui·

74 3917 145 3990 dein.
167 3957 202 3968 —
231 3930 399 4002 Praeterea,
421 3927 445 3986 si
465 3946 536 4005 quos
553 3925 678 3987 honores
695 3926 792 3986 illic'
783 3927 911 3987 invicem
940 3941 968 3986 et
997 3925 1098 3986 laudes
1127 3942 1155 3988 ct
1174 3928 1303 4007 praemia

73 4026 282 4086 tribuissent
258 4047 305 4102 er,
336 4025 388 4104 qui
415 4023 595 4084 transeuntia
625 4045 753 4102 quaeque
782 4024 945 4083 acutissime
972 4025 1073 4084 fuisset
1101 4025 1304 4106 conspicatus,
1374 4037 1377 4048 ’

75 4127 252 4204 maximeque
281 4137 415 4183 tenuerat
443 4122 599 4196 memoria,
620 4143 692 4201 quae
722 4123 821 4202 prius,
851 4141 924 4199 quae
942 4124 1102 4202 posterius,
1123 4143 1195 4200 quae
1215 4122 1302 4181 simul

76 4221 196 4282 solerent
224 4224 380 4304 praeterire
399 4235 428 4281 et
445 4221 516 4280 hinc
537 4221 676 4300 potuisset
701 4220 809 4301 optime
830 4221 983 4299 augurari,
1004 4220 1077 4299 quid
1091 4221 1210 4298 jamjam
1230 4233 1303 4278 esset

78 4318 287 4394 adventurum,
317 4339 454 4379 censesne
481 4339 547 4377 eum
580 4317 650 4378 hacc
681 4315 912 4378 desideraturum
937 4337 996 4376 esse
1022 4336 1212 4396 magnopere,
1233 4316 1304 4374 bea·

78 4428 171 4496 tosque
199 4418 286 4493 illos,
315 4419 365 4496 qui
388 4417 467 4498 apud
483 4415 550 4475 illos
568 4415 781 4475 honorarentur
801 4428 830 4475 et
848 4412 1087 4489 dominarentur,
1108 4412 1302 4472 habiturum?

1069 4510 1105 4567 21
