2832 5120
741 251 798 314 194

148 426 290 508 accipiat,
311 423 367 482 nisi
394 421 444 500 qui
472 419 550 478 omni
571 418 609 476 sit
636 433 722 474 onere
751 433 868 474 vacuus.
910 410 991 472 Facit
1018 403 1196 484 Mercurius,
1225 418 1296 490 auur
1315 407 1343 468 ul

75 589 78 598 ,
150 523 255 584 scalam
275 519 406 581 navalem
424 517 559 591 adstans,
581 528 613 573 ut
632 515 742 595 primus
765 513 863 596 prodit
888 509 1064 591 Menippus,
1084 522 1136 584 tu,
1164 509 1272 588 inquit,
1295 507 1345 586 quis

148 624 202 682 es?
223 647 257 658 ·-
277 618 433 699 Menippus
452 636 533 686 sum,
554 609 726 694 respondet:
749 632 814 671 ecce
833 631 921 684 vero,
941 630 1010 690 pera
1036 607 1128 682 mibi,
1148 605 1286 680 Mercuri,
1305 604 1345 664 ba-

149 719 287 798 culusque
306 717 339 775 in
359 713 495 796 paludem
515 712 626 790 abiecta
647 725 749 770 sunto:
781 709 904 790 pallium
931 720 1025 770 autem
1051 721 1127 766 recte
1155 706 1229 780 feci,
1255 705 1299 783 qui
1320 722 1345 762 ns
1405 791 1406 804 χ

148 817 262 876 tulerim
280 812 398 893 quidem
416 832 536 870 mecum.
579 811 633 869 uui
652 809 832 868 Mercurius:
854 806 1016 882 adscende,
1035 805 1193 886 Menippo,
1214 804 1270 876 ait,
1291 802 1346 860 viro

148 935 212 972 rum
230 913 352 994 optime,
373 909 549 991 primamque
568 907 665 967 sedens
688 907 775 984 juxta
798 905 1019 986 gubernatorem
1045 905 1079 964 in
1108 903 1167 962 alto
1195 901 1304 974 obtine,
1326 909 1348 956 ut

148 1011 286 1093 inspicias
304 1030 410 1068 omnes.
451 1007 507 1066 ch
537 1005 589 1065 alii
615 1019 644 1065 et
672 1025 808 1086 perquam
827 1025 844 1062 a
866 1025 895 1062 se
920 1003 1047 1066 invicem
1076 1001 1185 1064 diversi
1213 995 1347 1058 identidem

147 1109 325 1189 procedunt,
358 1093 542 1166 Cbarmolaiis
571 1104 728 1178 continuo,
760 1103 899 1162 formosus
928 1101 999 1176 ille,
1027 1103 1109 1179 cujus
1135 1097 1265 1162 osculum
1289 1094 1349 1154 binis

147 1206 265 1266 talentis
287 1203 506 1278 aestimabatur,
536 1215 598 1260 tum
625 1199 816 1282 Lampicbus,
847 1199 1002 1260 Geloiirum
1030 1212 1197 1280 tyrannus,
1227 1195 1349 1260 uanam

147 1304 271 1378 athleta,
301 1303 414 1376 Crates,
443 1300 527 1362 dives
550 1299 622 1374 ille,
648 1313 775 1360 armatus
798 1299 867 1358 item
893 1299 1017 1378 aliquis,
1037 1297 1089 1378 qui
1115 1309 1262 1378 tropaeum
1281 1295 1348 1354 affert

147 1403 240 1482 Aegre
257 1401 289 1460 bi
306 1420 421 1474 omnes,
441 1398 519 1479 quod
536 1399 607 1480 ipsis
624 1398 655 1457 in
678 1398 739 1459 rita
769 1398 883 1476 insigne
910 1398 986 1472 fuit,
1007 1415 1119 1476 quoque
1143 1396 1229 1456 unice
1256 1391 1350 1474 gloriari

147 1495 296 1574 solebant,
317 1498 487 1578 deponunt5
509 1510 635 1577 tyranno
651 1517 720 1556 rero
738 1495 863 1554 maxime
881 1494 1031 1554 molestum
1049 1492 1176 1574 accidit,
1205 1492 1280 1574 regia
1299 1489 1351 1550 insi·

148 1598 215 1678 gisia
239 1595 380 1674 abjicere:
410 1595 507 1676 quid?
530 1595 649 1673 lnquit,
679 1614 764 1652 mene
790 1591 889 1668 decet,
918 1593 1066 1668 Mercuri,
1093 1591 1206 1656 nudum
1235 1587 1351 1670 ingredi,
1398 1656 1402 1671 .

150 1694 199 1776 qui
221 1705 362 1773 tyrannus
379 1695 464 1754 sum?
486 1694 539 1754 Cui
557 1693 736 1767 Mercurius,
757 1690 837 1752 baud
854 1705 886 1754 tu
901 1692 1019 1772 quidem
1038 1691 1102 1766 lalc,
1120 1690 1254 1770 reponit,
1273 1703 1352 1769 tyran·
1407 1755 1408 1766 ἢ

147 1812 202 1851 nus
212 1836 221 1864 ,
248 1790 298 1850 sed
318 1793 436 1850 omnino
455 1805 582 1850 mortuus
605 1811 643 1850 es.
685 1791 726 1850 Ut
743 1811 810 1850 veru
829 1790 950 1870 ingressi
967 1789 999 1850 bi
1017 1801 1116 1850 ornnes
1135 1787 1268 1868 scapham
1286 1797 1353 1858 sunt,
1406 1785 1407 1790 ’

148 1911 180 1950 ae
198 1903 339 1969 tyrannus
350 1936 358 1965 ,
378 1911 436 1969 quo
455 1891 507 1951 rix
527 1889 621 1969 potuit
646 1887 773 1963 adduci,
794 1887 927 1949 diadenm
945 1889 1030 1948 etiam
1049 1901 1079 1948 et
1097 1901 1254 1968 purpuram
1280 1884 1355 1965 depo-
1401 1895 1402 1904 ¹

147 1987 222 2060 suit,
243 1993 320 2049 ecce!
343 1987 533 2070 philosophus
552 1987 649 2061 venit,
668 1987 772 2046 babitu
788 1984 967 2046 abscondens
981 1988 1054 2048 vitia
1069 1986 1253 2066 gravissima,
1272 1985 1354 2044 rixan-

147 2085 178 2146 di
198 2084 380 2160 lubidinem,
402 2106 506 2145 vanam
525 2085 663 2164 gloriam,
685 2075 865 2164 quaestiones
885 2084 1055 2166 impeditas,
1076 2105 1167 2165 nugas
1190 2097 1218 2142 et
1244 2082 1354 2162 quisqui·

147 2186 201 2246 lias
211 2229 219 2260 ,
240 2198 300 2243 tum
319 2169 450 2242 nummos
469 2184 538 2242 item
556 2203 655 2242 aureos
665 2225 673 2258 ,
696 2181 889 2263 voluptatem,
911 2183 1121 2263 arrogantiam,
1141 2203 1260 2262 caraque
1286 2182 1318 2242 de
1334 2200 1356 2239 se
1399 2252 1403 2266 ι

148 2287 330 2366 opinionem,
351 2281 431 2359 quasi
452 2280 552 2340 melior
576 2295 648 2340 esset
674 2281 792 2340 caeteris
820 2281 963 2346 omnibus.
992 2283 1071 2357 Quae
1100 2283 1197 2342 omnia
1224 2295 1355 2362 postquam

146 2385 188 2458 is,
205 2382 326 2461 jubente
345 2378 489 2438 Mercurio
508 2377 610 2438 babitu
626 2379 769 2460 deponto,
785 2381 921 2460 patefecit
931 2425 939 2455 ,
957 2380 1030 2462 prob
1051 2379 1185 2461 Jupiter!
1208 2379 1256 2440 bic
1275 2376 1355 2438 escla-
1399 2415 1404 2505 q

147 2493 222 2555 mat,
243 2491 380 2558 quantam
406 2477 459 2536 iste
479 2476 700 2536 vanissimarum
723 2497 823 2552 ,rerum
851 2479 1069 2542 ostentationem
1097 2479 1196 2538 affert!
1226 2477 1306 2536 Mitte
1331 2489 1356 2534 tn
1403 2531 1404 2534 ,

146 2577 350 2649 haecomnia,
371 2576 430 2634 ait:
453 2594 520 2634 nam
538 2574 562 2632 si
580 2594 645 2632 cum
670 2575 732 2633 istis
758 2577 872 2636 eunctis
899 2577 1123 2651 conscenderes,
1146 2579 1198 2638 rix
1228 2590 1255 2636 te
1280 2575 1357 2654 quin·
1399 2541 1405 2685 ¹l

145 2678 282 2757 quaginta
305 2694 446 2732 remorum
472 2674 555 2732 naris
580 2673 730 2753 acciperet.
752 2711 787 2722 -
817 2673 913 2734 Nolim
939 2675 1009 2736 baec
1034 2676 1183 2757 persequi:
1215 2672 1358 2736 ridiculum

146 2776 291 2854 negotium
313 2771 418 2830 barbae
442 2773 607 2852 praesertim
632 2771 715 2830 istius
742 2785 799 2847 est,
829 2793 885 2851 qua
905 2793 1040 2854 perquam
1060 2773 1116 2832 sibi
1136 2773 1284 2852 placuerat
1300 2769 1358 2852 pbi-

147 2873 298 2954 losopbus;
332 2893 390 2930 non
416 2869 517 2930 tondet
543 2891 604 2930 mm
635 2870 807 2950 Menippus,
832 2870 883 2930 sed
910 2872 1002 2930 securi
1020 2884 1148 2952 amputat
1166 2871 1300 2946 nautica,
1316 2888 1358 2950 pro
1406 2943 1407 2958 ἵ

146 2970 245 3030 codice
264 2991 330 3028 usus
349 2969 423 3030 scala
443 2968 552 3029 navali.
590 2965 667 3042 Sed,
688 2969 781 3027 missis
799 2968 877 3041 illis,
897 2990 969 3046 quae
988 2971 1072 3050 puori
1087 2972 1148 3047 jaan
1171 2969 1358 3048 cognorimus,
1406 3023 1407 3040 ,

145 3069 198 3127 bac
220 3081 315 3128 nostra
339 3079 429 3126 aetate
449 3081 630 3147 reputemus,
650 3087 736 3146 quana
759 3067 820 3126 vim
847 3065 954 3146 dialogi
984 3067 1128 3128 Platonici
1156 3068 1188 3129 in
1214 3067 1358 3126 Lucianeos
1406 3045 1407 3076 ³

147 3166 311 3226 habuerint.
364 3165 543 3224 Corniuorum
571 3165 603 3224 in
627 3163 673 3224 bis
698 3165 876 3244 agnoscimus
905 3165 977 3227 sales
1002 3166 1138 3245 dotesque
1166 3164 1356 3236 admirabiles,

144 3263 195 3324 sed
211 3263 426 3341 philosophiam
446 3269 511 3319 asra
519 3307 528 3335 ,
561 3275 592 3320 ut
610 3283 673 3321 eam
690 3263 770 3324 Plato
788 3266 820 3324 in
839 3263 963 3344 Gorgia,
994 3285 1027 3323 eo
1047 3267 1079 3324 in
1097 3265 1197 3346 primis
1213 3265 1279 3324 'loco
1288 3307 1296 3339 ,
1316 3261 1357 3322 ubi

79 3419 82 3436 ,
146 3377 320 3422 mortuorum
336 3360 451 3450 judicia
465 3373 596 3436 enarrat,
618 3363 777 3442 expressit,
796 3364 862 3440 quis
881 3375 923 3422 est
941 3363 991 3441 qui
1010 3385 1069 3423 non
1086 3363 1173 3422 simul
1192 3377 1221 3422 et
1238 3373 1358 3442 agnoscat
1405 3347 1406 3364 ³

147 3475 175 3520 et
197 3460 386 3520 revereatur?

186 3558 261 3619 Sunt
289 3557 373 3617 nobis
402 3555 491 3616 multa
519 3558 604 3618 etiam
635 3555 672 3615 de
703 3558 886 3636 quaestione,
910 3558 988 3638 quid
1013 3547 1170 3620 scribendo
1197 3559 1358 3640 spectauerit

146 3657 244 3732 Plato,
264 3655 357 3736 deque
386 3654 599 3714 Platonicorum
625 3669 729 3716 natura
755 3655 935 3736 dialogorum
960 3657 1158 3736 exquirenda:
1190 3653 1358 3738 exploranda

145 3756 298 3837 praecipue
318 3767 360 3816 est
379 3755 542 3812 dialectico
560 3753 768 3830 commeatio,
790 3753 841 3820 sed
862 3755 916 3816 bac
936 3755 973 3815 do
997 3771 1027 3814 re
1046 3754 1192 3836 deinceps.
1234 3755 1290 3816 Hac
1307 3775 1357 3816 nan

146 3871 294 3934 possumus
321 3872 379 3910 non
409 3851 557 3912 literarum
587 3864 713 3918 amantes
731 3853 818 3912 etiam
835 3866 921 3932 atque
942 3854 1026 3915 etiam
1049 3852 1179 3928 hortari,
1213 3867 1261 3930 ut,
1291 3850 1357 3934 quod
1405 3889 1406 3924 ,

147 3951 177 4010 in
197 3950 242 4008 bis
260 3950 451 4024 tentavimus,
481 3947 709 4031 persequantur,
735 3971 767 4009 ac
791 3950 992 4031 philosophiae
1017 3951 1184 4012 Platonicae
1211 3953 1356 4012 ubertatem
1405 3947 1406 3970 ³

146 4048 409 4127 sublimitatemque
437 4069 497 4107 non
528 4068 543 4105 e
573 4046 691 4107 Platone
719 4061 851 4122 tantum,
881 4043 932 4108 sed
963 4069 977 4108 e
1006 4049 1169 4130 posterioris
1193 4052 1278 4111 etiam
1302 4031 1355 4109 aeri

145 4144 333 4228 scriptoribus
351 4143 480 4205 efficiant
500 4159 585 4225 atque
605 4145 638 4204 in
658 4146 753 4204 lucem
771 4145 943 4227 producant.
978 4147 1047 4206 Nam
1067 4161 1170 4227 quotus
1188 4151 1305 4230 quisque
1321 4159 1356 4205 est

144 4247 205 4306 sive
223 4242 460 4325 pbilosophorum
479 4245 540 4303 sive
561 4243 741 4303 literatorum
759 4243 909 4306 himinum
918 4291 927 4319 ,
948 4245 998 4325 qui
1026 4243 1058 4305 id
1081 4244 1149 4306 data
1168 4247 1253 4328 opera
1269 4261 1295 4306 et
1310 4265 1355 4327 pro

145 4345 187 4403 rei
213 4343 353 4422 dignitate
375 4341 510 4422 perficere
530 4346 757 4422 aggressusest?
780 4342 866 4402 Valet
885 4357 980 4402 autem
1003 4343 1079 4404 idem
1102 4343 1157 4403 boc
1176 4345 1299 4406 studi-nn
1321 4339 1353 4400 ad

144 4444 219 4523 ipsos
246 4442 333 4500 etiam
361 4440 427 4501 illos
445 4440 598 4521 scriptores
621 4461 686 4498 cum
714 4439 922 4522 intelligendos
946 4441 1019 4515 rite,
1039 4456 1099 4501 tum
1126 4441 1353 4525 interpretandos.
