2908 5114
649 277 706 336 361

75 444 170 490 cirtem
181 475 189 504 ,
210 428 308 490 eadem
328 445 355 492 et
375 436 481 512 majore
498 436 584 495 etiam
604 439 637 496 in
657 438 712 497 lice
733 435 848 517 dialogo
868 439 1018 496 Timaeum
1046 435 1083 496 de
1111 436 1171 497 Deo
1199 435 1299 496 dieen-

76 541 126 586 tem
153 530 279 590 induxit.
326 533 476 607 «Omnes,
505 535 567 609 ait,
595 535 778 609 oSocrates,
808 549 947 615 quotquot
978 555 1151 614 quocunque
1180 535 1299 596 tandem

76 626 151 686 modo
167 627 319 689 modestiae
337 630 493 711 participes
513 647 599 708 sunt,
622 634 752 695 inomni
773 633 958 714 suscipiendo
978 648 1006 692 et
1024 653 1115 714 parvo
1136 646 1164 692 et
1194 655 1298 713 magno

76 725 178 804 negotio
188 771 196 800 ,
217 727 309 786 Deum
327 728 467 788 invocant
486 751 614 811 semper:
637 755 690 792 nos
709 746 823 806 autem,
844 733 881 792 de
901 733 1109 806 universitate,
1142 733 1238 810 genita
1261 733 1299 790 sit

75 843 174 896 necne,
204 824 294 886 verbe
312 827 456 902 facturos,
485 829 559 888 Deos
578 839 689 910 oportet
708 845 739 890 et·
757 831 831 890 Deos
849 831 1018 892 invocantes
1034 830 1147 909 precari
1181 850 1299 904 omnes,

75 932 103 976 ut
119 922 185 1000 ipsis
201 944 216 980 e
234 925 378 984 sententia
402 927 528 986 maxime
539 971 548 1002 ‚
580 927 665 987 nobis
684 943 780 988 autem
811 942 1004 1008 congruenter
1033 927 1298 1005 convenienterque

74 1015 219 1078 dicamus.»
248 1019 276 1100 l)
307 1023 382 1081 Tum
402 1024 442 1082 sic
462 1024 627 1104 ingreditur
654 1026 900 1107 disputationem,
929 1024 1016 1086 ducto
1045 1024 1132 1084 initio
1158 1044 1175 1080 a
1203 1043 1299 1082 rerum
1332 1083 1335 1090 ,

74 1113 296 1196 intelligibilium
317 1133 346 1178 et
367 1119 608 1202 adspectabilium
627 1124 805 1186 discrimine.
853 1124 1027 1203 «Principio
1046 1123 1136 1203 igitur
1160 1122 1201 1180 sic
1225 1121 1298 1180 mihi

74 1208 302 1292 distinguendum
323 1220 450 1282 videtur.
495 1219 538 1282 Τί
556 1218 593 1282 τό
617 1217 652 1284 ὂν
672 1220 729 1302 μὲν
750 1217 810 1298 o'ei,
832 1217 941 1304 γένεσιν
963 1218 999 1282 δὲ
1019 1215 1072 1283 οὐκ
1093 1215 1178 1300 ἔχον;
1200 1217 1250 1280 καὶ
1270 1213 1302 1278 τί

73 1329 102 1366 το
123 1307 286 1391 γιγνόμενον
306 1313 377 1394 μὲν,
400 1313 435 1381 ὄν
456 1318 491 1382 δὲ
514 1318 669 1399 οὕδὲιιοτε;
692 1321 729 1387 ro*
751 1323 808 1405 μὲν
829 1321 869 1407 th
892 1345 1024 1406 voquerp
1011 1346 1087 1402 μετα
1079 1316 1194 1402 λόγου
1215 1343 1299 1400 περι-

72 1407 229 1489 ληοτόν,’
207 1415 254 1476 αεὶ
274 1417 324 1480 noi·
343 1417 418 1484 κατοὶ
439 1446 533 1486 rouro
555 1419 602 1488 iv·
624 1423 662 1489 ro*
684 1424 712 1489 d
733 1453 771 1490 oo
757 1422 873 1514 δόξῃ
900 1421 964 1506 μετ’
985 1419 1158 1507 αἰσθήσεως
1178 1417 1298 1504 ἀλόγου,

73 1511 236 1592 idimon,
240 1515 409 1600 γιγνόμενον
429 1525 479 1586 καὶ
499 1523 752 1610 dnodlvneror,”
732 1553 826 1606 οντως
848 1527 884 1592 δὲ
905 1521 1088 1591 oride'note'‘
1070 1549 1119 1588 ον
1141 1529 1297 1607 quidest,

73 1619 140 1690 quod
156 1641 271 1698 semper
288 1631 332 1682 sit
349 1648 442 1704 neque
460 1633 558 1690 nilum
577 1633 686 1692 habret
703 1644 824 1709 ortum,
846 1645 879 1692 et
894 1634 971 1712 qnod
992 1629 1147 1713 gignetur
1165 1649 1217 1685 noc
1236 1645 1298 1683 un-

74 1735 152 1790 quom
170 1719 235 1776 rit?
259 1719 394 1799 Quorum
414 1730 547 1787 alterum
565 1731 775 1812 intelligentia
805 1741 835 1788 et
862 1739 982 1789 notione
1008 1728 1273 1807 cornprolrenditur
1282 1742 1297 1791 ,·

74 1815 140 1888 quod
155 1838 250 1876 unum
271 1842 387 1899 renmer
413 1836 503 1906 atquo
521 1830 600 1888 idom
620 1840 684 1889 ost:
717 1833 868 1904 alterum,
900 1832 977 1907 quod
1005 1828 1101 1906 offert
1128 1832 1298 1901 opinionem

71 1932 120 1988 por·
136 1936 238 1995 rantur
258 1927 390 1980 rationis
409 1937 563 2004 copertos,
585 1939 682 1986 totum
698 1931 848 2006 opinabile
869 1939 931 2003 est,
952 1937 982 1984 ot
999 1933 1145 2006 gignitur
1161 1933 1191 1980 ot
1200 1929 1296 1978 enter

63 2014 97 2063 tir
122 2032 170 2070 nec
196 2036 332 2093 unquam
361 2043 422 2080 esse
452 2021 520 2082 dere
547 2036 654 2102 potest.
677 2025 709 2107 2)
739 2029 832 2086 Omne
862 2039 957 2083 autem
990 2022 1069 2103 quod
1089 2020 1237 2100 gignitur,
1259 2035 1295 2074 ex

74 2104 160 2185 aliqua
178 2131 277 2174 caussa
295 2117 375 2196 gigni
390 2141 505 2180 necesse
522 2137 580 2182 est·
603 2124 716 2202 nullius
736 2127 815 2184 enim
836 2125 896 2199 rei,
918 2107 1017 2181 causei
1035 2119 1152 2192 remoti,
1171 2114 1295 2195 reperiri

74 2223 142 2283 tngo
158 2223 258 2287 potest.
300 2215 482 2288 Quocir'ea
460 2241 484 2278 sr
501 2221 545 2296 is,
571 2222 622 2300 qui
641 2221 762 2302 aliquod
789 2241 895 2300 munus
923 2219 1036 2279 efficere
1066 2216 1203 2288 molitur,
1234 2231 1296 2270 eam

74 2303 201 2381 speeiem,
222 2331 296 2388 quae
314 2333 425 2393 semper
443 2331 484 2375 est
502 2317 618 2394 eadem,
639 2319 804 2378 intuebitur
824 2333 909 2396 atque
926 2317 959 2376 id
975 2315 1033 2375 sibi
1050 2323 1191 2395 proponet
1201 2320 1297 2369 exemi

75 2399 147 2477 plat,
167 2407 348 2484 praeclarum
366 2432 438 2491 opus
458 2413 565 2474 efficiat
583 2437 698 2475 necesse
707 2431 776 2494 est3
809 2419 855 2478 sin
875 2429 970 2475 autern
989 2434 1071 2487 eam,
1100 2431 1172 2488 quae
1200 2407 1298 2488 gigni-

76 2509 130 2573 tur,
149 2524 298 2584 nunquam
315 2508 416 2586 illam,
437 2534 524 2590 quarn
544 2528 679 2594 expetet,
704 2463 936 2596 puldritudinem
965 2523 1164 2588 consequetur
1205 2506 1299 2564 Omne

76 2595 152 2674 igitur
169 2602 282 2662 coelum
311 2607 373 2667 sive
399 2608 568 2668 mundus
546 2630 608 2670 sive
626 2631 683 2688 quo
702 2612 759 2670 alio
780 2611 925 2673 vocabulo
942 2608 1067 2688 gaudet,
1096 2606 1184 2664 hoca
1213 2600 1299 2660 nobis

77 2712 249 2780 nuncupatus
277 2702 323 2766 sit
368 2704 487 2785 Deque
508 2708 540 2766 id
561 2709 688 2788 primum
712 2708 946 2782 consideremus,
977 2704 1055 2784 quod
1082 2700 1230 2783 principio
1257 2711 1300 2756 est

77 2793 104 2850 ln
129 2803 204 2860 omni
232 2806 401 2881 quaestione
428 2805 692 2881 considerandum,
723 2826 871 2887 semperne
900 2805 1006 2878 fuerit,
1037 2800 1121 2861 nullo
1149 2811 1301 2879 generatus

79 2905 150 2971 ortu,
170 2920 207 2959 an
226 2916 307 2962 ortus
324 2905 361 2962 sit
380 2905 417 2964 ab
446 2905 545 2984 aliquo
574 2907 711 2986 temporis
739 2905 920 2985 principatu.
960 2903 1048 2960 Ortus
1078 2912 1137 2956 est:
1171 2892 1301 2974 quando·

78 2992 182 3066 quidem
208 3001 340 3060 cernitur
369 3018 397 3062 et
426 3005 556 3082 tangitur
583 3017 612 3062 et
639 3017 682 3061 est
703 3003 835 3078 undique
857 3013 1031 3082 corporatus.
1073 2996 1178 3055 Omnia
1205 3006 1302 3053 autem

78 3087 137 3148 talia
155 3115 269 3156 sensum
289 3097 426 3160 movent:
449 3122 548 3161 sensus
567 3101 715 3163 moventia
734 3121 807 3179 quae
828 3112 915 3174 sunt,
947 3097 1047 3157 eadem
1071 3095 1104 3154 in
1133 3091 1302 3174 opinatione

78 3190 244 3270 consistunt3
268 3217 340 3274 quae
361 3213 455 3258 ortum
473 3198 579 3276 hahere
599 3198 737 3280 gignique
757 3197 905 3273 diximus3
928 3194 1007 3255 nihil
1026 3207 1121 3254 autem
1131 3191 1211 3272 gigni
1221 3207 1303 3270 posse

79 3282 133 3344 siue
151 3294 266 3357 caussis.
308 3297 401 3374 Atque
419 3296 506 3356 illum
524 3297 644 3376 quidem
663 3297 745 3375 quasi
765 3309 914 3376 parentem
931 3295 1019 3372 hujus
1037 3288 1235 3356 universitatis
1259 3287 1304 3344 in·

80 3384 186 3460 venire,
217 3389 359 3452 difficile:
392 3407 438 3470 et,
470 3417 535 3454 cum
560 3399 622 3474 jam
655 3394 823 3468 inveneris,
854 3391 986 3452 indicare
1010 3391 1048 3464 ‘in
1070 3388 1185 3467 vulgus,
1212 3385 1303 3445 nefas.
1348 3396 1354 3408 ‘

82 3474 153 3544 Τόδε
174 3481 201 3546 tl
222 3481 262 3550 ord
281 3484 369 3552 πάλιν
389 3487 575 3554 ἐπισκεπτέον
594 3490 662 3570 περὶ
684 3485 785 3566 αὐτοῦ,
802 3485 879 3572 πρός
893 3484 1018 3572 πότερον
1033 3486 1094 3550 τῶν
1108 3483 1233 3568 παροδ
1238 3503 1305 3562 try-

79 3577 193 3655 μάτων
214 3584 233 3652 o‘
254 3587 470 3674 πεπαινόμενος
491 3589 584 3657 αὐτόν
605 3587 806 3672 ἀπειργάζετο,
829 3585 958 3676 πότερον
977 3584 1053 3674 πρὸς
1069 3581 1106 3650 sd
1121 3575 1197 3647 narei
1211 3577 1306 3646 rootoi

79 3681 121 3744 ml
149 3683 291 3768 ω’σαύτως
312 3689 397 3776 ἔχον,
426 3687 546 3781 ἧπρὸς
567 3687 603 3759 tri
625 3689 754 3776 γεγονός·
781 3717 893 3756 rursus
912 3703 1015 3775 igitur
1041 3689 1221 3762 videndum,
1251 3688 1306 3747 ille

74 3786 240 3857 saisientur
260 3806 343 3855 tanti
362 3808 460 3876 operis
480 3811 587 3858 utrum
608 3808 650 3859 ait
669 3805 813 3857 imitatus
842 3794 1078 3870 exemplar,
1109 3789 1199 3862 idne,
1230 3785 1307 3863 quud

82 3904 186 3966 ttmpcr
203 3916 306 3954 unum]
318 3908 347 3955 et
367 3899 447 3957 Mem
467 3910 496 3957 ot
515 3907 565 3958 rui
583 3900 703 3974 simile,
725 3920 765 3956 on
785 3897 838 3971 id,
859 3894 935 3972 qnod
948 3896 1129 3971 generatum
1148 3895 1306 3963 ortumque

83 3984 209 4053 dioimni.
252 3995 341 4074 Atqui
371 3998 398 4078 si
426 3996 529 4080 pulcer
557 4011 599 4057 est
616 3997 667 4058 hic
688 3994 833 4071 mundus,
864 3994 888 4052 si
918 3990 1011 4049 bonus
1030 3985 1062 4066 3)
1091 3987 1153 4064 ejus
1183 3983 1306 4058 artifex,

82 4121 327 4145 R—

111 4199 125 4247 1
157 4201 183 4254 Ti
253 4244 258 4255 .
310 4243 316 4256 .
358 4244 364 4256 .

112 4197 136 4350 ²l
152 4205 458 4360 Rcmcidoitdlcoiruptarn
486 4293 621 4348 Ciceronis
647 4293 796 4344 versionem
816 4289 908 4355 partim
938 4285 1092 4342 emendasse
1117 4279 1259 4334 Lambinufl-
1279 4285 1307 4328 0¹

84 4371 208 4427 Sclutrius
219 4377 347 4430 videntur.
384 4378 505 4432 Ceterum
523 4378 616 4431 Orellii
634 4379 775 4446 editionem
792 4375 873 4428 secuti
891 4389 986 4426 sumus.

113 4465 137 4531 3)
155 4469 230 4537 Apud
243 4471 375 4526 Platonem
394 4457 516 4558 οἶγαθός
528 4493 563 4532 *ae
587 4478 665 4546 poulo
687 4453 783 4544 posoo‘
806 4453 834 4520 δ’
854 4451 971 4542 ἄριστος
992 4477 1052 4518 τωο
1072 4448 1181 4514 αἰτίων.
1230 4460 1309 4524 Quod
