2832 5120
748 231 803 292 186

493 319 508 354 ·
1404 349 1405 370 l

82 414 86 422 ¹
156 392 333 450 reclinabat.
359 387 387 468 l)
408 388 445 450 Et
463 411 531 456 sane
558 392 674 472 placida
704 393 808 454 horum
837 391 987 453 mimorum
1014 413 1047 452 ac
1068 392 1191 473 dialogis
1211 397 1364 479 potissimum
1404 387 1405 400 ¹

155 503 221 570 apta
242 491 315 548 ratio
340 508 375 546 ex
404 488 550 550 Theocriti
579 488 755 571 intelligitur
774 491 1003 550 Pharmaceutria
1030 505 1057 550 et
1084 490 1287 568 Adouiazusis,
1306 516 1362 574 quae

156 587 226 648 inde
255 588 425 648 informatae
454 601 530 648 sunt.
582 587 657 663 Sed,
688 589 895 668 qualiscunque
920 588 1037 650 tandem
1062 589 1170 670 dialogi
1207 591 1363 654 Platonicis

156 687 331 748 comicorum
350 701 377 746 et
397 685 519 747 Luciani
539 686 718 749 dramatihus
743 686 894 748 diversitas
913 701 974 762 est,
995 687 1074 760 illud
1098 687 1135 746 de
1153 689 1300 752 Aristotele
1315 689 1365 748 ani-

157 784 369 850 madvertamus
388 787 528 859 maxime,
548 786 680 866 dialogos
696 806 760 844 eum
778 775 967 846 destinavisse
986 788 1164 866 argumentis
1183 786 1365 867 popularibus,

98 869 105 876 ’
161 883 293 945 interiori
315 869 382 944 vero
401 883 550 942 doetrinae
569 891 847 959 commentationes,
869 906 957 964 quum
977 885 1059 944 Plato
1082 883 1204 964 dialogis
1223 884 1365 965 complexus

156 982 252 1048 omnia
278 997 358 1042 esset.
398 982 485 1044 Unde
510 983 543 1042 iu
562 984 663 1064 primis
689 983 902 1045 Platonicorum
922 983 1094 1063 scriptoram
1113 1003 1173 1044 non
1191 982 1244 1042 dos
1262 997 1288 1042 et
1306 1003 1366 1042 com·

157 1079 323 1154 mendatio,
344 1080 394 1140 sed
414 1091 528 1140 notura
547 1079 682 1141 efficitur.
726 1083 806 1155 Quae
830 1081 909 1143 enim
934 1079 1069 1140 dramatis
1099 1081 1190 1141 forma
1219 1081 1295 1162 apud
1319 1101 1365 1139 eun

103 1167 107 1180 ⁵
159 1178 262 1236 allexit
288 1177 326 1237 ad
352 1179 505 1259 legendum
533 1177 854 1260 philosophandumque
885 1179 1068 1259 elegantioris
1095 1179 1207 1260 ingenii
1236 1180 1351 1240 homines

157 1277 224 1336 talis
248 1277 317 1336 haec
342 1279 452 1338 scilicet
480 1293 554 1352 erat,
577 1291 608 1336 ut
633 1299 678 1337 res
708 1278 775 1338 item
804 1291 917 1359 caperet
944 1276 1177 1339 abstrusissimas.
1221 1277 1364 1359 Respondet

158 1375 212 1434 illa
231 1375 317 1456 plane
338 1377 394 1456 ipsi
413 1376 537 1436 Socratis
555 1375 774 1458 Philosophiae,
794 1396 867 1455 quae
889 1397 949 1436 non
969 1375 1060 1435 doctis
1083 1376 1140 1435 alia
1151 1423 1159 1452 ,
1181 1376 1238 1441 alia
1263 1375 1366 1444 indoctis

157 1475 232 1549 suit,
254 1475 304 1533 sed
323 1477 431 1555 pariter
453 1477 579 1554 utrisque
602 1475 803 1539 conveniebat.
845 1473 942 1534 Sermo
966 1475 1017 1534 rix
1042 1475 1160 1554 cogitari
1181 1474 1334 1554 simplicior
1348 1487 1366 1530 et

158 1574 297 1635 familiari
318 1576 394 1634 vitae
415 1573 619 1634 consuetudini
638 1575 860 1639 convenientior
885 1585 994 1654 potest,
1016 1593 1100 1650 quam
1121 1573 1230 1652 quoin
1258 1571 1367 1632 Phaedro

158 1672 195 1732 de
215 1671 332 1733 dicendi
350 1672 553 1753 scribendique
573 1687 632 1746 arte
653 1675 766 1752 agitur:
783 1671 965 1752 amplectitur
979 1683 1074 1738 autem
1093 1670 1170 1729 idem
1187 1692 1280 1732 sermo
1297 1669 1367 1730 subli-

158 1791 233 1832 mem
251 1771 332 1833 illam
353 1770 389 1831 de
407 1771 508 1852 pulcro
534 1786 561 1830 et
582 1791 675 1831 amore
699 1771 877 1844 doctrinam,
899 1791 970 1848 quae
992 1770 1055 1850 ipsa
1078 1770 1208 1830 continet
1235 1770 1367 1835 universae

156 1865 358 1949 philosophiae
376 1871 531 1950 principia.
554 1872 618 1929 lies
638 1869 721 1936 nulla
741 1868 897 1942 abstrusior
919 1867 1120 1945 interiorisque
1139 1866 1329 1948 indagationis
1345 1865 1368 1924 in

161 1967 344 2048 philosophia
361 1981 472 2043 exstat,
493 1989 579 2047 quam
599 1989 670 2046 quae
689 1967 803 2028 Philehi
825 1981 883 2040 est,
904 1985 1032 2044 quaeque
1043 1965 1222 2031 Parmenidis
1233 1953 1367 2044 aigumen-

161 2078 238 2123 tum:
266 2065 365 2128 eadem
394 2081 508 2145 tamen,
530 2089 587 2145 qua
618 2066 782 2142 Phaedrus,
804 2067 895 2129 forme
920 2064 1020 2143 scripti
1048 2061 1080 2135 hi
1110 2051 1218 2142 dialogi
1246 2077 1327 2123 suut:
1346 2080 1367 2118 ac

160 2163 228 2223 licet
247 2185 305 2224 non
326 2164 425 2224 eadem
444 2165 495 2224 hos
522 2165 667 2244 legamus,
689 2185 745 2242 qua
774 2162 935 2232 Phaedrum
963 2175 1013 2222 aut
1037 2160 1219 2241 Symposium
1230 2206 1238 2235 ‚
1259 2160 1367 2222 oblecta-

110 2333 114 2344 .
158 2262 237 2325 tione
258 2289 295 2308 -1
312 2261 493 2330 delectantur
512 2263 653 2328 videlicet
671 2261 790 2324 lectores
808 2263 867 2320 fere
889 2260 991 2341 pulcro
1016 2259 1104 2338 magis
1125 2273 1153 2318 et
1170 2279 1285 2333 amore,
1303 2275 1368 2336 quan

160 2359 362 2440 metaphysicis
389 2359 641 2440 disquisitionibus
664 2397 694 2406 -
716 2373 811 2423 tamen
839 2381 898 2418 non
925 2371 1023 2419 carent
1047 2355 1100 2419 hae
1130 2357 1226 2438 ipsae,
1256 2353 1367 2436 quamvis

159 2457 369 2538 metaphysicae
398 2460 595 2537 quaestiones,
630 2459 727 2528 Attica
757 2471 930 2532 venustate,
960 2476 1017 2534 qua
1040 2453 1165 2517 Socratis
1196 2455 1229 2530 in
1259 2451 1367 2514 Phaedro

160 2555 397 2626 commendantur
412 2554 572 2636 sermones.·'
585 2557 661 2616 Haec
673 2557 784 2628 scilicet
797 2577 842 2626 ars
853 2554 905 2614 illa
915 2575 1023 2623 sumina
1034 2568 1089 2630 est,
1104 2574 1190 2632 quam
1202 2554 1253 2623 uni
1264 2552 1368 2614 maxine

160 2654 275 2722 Platoni
296 2654 384 2716 fuisse
402 2653 547 2734 propriam
566 2667 707 2734 putamus.

201 2751 286 2826 Quod
306 2764 399 2810 autem
420 2752 557 2832 suspicati
580 2773 676 2818 sumus
686 2797 695 2826 ,
717 2751 861 2832 singulare
879 2749 1027 2830 quoddam
1047 2769 1184 2827 suumque
1205 2746 1367 2824 Aristotelen

82 2889 84 2894 -
161 2849 312 2920 induxisse
331 2849 508 2928 dialogorum
527 2870 636 2929 genus,
657 2871 717 2922 non
737 2848 875 2928 ejusmodi
896 2863 956 2924 est,
975 2849 1058 2928 quasi
1079 2847 1195 2911 dotibus
1214 2845 1366 2926 quibusdan

159 2948 338 3028 superaverit
357 2947 514 3006 Platonem.
557 2947 587 3012 Si
607 2949 773 3028 superavit,
796 2969 868 3027 quae
886 2949 997 3006 fuerint
1015 2946 1085 3020 illae
1104 2945 1185 3009 dotes
1195 2991 1204 3022 ,
1225 2967 1278 3007 nos
1297 2945 1366 3003 latet:

161 3067 228 3108 nam
247 3047 329 3126 copia
348 3045 400 3104 illa
418 3047 555 3109 orationis
580 3060 608 3105 et
635 3048 742 3126 tragica
767 3047 856 3106 dictio
886 3068 945 3106 nou
975 3044 1057 3105 decet
1086 3044 1201 3125 proprie
1231 3042 1367 3120 dialogum.

160 3145 220 3204 Iino
240 3165 308 3206 vero
326 3139 543 3214 desiderabatur
562 3145 594 3205 in
613 3145 675 3222 ejus
695 3143 836 3225 dialogis,
856 3163 928 3222 quae
944 3141 1041 3205 deesse
1059 3143 1095 3210 iis
1110 3142 1229 3205 minime
1250 3139 1368 3205 debebat,

148 3242 318 3313 „dramatiea
337 3244 419 3302 ratio.
461 3244 550 3320 Cujus
569 3231 616 3300 rei
630 3237 709 3302 testis
728 3258 769 3306 est
788 3243 927 3304 Basilius:
947 3239 1010 3302 ταῖν
1033 3233 1147 3312 ἔξωθεν
1165 3231 1333 3319 φιλοσόφων
1349 3226 1368 3292 οἱ

160 3333 230 3413 eoric
254 3333 408 3420 διαλόγους
431 3333 672 3422 συγγράψαντες,
702 3335 903 3424 Ἀριστοτέλης
928 3338 983 3420 μὲν
1005 3339 1053 3405 καὶ
1080 3334 1273 3422 Θεόφραστος
1295 3327 1368 3405 addit

75 3481 78 3504 ι
161 3436 260 3507 αὐτῶν
285 3434 404 3523 ἥψαντο
426 3441 486 3504 τῶν
511 3435 710 3523 πραγμάτων,
736 3437 785 3504 διά
810 3437 846 3504 τό
866 3439 1023 3510 συνειδέναι
1044 3441 1158 3517 ἑαυτοῖς
1178 3443 1240 3506 τῶν
1259 3443 1367 3504 moseo

161 3545 247 3610 νιαοῖν
264 3543 397 3627 χαρίτων
414 3539 469 3626 τήν
489 3538 608 3607 ἔνδειαν.
652 3538 782 3612 Πλάτων
801 3542 840 3610 ,δὲ
860 3546 901 3631 τῇ
917 3543 1037 3630 ,ἐξουσίᾳ
1053 3539 1214 3626 τοῦλόγου
1237 3534 1367 3623 incinit

161 3651 224 3723 τοῖς
243 3642 371 3728 δόγμασι
388 3641 530 3728 μάχεται,
554 3641 632 3726 ὁμοῦ
651 3645 686 3709 δὲ
708 3646 756 3710 καὶ
774 3649 996 3734 ααρακωμῳδεῖ
1009 3643 1046 3708 τά
1061 3641 1214 3730 πρόσοιτο.
1236 3646 1267 3727 2)
1301 3640 1366 3705 one

161 3753 298 3834 princeps
313 3751 366 3810 illa
383 3750 511 3809 Platonis
529 3749 582 3809 dos
599 3751 792 3834 intelligitur,
821 3750 979 3811 dramatiea
997 3750 1137 3824 facultas,
1158 3771 1214 3828 qua
1240 3743 1366 3827 ingenium

83 3901 89 3908 .
163 3871 308 3929 moresque
333 3870 519 3931 personarum
543 3852 690 3929 expressit.
733 3849 790 3909 Sed
809 3849 984 3930 peculiarem
1004 3847 1165 3908 Aristotelis
1184 3847 1317 3906 rationem
1333 3839 1365 3894 λη’

163 3947 321 4028 telligimus
338 3948 467 4025 hancce,
489 3962 520 4006 ut
539 3935 746 4028 philosophiae
760 3949 920 4029 dialogum,
941 3963 1076 4027 tanquam
1094 3947 1213 4005 sormam
1227 3939 1364 4024 quandam>

163 4047 328 4123 adhiberet,
349 4069 405 4126 qua
425 4046 537 4105 scilicet
553 4045 765 4106 commendaret
780 4045 942 4126 legentibus
958 4047 1064 4127 placita
1080 4066 1140 4106 sua.
1161 4044 1197 4105 Id
1212 4057 1284 4104 certe
1292 4085 1300 4116 ‚
1317 4043 1364 4118 post

165 4168 230 4207 cum
245 4147 295 4226 qui
311 4146 439 4226 dialogos
453 4146 645 4226 scripserunt,
659 4152 828 4226 'spectarunt
842 4145 916 4220 fere,
930 4143 1115 4219 Plutarchus,
1130 4143 1302 4214 Athenaeus,
1318 4137 1363 4214 ipse

198 4357 384 4422 tirannos
405 4359 503 4408 Theocr.
524 4358 644 4408 Αδοιιίσσ,
662 4374 688 4424 p.
708 4355 764 4407 tat.
1021 4422 1027 4430 ²
1257 4421 1259 4426 ι

199 4443 225 4507 2)
244 4447 322 4514 Epist.
340 4444 397 4495 167.
417 4444 493 4511 (Opp.
513 4444 557 4490 Ill.
578 4442 628 4494 187
648 4440 686 4506 C.)
706 4442 743 4494 Gi.
763 4444 840 4507 wyte.
859 4442 936 4519 Epist.
956 4443 988 4491 σά
1007 4459 1051 4492 me.
1072 4457 1096 4506 p.
1115 4440 1168 4490 llll.
