2908 5114
705 222 764 282 374

123 389 171 450 vel
191 389 367 448 existimare.
378 384 572 458 Quamobrem
590 378 670 444 ἰδέαι
692 385 746 446 hoc
768 385 904 457 nomine,
921 403 936 440 a
956 382 1088 442 sensibus
1098 383 1207 460 ducto,
1226 401 1354 466 tanquam

115 492 241 564 semaa
260 485 399 544 dicuntur
409 527 418 556 ,
438 497 466 542 et
486 484 563 543 Deus
581 487 643 566 ipse
667 484 811 546 mundum
830 482 993 542 informans
1011 483 1145 544 similiter
1161 469 1289 566 πὸιητὴς
1307 469 1355 544 roei

123 578 238 662 κόσμου
259 605 291 644 ac
313 573 498 662 δημιουργός
519 583 693 663 appellatur.
719 583 748 664 l)
769 581 827 643 Sed
846 579 982 663 proprie,
1005 581 1165 642 secundum
1188 587 1280 666 ipsam
1301 587 1354 646 Pla·

124 688 238 747 tonicae
259 683 461 765 philosophiae
490 681 649 759 rationem,
680 685 762 744 ideae
793 693 860 740 sunt
881 673 919 740 ari
942 670 1037 753 ὅντως
1059 671 1140 744 ὄντα.
1173 685 1253 744 Deus
1270 699 1354 743 autem

124 777 232 865 νοητός
253 796 295 842 est
316 797 401 859 atque
422 778 454 840 ἐν
475 779 519 864 τῷ
540 772 603 840 rivet
624 781 661 842 ad
692 784 745 843 illa
777 771 963 855 deterrima
986 803 1052 840 cum
1073 777 1267 864 παράδειγμα
1287 781 1354 840 illud

125 907 239 960 rerum,
260 903 334 962 quae
355 881 514 960 aliquando
537 883 651 941 futurae
672 897 780 957 essent,
802 885 935 964 concepit
952 880 997 966 τῷ
1018 881 1074 966 νῷ,
1093 898 1155 943 tum
1176 885 1214 945 ad
1236 881 1353 962 ejusdem

127 982 351 1043 similitudinem
372 980 514 1040 mundum
534 973 643 1060 ripatov
665 981 844 1041 informavit.

128 1111 131 1117 ·
165 1081 227 1139 Hoc
249 1079 339 1160 igitur
359 1076 444 1136 modo
465 1100 530 1140 cum
551 1082 717 1141 existimare
738 1099 791 1139 nos
811 1078 847 1137 de
866 1078 940 1140 ideis
959 1103 992 1140 ac
1011 1081 1050 1141 de
1069 1080 1172 1141 divina
1195 1075 1352 1137 naturado-

127 1192 190 1237 ceat
203 1174 392 1258 philosophia
420 1175 567 1254 Platonis,
598 1179 704 1258 quidni
726 1197 778 1235 nos
797 1175 918 1237 divinae
945 1193 1065 1238 naturae
1086 1199 1146 1236 non
1166 1177 1260 1236 solum
1280 1175 1353 1233 attri-

128 1276 251 1334 buamus
270 1275 435 1348 veritatem,
456 1276 507 1335 sed
529 1277 590 1356 ipsa
616 1295 678 1334 eam
709 1275 830 1335 veritate
861 1290 991 1336 constare
1012 1277 1166 1336 dicamus?
1190 1275 1268 1332 Haec
1287 1271 1353 1332 scili·

130 1387 242 1432 cetuna
253 1367 421 1430 dominatur
431 1371 464 1430 in
475 1371 554 1432 illis:
577 1395 645 1432 narn
655 1373 806 1432 veritatem
816 1373 889 1451 quid
900 1395 959 1433 esse
978 1374 1060 1434 aliud
1082 1385 1234 1453 putemus,
1254 1383 1353 1450 praeter

129 1468 226 1544 illud,
246 1465 326 1548 quod
347 1479 411 1544 est,
432 1491 492 1529 non
514 1471 547 1530 fit
565 1493 598 1531 ac
618 1471 756 1544 nascitur,
776 1490 837 1528 non
859 1470 917 1530 alio
936 1485 1063 1552 tempore
1084 1471 1167 1531 aliud
1187 1470 1236 1531 vel
1255 1480 1294 1528 est
1312 1464 1352 1526 vel

131 1568 250 1628 videtur
271 1587 349 1641 esse,
369 1567 421 1626 sed
448 1568 526 1626 idem
554 1583 596 1628 est
616 1570 780 1649 perpetuo?
810 1566 846 1626 ld
875 1571 1086 1650 autem'ipsum
1098 1615 1106 1644 ‚
1126 1568 1206 1647 quod
1224 1569 1263 1626 ita
1279 1563 1353 1624 nobis

130 1685 146 1722 e
166 1663 284 1723 sublimi
296 1663 351 1722 hac
366 1663 552 1745 philosophia
563 1666 698 1725 sublimis
716 1663 908 1744 philosophus
924 1667 1149 1748 percipiendum
1158 1713 1167 1741 ,
1185 1679 1260 1724 certe
1277 1682 1353 1741 augu·

129 1760 254 1819 randum
274 1760 428 1840 praebuit,
449 1762 621 1822 admirabile
638 1777 680 1822 est
690 1809 699 1835 ,
721 1775 753 1820 ut
764 1764 924 1843 exprimere
944 1766 1022 1824 omni
1042 1786 1113 1825 aevo
1130 1764 1265 1822 mortales
1281 1781 1353 1820 cona·

129 1861 152 1916 ti
171 1859 240 1918 sint.
263 1857 494 1918 Celebratissima
513 1875 555 1920 est
572 1861 742 1942 Aegyptiaci
760 1862 862 1941 templi
882 1863 1051 1942 inscriptio,
1074 1883 1090 1919 a
1107 1861 1261 1921 Plutarcho
1280 1856 1352 1916 nobis

130 1969 259 2015 servata:
288 1949 369 2033 Ἐγώ
391 1954 449 2033 εἶμι
475 1957 535 2017 πᾶν
556 1949 594 2019 ari
622 1951 740 2037 γεγονὸς
759 1955 808 2016 καὶ
828 1953 862 2018 ὂν
888 1957 937 2018 καὶ
965 1951 1115 2036 ἐσόμενον·
1143 1959 1193 2020 καὶ
1220 1953 1269 2019 adr
1289 1947 1352 2032 ἒμόν

129 2049 239 2113 πέπλον
261 2050 358 2128 οὐδείς
379 2079 426 2116 πω
441 2053 558 2140 θνητός
579 2052 773 2134 ἀπεκάλυψεν.
794 2057 826 2139 2)
847 2060 951 2134 Quid?
971 2061 1050 2139 quod
1071 2063 1177 2120 nostris
1199 2081 1251 2120 nos
1260 2055 1351 2136 linguis

130 2150 166 2214 ari
188 2147 237 2229 dr,
259 2150 314 2238 τήν
336 2153 454 2234 ariolae,
483 2171 645 2220 veritatem
674 2168 910 2236 sempiternam,
940 2160 1000 2217 Deo
1027 2158 1239 2232 adscribimus,
1266 2171 1292 2214 et
1307 2154 1350 2212 bac

131 2271 261 2315 constare
286 2281 450 2339 supremum
483 2280 592 2318 numen
626 2257 770 2330 dicimus,
804 2255 955 2314 essentiam
988 2277 1175 2337 supremam,
1206 2261 1282 2313 etro
1308 2272 1352 2309 sa-

128 2356 254 2430 prlme,
277 2376 391 2433 unoque
412 2359 530 2416 nornine
550 2377 801 2433 opperwezen,
822 2356 935 2428 Deum,
956 2375 1041 2432 quern
1059 2354 1202 2428 colimus,
1218 2348 1351 2432 appellan-

130 2463 182 2508 tes.
225 2450 311 2522 Quod
342 2453 410 2510 item
441 2452 478 2510 de
499 2451 591 2526 ideis,
625 2466 657 2510 ut
682 2452 784 2532 paullo
815 2464 883 2511 ante
904 2453 1019 2526 monui,
1040 2472 1239 2532 usurpamus,
1259 2445 1352 2526 quoties

133 2539 206 2606 ariaci
228 2539 263 2606 td
283 2538 377 2608 καλόν
399 2547 508 2607 Graece
536 2547 586 2633 api
610 2541 687 2609 ι’)’ντι
711 2542 815 2621 καλόν,
848 2548 964 2628 Belgica
985 2551 1175 2626 wazeahjlr
1194 2550 1293 2632 echeon
1313 2563 1351 2602 vo·

132 2669 237 2708 camus.
260 2647 307 2708 Sic
324 2665 426 2732 sponte
446 2651 501 2730 ipsi
530 2649 627 2709 nostra
647 2649 701 2709 bac
733 2657 876 2708 veritatis
904 2647 1023 2705 notione
1050 2649 1132 2725 quasi
1157 2655 1352 2726 repraesentare

131 2748 237 2804 animis
257 2749 363 2807 nostris
382 2761 410 2806 et
428 2749 520 2806 Deum
540 2761 569 2806 et
596 2768 641 2806 res
669 2746 875 2826 intelligibiles
903 2745 1116 2805 consuevimus.
1143 2746 1225 2819 Quae
1245 2761 1304 2800 eum
1320 2738 1352 2794 ita

133 2844 192 2902 sint
201 2889 210 2917 ,
227 2844 333 2923 quidni
354 2859 382 2904 et
403 2859 524 2903 naturae
543 2845 701 2904 convenire
722 2843 938 2924 philosophiam
957 2842 1157 2918 Platonicam,
1179 2857 1208 2901 et
1226 2842 1310 2899 Deum
1323 2854 1351 2892 ex

132 2941 221 3019 hujus
241 2943 396 3024 principiis
416 2941 618 3024 philosophiae
637 2949 736 3019 ipsias
757 2949 899 3000 resecatis
923 2942 1019 3000 ideale
1039 2950 1176 3000 nostrum
1195 2941 1255 3000 sive
1272 2924 1352 3014 napsi-

135 3039 240 3120 δειγμα
269 3039 430 3101 dicendum
453 3038 680 3118 habendumque
702 3039 898 3099 arbitremur?
931 3038 1112 3119 Philosophi·
1128 3052 1193 3118 post
1222 3038 1351 3097 Platonem

133 3142 213 3215 fere,
232 3154 347 3200 auctore
365 3140 490 3198 maxime
511 3137 682 3212 Aristotele,
702 3159 759 3218 quo
769 3138 858 3216 magis
875 3157 1037 3196 caussarum
1046 3149 1265 3214 assequerentur
1278 3135 1352 3194 scion-

133 3239 224 3312 tiam,
243 3238 368 3296 interius
385 3236 463 3294 hanc
483 3237 663 3316 principem,
678 3235 754 3294 hanc
773 3233 907 3294 divinam
927 3255 1073 3308 caussam,
1102 3236 1220 3312 ejusque
1239 3247 1351 3292 naturam

135 3335 273 3414 indagare
289 3335 351 3392 ausi
370 3347 457 3392 sunt:
488 3331 607 3412 peplum
631 3333 727 3406 illud,
757 3332 836 3411 quod
854 3333 886 3390 in
907 3332 1027 3411 antiqua
1053 3331 1245 3411 inscriptione
1264 3347 1353 3388 memo-

134 3445 232 3506 ratur,
251 3431 384 3510 quamvis
413 3430 546 3489 mortales
574 3432 631 3511 ipsi
642 3431 823 3506 ,detectum
844 3430 972 3490 iverunt.
1015 3428 1104 3488 Unde
1124 3431 1286 3509 cacologiae
1304 3425 1353 3484 dis·

133 3531 244 3610 ciplina
273 3529 404 3602 exstitit,
434 3529 471 3586 ab
492 3528 647 3588 Aristotele
669 3531 730 3608 jam
750 3525 865 3608 prodita
883 3529 916 3588 in
935 3527 1020 3586 libris
1041 3527 1077 3586 de
1096 3527 1312 3608 metaphysica,
1330 3520 1353 3600 3)

136 3627 233 3686 verbis
251 3648 321 3688 vero
340 3626 393 3685 illa
412 3626 625 3705 verborumque
645 3625 869 3687 definitionibus
888 3626 994 3704 magis,
1017 3646 1101 3703 quam
1121 3624 1209 3683 rebus
1228 3637 1353 3683 constans.

135 3723 299 3783 Praestabat
321 3725 514 3802 ignorantiam
529 3725 562 3782 in
582 3723 629 3782 his
646 3738 772 3783 nostram
792 3723 944 3797 confiteri,
961 3723 1012 3784 vel
1032 3723 1124 3782 Deum
1148 3721 1311 3802 simpliciter
1326 3737 1353 3774 ex

135 3841 191 3880 usu
213 3817 380 3899 linguarum
399 3829 497 3899 ipsam
523 3827 684 3878 vamtatem
710 3821 875 3902 appellare,
903 3821 968 3896 rel,
988 3822 1012 3880 si
1041 3821 1191 3881 Platonica
1215 3820 1354 3900 exprimere

136 3917 261 3996 imagine
290 3920 438 3979 notionem
470 3934 595 3978 nostram
625 3919 787 3978 naturalem
815 3918 984 3995 mallemus,
1011 3919 1171 3978 secundum
1191 3917 1313 3998 ejusdem
1327 3912 1355 3971 de

136 4011 211 4076 ideis
236 4011 398 4076 doctrinam
417 4018 458 4076 sic
486 4007 699 4097 pronunciare}
731 4041 792 4078 aare
813 4018 914 4078 Deum
940 4019 1120 4077 mortalibus
1137 4025 1238 4094 ipsias
1256 4021 1354 4074 acrita-

145 4221 148 4226 ’
170 4223 201 4290 1)
225 4227 327 4278 Timaeo.
344 4226 386 4280 28.
406 4223 434 4278 C.

172 4311 203 4375 2)
221 4310 288 4363 Plut.
308 4315 337 4362 da
353 4313 385 4364 ls.
407 4323 429 4362 et
443 4314 508 4363 Osir.
525 4311 583 4364 354.
605 4314 632 4364 (ἵ,

173 4395 204 4453 3)
222 4397 301 4446 Libro
322 4399 412 4462 quinto
433 4399 582 4462 praecipue.
