2908 5114
658 288 717 348 309

69 459 99 504 et
117 446 239 506 tertium
263 458 291 506 et
317 447 431 528 saepius
460 447 611 528 legerunt,
632 449 722 508 etsie
751 447 961 509 contraxerunt
987 468 1052 508 cum
1082 462 1197 507 auctore
1224 445 1306 524 quasi

69 544 301 604 familiaritatem
326 544 491 624 quandam:
532 559 595 604 tum
623 567 695 609 vero
724 547 826 605 mirari
864 539 1008 606 disinimt.
1060 545 1159 624 Ipsum
1187 558 1307 603 naturae

69 641 207 700 ordinem
236 643 268 700 in
289 643 325 701 iis
345 642 591 724 deprehendunt,
618 643 778 722 inquibus
799 645 918 703 omnino
948 643 1081 703 ordinem
1109 655 1176 700 ante
1195 641 1315 726 deside·-

68 753 229 798 raverant:
262 760 329 798 nam
351 739 424 817 quid
444 755 564 800 naturae
584 740 740 821 respondet
749 740 813 801 ¹illa
839 741 951 800 ratione
977 741 1084 819 magis,
1105 740 1229 818 quaein
1251 761 1307 798 me·

68 837 124 893 dio
143 857 197 894 nos
213 838 326 916 negotia
340 840 430 918 rapit,
452 839 623 917 singulaque
643 838 782 919 deinceps
801 839 970 918 singulatim
990 840 1137 896 cernendo
1157 837 1307 916 explicat?

68 933 190 992 Tenuia
208 947 302 992 autem
319 934 372 993 illa
391 949 420 993 et
439 935 515 996 levia
532 936 612 1016 apud
631 936 795 1011 Platonem,
818 937 869 995 ubi
897 936 1071 996 dramaticae
1098 937 1220 994 rationis
1245 935 1306 996 vim

68 1043 98 1088 et
119 1050 206 1088 usum
226 1046 437 1113 perceperunt,
457 1033 577 1092 maximi
600 1053 660 1092 csse
680 1034 817 1093 momenti
833 1033 944 1100 ¹vident
966 1032 1004 1091 ad
1030 1034 1159 1091 animum
1185 1033 1308 1111 legentis

66 1126 268 1208 capiendum,
294 1129 455 1188 tenendum
475 1143 525 1190 ct·
541 1129 610 1192 vero
638 1131 710 1189 illuc
740 1129 942 1203 evehendum,
969 1151 1026 1208 quo
1055 1130 1181 1189 maxime
1207 1129 1306 1188 tendit

68 1227 133 1305 ipsa
156 1215 360 1305 philosophia,
382 1227 403 1286 i.
425 1248 450 1286 e.
472 1226 510 1286 ad
528 1228 680 1290 veritatem
709 1229 748 1287 in⁴
771 1228 862 1287 rebus¹
887 1213 1062 1307 gravissimis
1080 1226 1305 1306 assequendam:

67 1344 146 1401 quae
157 1323 204 1383 vis
213 1323 394 1384 inductionis
412 1338 454 1383 est
471 1345 538 1384 cum
556 1325 703 1406 analytica
726 1326 838 1385 ratione
857 1327 1039 1403 conjunctae.
1057 1323 1205 1382 ‘Sentiunt
1215 1370 1223 1399 ,
1240 1326 1307 1403 qui,

67 1422 111 1479 sic
143 1419 285 1500 legendo,
312 1435 372 1480 tam
399 1422 598 1498 Herodotum,
623 1444 709 1503 quam
737 1423 888 1483 Platonem
916 1436 1009 1482 totum
1035 1423 1134 1481 animo
1162 1422 1307 1501 complexi

67 1531 141 1576 sunt
151 1562 161 1592 ,
183 1519 332 1593 sentiunt,
359 1520 417 1578 alia
435 1540 464 1579 se
485 1521 601 1596 omnia,
630 1535 706 1580 certe
724 1521 810 1602 plura
829 1521 990 1601 percepisse
1017 1520 1133 1593 animo,
1163 1540 1249 1597 quam
1270 1519 1307 1578 ab

68 1616 161 1674 initio
180 1621 409 1677 autumaveiant.
450 1617 523 1676 Nam
541 1619 721 1678 Herodotum
738 1619 829 1678 secuti
849 1617 970 1692 ducem,
992 1639 1051 1676 non
1072 1617 1222 1678 historiam
1242 1620 1307 1677 uni·

68 1733 101 1770 ce
128 1712 326 1789 Graecorum,
349 1715 423 1774 belli
442 1715 550 1775 Persici
571 1728 717 1796 tempore,
750 1730 781 1774 ut
802 1715 880 1775 tradi
902 1715 938 1773 ab
967 1714 1112 1774 historicis
1133 1714 1225 1790 solet,
1256 1715 1307 1775 sed

69 1811 205 1870 universi
226 1811 305 1870 orbis
322 1811 425 1871 iisdem
441 1811 621 1893 temporibus
641 1812 808 1886 historiam,
835 1814 893 1872 imo
912 1830 982 1873 vem
1002 1813 1116 1870 nullius
1134 1834 1194 1872 non
1213 1813 1308 1892 gentis

70 1909 243 1988 regionem,
273 1929 382 1984 mores,
412 1909 562 1984 indolem,
592 1910 687 1970 studia
717 1911 949 1989 investigarunt:
981 1910 1146 1989 pariterque
1177 1909 1309 1987 legendis

67 2006 307 2085 meditandisque
336 2007 466 2067 Platonis
495 2007 637 2088 dialogis,
658 1998 840 2086 quaestiones
860 2028 922 2067 non
942 2007 1036 2066 solum
1057 2007 1090 2065 in
1119 2005 1306 2087 philosophia

69 2105 275 2182 gravissimas,
305 2102 356 2163 sed
376 2106 474 2163 minus
502 2105 588 2163 etiam
612 2126 732 2184 graves,
755 2119 786 2164 ut
807 2104 946 2167 videntur
973 2104 1109 2183 quidem,
1130 2105 1228 2184 prouti
1250 2105 1307 2162 loci

69 2212 142 2260 sunt
161 2201 200 2260 de
220 2223 338 2277 amore,
359 2201 396 2262 de
416 2205 556 2277 artibus,
587 2202 625 2262 de
642 2204 834 2281 disciplinis,
856 2201 893 2261 de
917 2203 1086 2280 eloquentia
1107 2217 1135 2262 et
1156 2204 1308 2261 scribendi

69 2307 140 2354 erte
151 2344 160 2372 ,
183 2297 235 2356 has
254 2299 344 2379 igitur
363 2289 561 2378 quaestiones,
581 2321 670 2378 quae,
692 2314 725 2359 ut
744 2300 891 2374 vidimus,
911 2300 1043 2381 proxime
1064 2314 1132 2358 sunt
1153 2322 1219 2359 cum
1238 2299 1307 2379 phi-

70 2394 207 2474 losophia
233 2399 426 2475 conjunctae,
457 2396 603 2478 explicare
632 2397 721 2471 simul
752 2411 779 2456 et
808 2397 1010 2479 philosophiae
1037 2397 1135 2457 studio
1170 2397 1309 2456 abhibere

69 2493 254 2554 didicerunt.
831 2573 833 2578 Ι

111 2590 231 2665 Quibus
264 2591 474 2653 animadversis
506 2591 658 2669 omnibus,
691 2593 790 2674 dispar
823 2593 1000 2672 intelligitur
1031 2593 1195 2672 analyticae
1227 2593 1310 2652 illius

71 2689 242 2769 scriptionis
268 2703 297 2748 et
319 2689 500 2770 syntheticae
529 2691 562 2750 in
588 2691 694 2750 animis
721 2689 880 2770 legentiu'm
901 2689 1024 2753 effectus.
1077 2690 1156 2748 Haec
1176 2689 1309 2748 assentiri

71 2808 124 2846 nos
144 2787 225 2866 cogit
245 2775 393 2866 scriptoiu's
413 2788 592 2847 sententiae:
622 2808 690 2846 nam
712 2787 805 2846 omnis
826 2785 859 2845 in
880 2807 913 2844 eo
934 2801 994 2861 est,
1017 2800 1049 2847 ut
1068 2786 1144 2846 hanc
1165 2784 1308 2845 definien-

72 2883 128 2961 do,
150 2882 323 2964 probando,
344 2884 571 2944 demonstrando
599 2885 684 2944 nobis
704 2883 894 2965 persuadeat:
916 2884 969 2943 illa
990 2905 1059 2944 vero
1079 2883 1205 2942 liberum
1223 2880 1309 2942 nobis

68 2981 219 3060 judicium
245 2981 402 3060 relinquit:
436 2996 548 3042 tantum
577 2981 650 3041 adeo
678 2981 777 3055 abest,
815 2993 847 3038 ut
876 3001 976 3040 verum
1005 3001 1059 3040 nos
1084 2981 1249 3040 existimare
1274 2979 1308 3040 id

71 3093 175 3160 cogat,
195 3080 273 3159 quod
294 3080 389 3161 placet
407 3081 537 3155 auctori,
559 3094 587 3140 et
604 3093 684 3160 regat
698 3079 846 3157 judicium
867 3092 1015 3152 nostrum,
1037 3092 1070 3136 ut
1094 3079 1155 3139 veri
1183 3078 1310 3138 amorem

72 3177 105 3236 in
124 3178 356 3238 animisnostris
384 3178 508 3252 excitet,
534 3179 642 3258 quippe
670 3175 865 3236 discernendo
893 3175 1125 3256 explicandaque
1152 3173 1309 3256 spectanda

73 3275 159 3334 nobis
178 3275 342 3357 praebens,
362 3297 435 3354 quae
453 3275 510 3357 ipsi
526 3275 701 3355 judicemus.
744 3276 809 3348 Quo
836 3273 1013 3354 praeclarius
1033 3272 1081 3331 illi
1101 3274 1253 3352 scriptores
1272 3270 1310 3330 de

73 3391 176 3451 genere
199 3372 328 3432 humano
347 3386 535 3447 meruerunt,
556 3373 607 3450 qui
627 3372 825 3450 qualicunque
853 3373 886 3430 in
913 3373 1088 3452 scriptorum
1107 3389 1210 3452 genere
1236 3390 1309 3428 ana-

74 3468 195 3549 lyticam
215 3471 356 3530 rationem
377 3483 565 3550 usurparunt.
607 3471 679 3528 Nam
700 3469 734 3527 fit
757 3468 834 3528 illud
859 3491 920 3528 non
947 3469 1071 3548 dialogis
1098 3481 1212 3528 tantum
1240 3467 1309 3526 scri·

74 3564 197 3628 bondis:
212 3567 298 3626 -idem
315 3569 425 3644 effecit,
447 3582 480 3626 ut
507 3567 726 3627 attendentibus
745 3579 841 3649 patet,
864 3565 1031 3627 Aristoteles
1047 3587 1144 3626 rerum
1165 3565 1310 3624 naturali-

75 3683 123 3722 um
144 3680 173 3724 et
191 3664 379 3744 politicarum
394 3665 593 3745 expositione:
611 3665 706 3740 idem,
727 3679 759 3725 ut
779 3685 859 3724 nunc
876 3663 1023 3738 vidimus,
1042 3663 1206 3723 Herodotus
1221 3661 1310 3720 histo·

77 3761 120 3819 rit
139 3762 322 3821 enarranda:
340 3760 436 3838 idem,
458 3764 624 3843 quicunque
644 3762 801 3822 scribendo
820 3762 969 3843 explicare
983 3773 1205 3840 argumentum,
1222 3780 1310 3838 quam

77 3878 144 3945 suas
160 3859 284 3939 probare
302 3861 454 3941 opiniones
474 3861 651 3921 maluerunt.
693 3861 731 3919 Et
762 3881 831 3920 vero
860 3859 1052 3940 philosophi,
1073 3879 1129 3937 quo
1157 3859 1254 3946 minus
1280 3878 1310 3916 se

76 3955 183 4035 abduci
198 3958 345 4018 statuendi
361 3957 458 4018 studio
473 3959 620 4034 siverunt,
635 3981 692 4038 quo
706 3959 795 4036 magis
813 3957 989 4016 Socraticam
999 3956 1081 4015 illam
1093 3969 1121 4015 et
1131 3956 1311 4015 Platonicam

77 4052 262 4132 inquirendi,
278 4057 311 4114 in
327 4057 428 4136 primis
439 4055 579 4116 cernendi
587 4055 792 4135 jungendique
802 4054 971 4114 methodum
981 4055 1013 4113 in
1025 4054 1140 4134 scriptis
1149 4053 1210 4111 suis
1219 4052 1310 4110 secuti

77 4167 160 4228 sunt,
181 4173 214 4212 eo
233 4168 262 4212 et
278 4154 401 4216 'avidius
421 4154 489 4214 lecti
508 4168 593 4227 sunt,
615 4167 643 4212 et
661 4154 767 4214 certius
794 4150 996 4229 efficaciusque
1015 4145 1136 4210 lectores
1156 4148 1195 4208 a'd
1214 4147 1311 4227 inqui·

78 4250 198 4309 rendam
217 4251 481 4331 assequendamque
506 4235 657 4313 veritatem
676 4226 863 4329 adjuverint.
915 4249 974 4307 Nec
1001 4269 1070 4308 sane
1096 4260 1204 4306 temere
1229 4242 1312 4304 affir-

78 4366 152 4406 mare
172 4349 244 4408 mihi
262 4349 383 4426 videor,
411 4351 482 4408 hinc
509 4349 690 4431 potissimum
708 4349 770 4409 vim
792 4345 998 4428 explicandam
1024 4366 1098 4420 csse,
1119 4363 1205 4422 quam
1231 4343 1312 4401 omni

81 4464 152 4504 aevo
171 4446 204 4504 in
229 4446 325 4506 studia
343 4447 583 4528 philosophorum
602 4447 708 4528 scripta
726 4446 855 4507 Platonis
878 4445 1055 4506 habuerunt.
1098 4444 1169 4502 Nam
1199 4453 1227 4500 et
1257 4438 1311 4498 hac
