2898 5120
5 4319 7 4366 i

679 285 686 294 ·
747 260 805 320 att

103 490 108 497 ,
150 423 272 490 iratae:
293 434 440 508 nequiita
454 447 544 506 porro
562 435 617 487 aut
634 426 782 487 adulatus
801 435 856 484 out
875 428 1046 484 admiratae
1057 425 1220 499 fortunam
1237 444 1297 480 sum
1313 421 1351 480 ol·

152 536 269 603 terius,
290 538 325 587 ut
341 549 386 586 me
404 549 485 587 meae
500 534 673 606 poeniteret.
694 523 734 583 Id
748 531 827 583 enim
845 523 1111 603 ipsumaPlutone
1127 521 1353 599 philosophiaque

152 628 333 702 didiceram,
353 628 511 685 naturales
535 646 594 685 eeee
614 625 758 702 quaedam
781 631 981 682 concereionae
997 621 1302 699 rerumpublicarum,
1323 629 1354 676 ut

152 745 203 784 eae
230 735 295 784 tum
323 747 342 784 a
366 727 554 804 principibus
582 731 776 796 temerantur,
808 730 909 796 tuma
926 721 1061 800 populis,
1081 718 1240 798 aliquando
1257 741 1275 776 a
1293 728 1354 776 ein-

151 823 243 903 gnlie.
267 821 296 904 l)
334 819 566 882 seductrices
594 819 630 880 de
655 817 821 900 tyrannidis
846 819 985 900 origiue.¹
1005 815 1230 897 Disquirendum
1247 813 1281 873 de
1298 816 1358 895 ipsa

153 918 207 980 hac
226 919 346 1000 pessima
367 931 409 978 est
428 919 555 979 civitatis
575 916 753 978 conditione.

532 1133 534 1138 ’
592 1112 651 1173 De
679 1113 926 1202 tyrannide.

152 1279 157 1295 Ι
198 1307 270 1369 «Uti
287 1307 318 1367 iu
337 1305 392 1368 hac
410 1306 526 1368 infinita
545 1311 672 1368 omnium
690 1309 808 1369 licentia
825 1308 1004 1383 calumniae,
1024 1307 1233 1380 accusationes,
1253 1303 1316 1363 lites
1333 1323 1362 1362 ao

153 1406 352 1468 contentiones
378 1407 527 1482 oriuntur,
547 1408 695 1472 consuevit
719 1407 847 1490 populus
875 1427 964 1467 unum
990 1405 1113 1484 aliquem
1130 1404 1176 1464 sui
1193 1402 1363 1462 defensorem

154 1526 269 1581 creare,
289 1525 408 1586 eumque
428 1503 469 1563 *ut
499 1519 668 1566 servatorem
698 1503 836 1581 laudare,
857 1505 969 1586 sibique
990 1502 1150 1585 praeficere.
1191 1499 1303 1560 Accidit
1321 1521 1363 1558 au·

154 1617 231 1678 tem,
252 1615 284 1662 ut
311 1605 336 1664 is
363 1605 488 1684 primum
506 1603 623 1684 quidem
642 1603 737 1665 faveat
758 1602 936 1682 arridentque
956 1592 1083 1675 cunctis,
1104 1598 1213 1660 deinde
1231 1617 1317 1672 vero,
1336 1611 1365 1654 ut

154 1699 192 1760 ab
215 1699 330 1760 insidiis
357 1702 537 1762 inimieorum
556 1714 636 1761 tutus
661 1702 717 1776 sit,
738 1700 869 1762 custodes
887 1699 1023 1780 quosdam
1042 1700 1168 1780 corporis
1184 1709 1316 1778 expetat„
1336 1707 1364 1753 ut

154 1798 251 1859 salvus
277 1798 345 1879 ipsis
371 1800 408 1858 sit
434 1799 535 1882 populi
563 1798 728 1859 auxiliator.
769 1799 846 1858 Dant
863 1812 957 1858 autem
971 1799 1035 1876 illi,
1056 1793 1201 1870 δείσαντος
1221 1791 1277 1874 μὲν
1295 1787 1363 1872 ὑπὲρ

155 1893 276 1972 ἐκείνου,
298 1888 502 1980 &addicerem
517 1893 559 1980 ,δὲ
579 1890 654 1980 ὑπὲρ
676 1891 800 1958 ἑαυτῶν·
824 1898 858 1956 de
885 1895 938 1955 illa
965 1899 1107 1981 solliciti,
1137 1901 1173 1958 de
1191 1903 1366 1973 semetipsis
1410 1915 1415 1918 ·

103 2037 107 2046 ·
155 2007 257 2058 autem
283 2006 391 2060 securi.
432 1999 487 2060 Ille
516 2020 601 2076 vero,
632 2020 688 2079 quo
712 2000 802 2080 magis
822 2001 1021 2060 auctoritatem
1039 2013 1196 2076 sustentet,
1217 1996 1294 2057 bella
1311 1996 1365 2054 fere

156 2110 267 2173 movet,
298 2109 330 2156 ut
356 2095 430 2157 duce
459 2110 543 2178 atque
571 2099 740 2180 imperatore
769 2099 892 2179 populus
920 2099 1058 2179 indigeat.
1109 2099 1195 2157 Porro
1226 2093 1362 2155 attendere

84 2203 87 2214 ¹
156 2215 221 2255 eum
249 2207 377 2277 oportet,
397 2196 460 2276 quis
487 2198 519 2256 in
546 2196 662 2257 civitate
684 2197 789 2271 sonis,
819 2196 885 2276 quis
909 2197 1124 2276 magnanimus,
1145 2196 1210 2274 quis
1229 2191 1360 2275 prudeus,

157 2293 221 2373 quis
244 2291 327 2351 dives
355 2294 416 2354 sit.'
442 2294 502 2354 Hos
529 2294 638 2354 scilicet
663 2294 782 2368 metuit,
809 2285 873 2354 nec'
891 2295 967 2356 vivit
992 2293 1167 2373 tranquille,
1188 2293 1282 2352 donec
1305 2290 1366 2348 uni-

158 2410 253 2452 versos
278 2391 468 2452 summoverit.
519 2391 599 2451 Talis
630 2392 794 2451 felicissima
822 2405 865 2453 est
892 2391 959 2461 illa,
974 2391 1100 2452 civitatis
1126 2390 1276 2464 conditio,
1304 2407 1368 2467 quae

157 2487 309 2568 tyrannica
328 2501 455 2570 vocatur.
495 2487 602 2570 Nempe
620 2471 749 2571 δ’δῆμος
766 2483 882 2572 φεύγων
904 2477 939 2550 o'iu
959 2483 1067 2572 καπνόν
1094 2485 1227 2562 δουλείας
1256 2481 1369 2548 ἐλευθέ-

68 2639 70 2648 ,
159 2606 235 2664 ρων,
262 2583 388 2669 είςὲαῦρ
418 2578 533 2648 δούλων
554 2587 722 2665 δεσποτείας
749 2585 785 2652 δν
811 2586 1007 2674 iunenceonoig
1028 2586 1088 2673 εἴη,
1109 2585 1174 2652 elmi
1195 2589 1250 2672 τῆς
1271 2587 1370 2669 πολλῆς

158 2684 267 2772 ἐκείνης
289 2688 345 2779 ,nal
372 2682 496 2771 α’καίροο
522 2683 695 2774 iituttrqlac
731 2677 789 2775 τήν
818 2687 1033 2776 χαλεπωτάτην
1062 2715 1093 2755 τε
1120 2690 1168 2754 καί
1202 2684 1371 2778 πικροτάτην

159 2782 273 2853 δούλων
304 2789 436 2854 δουλείαν
465 2788 753 2874 μεταμαισχόμενος·
780 2798 907 2875 papulae
929 2803 1086 2872 seruitutis
1104 2797 1267 2878 liberorum
1286 2797 1371 2853 toni-

159 2915 232 2952 num
253 2895 383 2974 fugiens
400 2897 547 2970 fumum,
578 2905 611 2955 in
631 2899 794 2974 flammam
826 2915 979 2960 ceruorum
1009 2896 1223 2954 dominationis
1251 2895 1371 2966 incidit,

161 2993 219 3051 loco
235 2998 368 3073 ingentio
385 2994 472 3052 illiue
496 3003 526 3052 et
550 3002 739 3072 importunae
759 2980 911 3058 libertatis
928 2993 1123 3052 durissimam
1141 2985 1372 3052 acerbissimam·

160 3112 216 3170 que
234 3111 387 3150 sarcarum
402 3099 583 3166 vsartee‘tutem
608 3095 735 3154 sulione.
747 3116 761 3150 u
775 3089 807 3172 2)

201 3188 265 3272 Non
293 3201 335 3248 eet
361 3189 394 3254 in
422 3201 550 3249 veterum
578 3189 811 3272 philosophorum
842 3188 958 3270 politica
990 3186 1088 3263 locus,
1110 3187 1167 3272 ¹qui
1187 3201 1248 3246 tam
1267 3187 1321 3246 isse
1336 3183 1371 3242 ab

161 3285 232 3365 ipsis
250 3298 292 3344 est
307 3298 421 3364 tamque
437 3298 569 3345 accurate
588 3288 749 3367 expositus,
770 3307 854 3366 quam
872 3284 951 3345 locus
969 3285 1017 3352 hic
1039 3284 1075 3344 de
1092 3284 1261 3365 tyrannide.
1297 3281 1374 3357 Quod

162 3401 199 3442 ex
217 3383 398 3461 antiquarum
419 3381 908 3466 conditione-rerumpublicarum,
937 3403 1009 3462 quae
1027 3403 1124 3442 omues
1148 3381 1268 3442 tandem
1287 3383 1317 3441 iu
1336 3395 1373 3460 ty·

161 3478 299 3541 rannides
327 3479 479 3556 abierunt,
499 3479 674 3561 intelligitur
702 3482 798 3542 facile.
840 3480 1008 3555 Cauendum
1031 3476 1135 3540 iccirco
1161 3480 1193 3538 in
1222 3480 1323 3561 primis
1338 3500 1375 3538 ar·

160 3577 420 3654 bitrabantur„ue
446 3578 510 3657 quis
537 3579 568 3638 in
597 3579 715 3643 civitate
740 3601 828 3641 novas
847 3600 891 3638 res
908 3579 1075 3655 moliretur,
1096 3579 1259 3654 imovero,
1280 3599 1317 3638 ne
1334 3577 1375 3637 vel

109 3689 113 3697 ’
161 3676 308 3758 paulisper
332 3676 454 3756 saquis
482 3697 550 3758 prae
577 3676 691 3737 civibus
716 3677 774 3736 suis
806 3679 934 3754 efferret3
958 3672 1036 3736 un'de
1052 3678 1249 3752 ostracismus,
1269 3676 1376 3758 petalis·

162 3794 243 3850 mus,
264 3773 369 3834 similia
395 3774 474 3856 apud
503 3789 611 3836 veteres
640 3775 791 3852 instituta,
811 3797 844 3836 eo
867 3767 1025 3856 spectantia
1044 3775 1184 3850 maxime,
1206 3795 1242 3833 ne
1261 3775 1376 3834 oriretur

163 3871 196 3930 in
215 3871 332 3932 civitate
350 3874 501 3952 tyrannis:
524 3885 585 3932 tum
605 3873 690 3932 etiam
708 3873 881 3934 existimatio
900 3886 928 3932 et
949 3872 1038 3953 gloria
1059 3871 1327 3954 tyrannicidarum,
1347 3873 1375 3958 in

163 3990 284 4050 quorum
303 3969 439 4031 honorem
466 3985 573 4031 statuae
600 3972 670 4052 poni
701 3971 840 4033 solebant.
862 3959 865 3964 ’
889 3960 988 4050 ltaque
1015 3971 1114 4030 Cicero
1141 3969 1297 4028 aemulatus
1323 3969 1376 4028 lere

163 4090 222 4130 esse
240 4089 305 4129 cum
322 4066 572 4132 Platone-videtur
582 4115 591 4146 ,
613 4069 663 4129 ubi
681 4070 800 4151 tyranni
819 4069 971 4149 imaginem
992 4067 1153 4158 adumbrat.
1201 4068 1375 4147 Tyrannus,

161 4429 166 4442 ἢ
203 4362 227 4428 1)
245 4365 283 4416 De
301 4365 384 4417 Dicin.
403 4365 430 4418 n.
449 4363 473 4416 2.

200 4447 227 4516 2)
245 4451 356 4520 Deliep.
374 4451 437 4504 vlit.
456 4450 514 4506 565.
534 4449 562 4503 G.
580 4478 613 4489 -
631 4449 688 4502 569.
710 4447 737 4503 G.
766 4481 771 4487 ·
