2950 5134
675 291 709 351 19

95 457 147 514 viro
163 453 284 527 similes,
305 454 374 532 qui,
396 453 528 512 adhibito
547 455 694 543 analogiae
712 456 842 529 lumine,
864 455 1037 517 mirabiliter
1060 456 1243 517 illustrarunt
1261 460 1308 517 ab·

93 569 156 628 ditos
173 589 295 648 quosque
315 582 343 627 et
362 567 477 648 linguae
497 568 622 628 Graecae
640 583 667 628 et
686 569 859 630 Graecarum
878 570 1027 630 literarum
1046 581 1179 632 recessus.
1219 572 1309 632 simi-

94 684 149 742 liter
170 697 297 744 versatur
315 684 415 743 critica
432 684 465 741 in
483 683 569 747 rebus
587 699 716 745 veterum
730 699 763 745 et
782 685 970 766 opinionibus
995 687 1231 768 interpretandis.
1263 689 1308 748 Ex

93 801 143 879 ipsa
162 799 338 878 antiquitatis
354 798 454 858 indole
469 813 497 857 et
515 801 618 879 repetit
638 800 703 859 illas
723 815 750 860 et
768 800 904 861 declarat.
950 802 1035 877 Quod
1053 801 1219 882 eloquenter
1236 827 1309 864 com-

92 914 226 973 mendavit
248 915 384 973 Ernestus
408 915 439 972 in
463 913 683 974 celebratissima
709 917 746 975 ad
771 916 933 997 Stiglizium
961 917 1098 998 epistola,
1128 939 1212 997 quam
1230 921 1308 980 Cice·

94 1032 158 1089 roris
174 1029 308 1112 operibus
336 1029 517 1110 praeposuit,
547 1029 636 1110 digne
664 1033 794 1105 sane,si
821 1033 894 1110 quid
913 1032 1012 1107 aliud,
1033 1045 1091 1091 tam
1108 1008 1216 1092 illustri
1235 1035 1307 1094 loco.

93 1147 140 1205 Nec
162 1165 227 1206 vero
252 1145 350 1226 dispar
375 1159 416 1204 est
441 1145 590 1224 utriusque
615 1147 743 1205 muneris
766 1166 831 1206 cum
846 1137 1051 1229 propositum,
1079 1161 1140 1208 tum
1167 1151 1305 1231 propositi

93 1260 249 1341 perficiendi
268 1261 350 1320 ratio.
390 1261 462 1318 Nam
483 1273 634 1339 utrumque
657 1260 788 1322 valetud
808 1283 910 1322 aevum
934 1263 1104 1341 antiquum,
1125 1262 1309 1342 obscuratum
1402 1298 1407 1307 ·

93 1376 164 1435 nobis
180 1375 286 1434 saeculi
311 1374 400 1434 medii
422 1374 573 1450 barbarie,
595 1396 667 1454 quae
686 1376 816 1436 nondum
835 1377 922 1458 plane
940 1377 1023 1458 pulsa
1039 1391 1082 1436 est
1092 1424 1100 1453 ‚
1121 1379 1310 1460 aperiendum

92 1505 115 1549 et
130 1490 348 1550 illustrandum:
381 1489 531 1571 perficitur
559 1505 652 1554 autem
682 1511 740 1550 una
763 1491 918 1571 eademque
937 1493 1041 1552 mentis
1060 1492 1215 1568 facultate,
1236 1514 1309 1572 quae

92 1605 288 1683 injudicando
313 1605 459 1681 cernitur,
489 1606 568 1665 unde
596 1607 657 1687 ipsa
685 1605 784 1666 critica
810 1627 914 1666 nomen
937 1605 1032 1666 habet.
1056 1657 1087 1664 -
1108 1607 1155 1666 Sic
1175 1607 1309 1688 Wytten·

91 1719 210 1780 bachium
234 1719 387 1800 aliquoties
414 1721 515 1781 audivi
540 1719 576 1779 de
605 1721 706 1780 critica
732 1721 937 1795 disserentem,
965 1734 1026 1779 tum
1045 1742 1141 1781 senem
1167 1723 1309 1798 maxime,

91 1857 166 1914 quum
184 1835 385 1917 praelegissem
404 1837 430 1897 ei
449 1835 662 1894 memorabilem
682 1835 806 1896 Brandis
821 1835 859 1894 ad
874 1836 1022 1915 Heynium
1037 1836 1203 1917 epistolam,
1224 1857 1309 1916 quarn

91 1947 165 2027 hujus
184 1952 260 2012 vitae
281 1951 403 2010 inseruit
420 1951 577 2009 Heerenus.
609 1951 725 2009 Fatetur
744 1950 885 2024 Brandes,
907 1950 1120 2010 Hemsterhusio
1138 1973 1166 2010 se
1177 1951 1309 2010 debuisse

91 2083 190 2124 sensum
209 2065 396 2144 studiumque
420 2065 546 2125 Graecae
566 2066 741 2125 venustatis:
774 2065 806 2136 in
829 2065 895 2125 aliis
914 2066 1076 2126 Academiis
1095 2066 1167 2125 alios
1194 2088 1223 2125 se
1243 2081 1309 2126 ante

92 2179 222 2240 audivisse
253 2181 402 2240 literarum
428 2179 576 2254 doctores,
597 2180 630 2238 in
658 2201 780 2259 quorum
802 2180 907 2240 scholis
926 2182 1044 2261 frigeret
1061 2180 1166 2261 plane:
1198 2179 1249 2240 sed
1279 2196 1309 2240 ut

95 2293 195 2356 Leidam
214 2297 344 2357 venisset
363 2309 390 2354 et
410 2296 589 2375 cognovisset
612 2295 877 2372 Hemsterhusium,
900 2317 1020 2375 eumque
1038 2295 1075 2354 de
1095 2295 1211 2355 Graecis
1228 2296 1308 2355 audi·

95 2410 166 2469 risset
187 2411 283 2470 literis
311 2425 339 2470 et
360 2411 478 2494 publice
502 2411 687 2470 disserentem
716 2424 744 2468 et
766 2411 888 2490 privatis
911 2431 1006 2469 secum
1031 2410 1209 2468 sermonibus
1226 2431 1309 2490 agen·

93 2535 154 2581 tem:
178 2539 240 2584 tum
263 2527 350 2604 igitur
366 2524 519 2584 incaluisse
538 2545 566 2587 se
585 2525 621 2584 de
641 2539 758 2606 repente
782 2539 866 2604 atque
884 2526 1020 2585 exarsisse
1039 2527 1221 2604 antiquarum
1240 2526 1308 2584 lite-

93 2659 173 2698 rarum
196 2658 312 2713 amore,
343 2654 370 2699 et
396 2641 521 2720 primum
538 2641 697 2721 percepisse
716 2663 746 2699 os
766 2643 903 2698 divinum
913 2687 921 2715 ,
944 2640 1021 2720 quod
1040 2641 1205 2699 etiamnunc
1224 2661 1308 2720 agno-

93 2771 167 2815 sceret
192 2759 224 2816 in
246 2757 369 2815 Homero
386 2755 414 2816 et
437 2755 599 2814 Plutarcho,
623 2803 653 2811 -
675 2757 754 2830 Quae
773 2769 922 2835 postquam
934 2754 1125 2836 praelegeram
1144 2755 1205 2813 seui
1216 2801 1225 2829 ,
1255 2756 1307 2812 sci-

94 2866 165 2945 licet,
185 2873 224 2930 mi
247 2870 358 2930 Heusdi
369 2916 378 2946 ,
399 2869 509 2949 inquit,
529 2869 608 2929 haud
623 2883 682 2928 erat
706 2869 937 2928 Hemsterhusius
963 2868 1015 2929 ille
1025 2916 1034 2945 ,
1058 2859 1112 2929 οἷοι
1135 2867 1186 2928 νῦν
1205 2869 1308 2951 βροτοὶ

93 2981 148 3058 εἰσι,
167 3009 261 3067 neque
288 2987 374 3045 etiam
393 2985 492 3065 quales
510 2998 579 3044 tunc
598 2999 679 3044 erant
697 2984 790 3044 multi.
831 2984 944 3063 Integer
958 2983 1009 3042 ille
1025 2999 1053 3045 et
1067 2989 1195 3046 sincerus
1214 3009 1228 3046 e
1248 2971 1308 3069 pri}
1358 3041 1361 3052 ,

94 3105 126 3161 sci
143 3103 263 3164 sanitate
282 3101 346 3161 aevi
366 3087 528 3180 prodierat,
549 3099 683 3158 immunis
702 3120 718 3157 a
737 3100 780 3158 sui
802 3098 908 3158 saeculi
918 3101 1099 3180 contagione:
1121 3102 1198 3181 quod
1214 3123 1309 3162 rarum

96 3238 191 3300 semper
214 3219 273 3277 fuit
298 3231 326 3276 et
349 3214 496 3295 singulare
520 3229 687 3274 naturarum
703 3235 801 3294 genus.
840 3212 887 3272 Sic
907 3213 974 3273 item
994 3216 1205 3292 Ruhnkenius,
1227 3217 1310 3276 utin

96 3335 145 3410 ejus
162 3343 225 3403 vito
245 3333 356 3411 scn'psi.
388 3330 475 3389 Haud
498 3331 663 3410 percipiunt
683 3349 787 3388 sonum
803 3331 940 3387 divinam
957 3331 990 3388 in
1008 3331 1148 3407 Homero,
1167 3333 1199 3391 in
1214 3333 1311 3414 Platq-

98 3469 125 3505 ne
135 3497 142 3523 ,
161 3452 191 3510 in
206 3447 380 3521 Plutarcho,
400 3445 505 3524 quibus
524 3445 556 3504 id
574 3446 696 3503 maxime
716 3444 829 3526 placet,
850 3443 928 3523 quod
948 3466 1056 3504 novum
1074 3462 1115 3506 est
1136 3461 1163 3506 et
1182 3469 1311 3528 praesen-

96 3563 125 3620 tis
144 3565 286 3644 temporis.
323 3560 424 3620 Sardis
444 3550 511 3620 suut
528 3559 652 3634 similes,
682 3561 732 3639 qui
743 3559 874 3638 judicare
893 3558 929 3618 de
944 3561 1051 3620 musica
1068 3562 1184 3622 audent.
1209 3567 1240 3618 .-’
1259 3563 1311 3622 Fe·

96 3679 157 3738 stive
183 3679 236 3739 hos
265 3695 426 3758 comparare
455 3675 563 3735 solebat
592 3695 656 3744 cum
686 3695 786 3756 specus
804 3673 1085 3749 Platoniciincolis,
1116 3678 1165 3756 qui
1197 3678 1312 3738 umbras

98 3813 179 3851 rerum
198 3805 377 3875 spectarent,
399 3811 442 3849 res
461 3792 645 3870 ignorarent,
671 3803 698 3848 et
717 3790 897 3868 inquirerent
915 3801 1008 3847 tamen
1027 3789 1059 3848 in
1077 3789 1143 3850 illas
1163 3792 1263 3852 sedulo
1284 3809 1311 3852 et

98 3906 248 3988 diligenter.
280 3908 318 3966 Et
332 3907 472 3988 profecto,
506 3907 556 3984 qui
576 3905 734 3986 praesentis
754 3901 882 3962 inclusus
900 3903 963 3962 aevi
978 3905 1131 3984 angustiis,
1157 3907 1226 3966 hinc
1246 3893 1313 3966 exiss

101 4023 200 4082 stimare
219 4025 256 4084 de
274 4021 400 4100 antiquis
425 4021 563 4094 sustinet,
586 4019 717 4078 umbram
732 4020 756 4077 is
778 4029 876 4075 cernet
894 4016 1092 4095 antiquitatis,
1112 4021 1311 4099 antiquitatem

100 4135 238 4213 ignorabit.
278 4135 467 4213 Quamobrem
496 4155 548 4192 nec
577 4125 671 4192 critici
696 4133 814 4193 dicendi
840 4144 924 4205 sunt,
954 4133 1004 4212 qui
1024 4134 1162 4213 neglectis
1182 4151 1309 4194 veterum

100 4253 198 4334 scriptis
208 4301 216 4329 ‚
235 4253 344 4315 rivulos
362 4253 470 4312 adeunt
490 4250 683 4324 novitiorum,
706 4262 737 4307 ut
755 4247 824 4306 hinc
843 4256 1010 4324 cognoscere
1030 4249 1228 4326 antiquitatem
1247 4263 1309 4307 stu·

100 4362 191 4427 deant:
213 4391 264 4430 nec
282 4355 353 4431 vero
370 4368 415 4427 illi
435 4368 532 4439 etiam,
553 4366 683 4444 quamvis
702 4363 788 4442 vulgo
801 4361 854 4420 hoc
874 4363 990 4420 nomine
1010 4363 1161 4453 dieantur,
1182 4366 1231 4442 qui
1251 4380 1308 4424 stu·

102 4477 169 4540 diose
192 4499 312 4546 tractant
331 4497 459 4544 veterum
486 4481 608 4562 scripta,
635 4500 687 4538 nec
706 4489 815 4537 cessant
833 4479 928 4535 tamen
946 4490 1072 4556 tempora
1092 4479 1188 4537 eorum
1207 4479 1244 4540 ad
1263 4482 1306 4540 sui

993 4590 1028 4648 2,
