2898 5120
142 415 190 484 dre
216 416 309 498 ὅςᾶν
332 414 467 503 ἀμύητος
489 419 541 485 aot
563 415 718 496 &dimoc
737 422 780 496 εἰς
792 415 875 508 ᾄδοι»
894 418 1051 506 diplomatis,
1072 421 1108 488 is
1126 419 1268 513 βορβόρῳ
1284 425 1364 490 salos·
1432 486 1433 502 ,

142 545 203 600 tet,
225 518 243 586 ὁ
262 521 301 586 δὲ
311 519 535 606 κεκαθαρμένος
549 545 581 586 st
592 522 642 586 sui
653 520 871 604 τετελεσμένος,
893 523 984 588 mm
998 520 1192 608 ἐφοιόμως,
1208 525 1365 608 mailletii

141 618 267 708 obtriuit·
298 629 445 688 sidentur
479 636 553 686 item
587 627 653 703 tlte,
680 635 735 706 qui
759 631 844 688 nobis
872 635 1022 708 mysteriis
1046 639 1290 707 emetitumut,
1316 655 1364 692 uos

141 728 350 788 contemnendi
377 727 500 804 quidum
527 747 607 800 sets,
628 725 680 784 ted
703 745 810 804 reapse
832 727 904 786 olim
929 728 1042 786 eccum
1060 729 1270 808 significasse,
1289 753 1365 802 eum,

141 834 196 906 qut·
221 847 279 884 uon
299 831 554 902 expectatamque
578 831 726 884 initiatus
748 826 790 883 ud
810 826 929 901 inferos
952 831 1157 906 aegrescat,
1185 834 1221 886 t'u
1245 829 1309 887 luto
1319 835 1367 904 jo·

140 945 208 983 cm
217 945 232 995 ;
252 929 424 1003 quicunque
450 941 520 980 otro
543 932 698 1003 purgatus
726 933 818 1001 utque
844 929 992 982 intuente
1013 924 1292 1001 illucescentem,
1309 949 1367 986 suu

138 1021 215 1081 Diis
242 1024 393 1081 habitura.
420 1017 451 1099 1)
489 1019 571 1080 Plato
598 1041 668 1080 vero
694 1021 807 1100 politioe
831 1019 937 1081 haecce
953 1019 993 1080 ad
1012 1021 1213 1103 philosophiae
1233 1025 1366 1084 reomatit

139 1121 340 1180 severitatem:
361 1117 440 1197 quod
458 1117 565 1199 posteri
584 1118 616 1176 in
634 1119 756 1199 primis,
777 1120 936 1180 recentiore
957 1139 1029 1180 aevo
1039 1164 1048 1195 ,
1069 1119 1251 1181 factitarunt.

180 1216 297 1277 Deinde
323 1213 617 1278 animadvertendum
644 1215 731 1275 nobis
755 1215 793 1276 de
819 1215 874 1276 illo
901 1215 1103 1298 philosophias
1130 1217 1214 1293 loco,
1245 1231 1278 1276 ut
1303 1232 1367 1278 reate

146 1313 350 1394 intelligatur,
369 1313 424 1372 hoc
453 1327 504 1372 est.
546 1314 612 1372 Non
635 1311 777 1393 simplex,
801 1327 835 1374 ut
861 1313 951 1374 bodie
980 1326 1042 1387 est,
1074 1313 1154 1395 apud
1182 1329 1294 1376 veteres
1317 1330 1368 1376 erat

137 1410 178 1471 de
198 1411 414 1471 immortalitate
441 1411 603 1469 animorum
632 1410 785 1487 demaine,
804 1409 856 1471 sed
875 1410 1017 1492 duplex,
1039 1424 1074 1470 nt
1090 1412 1206 1472 ιιιίιιιιιε
1227 1425 1367 1472 comante
1434 1406 1435 1422 ¹

139 1508 217 1569 banc
247 1510 339 1570 vitam
368 1509 477 1581 foisse,
508 1520 571 1570 ton
598 1521 663 1589 post
691 1507 768 1568 hanc
794 1510 886 1570 vitam
903 1509 1023 1568 iuturus
1041 1529 1074 1567 ao
1094 1509 1289 1589 sempiternos
1304 1508 1368 1569 dire·

144 1619 235 1668 retur.
277 1606 325 1668 sie
339 1625 444 1688 nempe
463 1604 684 1685 distinguebant
703 1607 837 1686 antiqui:
859 1621 888 1666 ct
902 1606 985 1668 Plato
1000 1620 1059 1666 tam
1077 1605 1373 1686 ultionemque
1435 1646 1436 1714 ,

139 1705 171 1764 in
199 1705 359 1764 Phaedone
385 1705 511 1785 primum
533 1703 628 1778 illud,
659 1717 721 1763 tum
749 1703 804 1763 boc
831 1703 954 1764 alterum
978 1704 1165 1766 demonstrat
1214 1705 1322 1764 Mirum
1342 1703 1370 1764 id
1435 1715 1436 1740 l

141 1803 242 1862 moltis
270 1801 366 1864 videri
396 1816 482 1881 atque
509 1799 667 1864 absurdum
695 1801 783 1862 solete
803 1823 859 1862 nec
877 1823 930 1864 nos
948 1801 1106 1862 defendere
1126 1803 1259 1864 Platonis
1277 1823 1308 1862 ac
1326 1823 1371 1862 se·

139 1913 234 1960 tetum
266 1901 440 1960 senteutiam
466 1900 668 1964 sustineamus.
708 1899 909 1960 Veruntamen
937 1901 1048 1959 iactum
1077 1901 1118 1960 ita
1146 1914 1208 1976 est,
1230 1914 1264 1960 ut
1284 1900 1371 1960 eadem

139 1997 193 2057 illa
211 1998 345 2060 doctrina
364 2011 495 2072 tentant,
525 2011 662 2075 quantam
686 1995 833 2072 vidimus,
855 1997 887 2057 in
906 2000 970 2058 veri
989 1997 1204 2079 philosophiam
1222 1997 1301 2079 apud
1316 1998 1370 2058 Pla·

140 2107 239 2154 tonetn
271 2095 331 2156 vim
357 2094 504 2156 babuerit.
545 2096 618 2155 llam
642 2094 778 2156 adhibita
802 2095 1013 2178 uphilosopho
1031 2109 1075 2155 est
1092 2095 1130 2156 sd
1148 2098 1314 2159 universam
1328 2095 1370 2156 de·
1436 2104 1437 2194 l

138 2191 357 2253 monstrandam
386 2191 424 2252 de
454 2193 528 2254 ideis
557 2207 643 2272 atque
669 2195 777 2274 optima
801 2194 987 2257 institutione
1005 2193 1184 2267 doctrinam,
1207 2207 1240 2258 ut
1257 2192 1371 2257 efficere

142 2289 233 2364 inde,
262 2289 485 2350 memorandam
508 2309 569 2352 esso
601 2292 788 2355 institutione
815 2291 964 2366 ἰὰιιιιιιιιιι,
993 2313 1065 2370 ques
1090 2293 1124 2354 itt
1145 2293 1296 2371 superiore
1320 2291 1371 2352 via

144 2385 394 2466 adoptantem,
413 2389 600 2463 mensorium,
620 2390 785 2469 quaeregio
808 2389 841 2452 in
867 2387 923 2450 bac
942 2391 1004 2454 vin
1024 2388 1062 2452 ad
1081 2388 1237 2470 palmum,
1257 2388 1373 2458 Ιιοιιιιιι,

137 2484 265 2561 justum,
285 2497 436 2560 sanctum,
458 2484 595 2548 moinum
624 2488 759 2550 convert
789 2484 906 2560 denuo,
926 2485 966 2552 ad
993 2487 1065 2552 huet
1089 2485 1224 2566 exempla
1242 2499 1273 2548 et
1289 2484 1372 2574 pbilo

138 2580 327 2662 sopharemur
353 2595 383 2641 et
411 2583 595 2660 viveremus,
625 2595 688 2648 tum
719 2605 789 2648 tero
820 2585 927 2660 etism,
949 2598 1000 2659 ut,
1020 2605 1093 2664 quae
1120 2583 1170 2646 hie
1198 2603 1373 2648 essemosex·

137 2681 215 2754 orsi,
235 2679 269 2740 in
301 2680 401 2740 fotura
428 2681 490 2742 sita
518 2681 731 2762 pefficeoemus.
790 2681 878 2746 Unde
908 2696 1007 2763 patet,
1034 2694 1161 2761 quantae
1181 2680 1375 2760 amplitudinis
1437 2689 1438 2734 l

138 2775 338 2857 ubertatisque
360 2777 416 2838 boc
441 2777 522 2858 apud
548 2793 661 2850 netues
679 2778 821 2860 placitum
842 2779 943 2844 luerit.
982 2778 1107 2844 Accedit
1127 2791 1234 2853 auum,
1257 2792 1290 2838 ut
1307 2777 1375 2838 idem

140 2873 228 2933 hocce
254 2873 294 2934 de
312 2875 528 2936 immortalitate
546 2875 687 2956 placitum
704 2875 784 2957 apud
802 2889 915 2942 veteres
935 2898 969 2940 ac
989 2876 1142 2940 Platonem
1162 2875 1201 2940 ad
1213 2883 1303 2953 juata·
1321 2897 1376 2956 pro

137 2971 202 3050 prio
227 2971 443 3054 philosophiam
473 2974 628 3053 pertineat.
669 2974 735 3048 Quo
753 2975 843 3054 magis
856 2975 1004 3051 justitiam
1032 2987 1206 3048 tuerentur,
1239 2988 1272 3036 ut
1302 2975 1376 3038 nobis

133 3070 196 3146 jam
225 3071 294 3130 satis
320 3091 337 3129 s
365 3070 485 3133 Platone
514 3073 609 3154 patuit
636 3085 667 3135 et
692 3071 858 3136 dilucidius
885 3071 972 3136 etiam
1000 3070 1142 3150 deinceps
1170 3069 1304 3150 patebit,
1333 3073 1376 3132 im·

137 3165 288 3226 monalem
311 3187 371 3228 eea
392 3167 579 3232 affirmabant
605 3170 736 3234 ιιιιιιιιιιι
763 3168 907 3234 hominist
928 3168 970 3234 eie
996 3168 1077 3232 enin
1106 3167 1262 3242 sutorum,
1283 3183 1376 3232 ιιι-ιιι

133 3265 243 3342 justis,
264 3267 397 3342 quamue
420 3265 516 3341 mua,
534 3287 591 3329 nec
621 3267 756 3345 injustis,
777 3266 910 3350 quamvis
930 3265 1066 3346 prosperi
1083 3265 1202 3328 sonunt
1221 3265 1273 3326 bic
1292 3278 1378 3328 esseu

87 3347 95 3358 ”
140 3361 205 3435 ιιιί,
224 3363 354 3443 praemia
384 3377 413 3424 et
439 3383 550 3444 poenes
574 3362 717 3430 deessent.
759 3365 825 3438 Quo
851 3377 962 3444 spectat
979 3362 1111 3428 tribunal
1130 3361 1208 3424 illud
1228 3362 1377 3436 divinum,

137 3457 219 3538 qood
241 3479 280 3521 cx
309 3461 437 3541 sanquis
465 3461 578 3526 labolis
603 3462 686 3528 Plato
714 3464 748 3526 in
780 3461 896 3543 Gorgia
924 3460 1088 3540 descripsit
1105 3458 1139 3542 2)
1178 3461 1217 3522 Et
1246 3462 1379 3536 omnino,

139 3557 193 3619 ubl
223 3559 438 3622 accuratissime
462 3558 656 3641 philosophus
684 3559 723 3624 da
757 3559 812 3624 boc
840 3559 950 3646 placito
976 3559 1054 3637 agit,
1084 3558 1128 3618 ibi
1156 3559 1282 3620 maxime
1309 3557 1378 3618 idem

139 3669 227 3735 stom
246 3655 352 3718 meme
372 3669 505 3720 naturam
529 3655 687 3722 humanam
707 3657 873 3738 investigat.
915 3657 963 3720 Ex
983 3655 1189 3732 mercedes,
1209 3657 1261 3736 qui
1280 3654 1377 3716 natust

139 3749 228 3814 nobis
261 3755 360 3831 inest,
399 3754 644 3818 immortalitatem
691 3755 781 3820 animi
823 3753 909 3820 ducit
942 3753 1023 3835 apud
1061 3753 1212 3818 Platonem
1250 3754 1375 3814 Diotime.

141 3848 229 3925 Quod
249 3851 324 3916 nihi
342 3850 461 3931 quidem
479 3853 540 3913 lere
565 3854 662 3916 visum
682 3866 724 3916 est
747 3853 948 3932 gravissimum
969 3872 1029 3916 esse
1050 3852 1151 3933 placiti
1169 3865 1375 3934 argumentum,

140 3967 318 4027 quamquam
347 3950 407 4008 fere
438 3949 475 4010 ab
503 3949 712 4031 interpretibus
739 3951 903 4030 neglectum
932 3963 984 4009 est.
1026 3951 1097 4008 Nam
1123 3963 1294 4030 postquam,
1313 3943 1376 4027 quid

142 4065 223 4106 arnor
247 4059 337 4121 esset,
367 4047 563 4125 exquisiverat
591 4046 694 4111 divina
714 4049 839 4125 mulier,
860 4047 892 4108 id
912 4049 1037 4108 maxime
1054 4049 1086 4107 in
1107 4068 1140 4108 eo
1156 4045 1373 4114 animadvertit,

181 4345 206 4408 1)
225 4347 317 4399 ruat.
335 4345 378 4398 co.
399 4343 428 4398 c.

179 4430 207 4494 u
226 4431 301 4499 osu.
320 4429 379 4484 sao.
400 4430 447 4484 cr.
466 4433 543 4485 tutu
561 4450 587 4500 ρ.
609 4434 666 4489 ιιι.
735 4465 740 4473 -
