2908 5114
650 291 708 350 351

63 448 196 508 stantiam
215 445 327 508 habet?
349 468 406 526 quo
424 463 465 508 est
493 451 638 531 proposito
656 449 832 510 tractanda?
863 451 898 510 Id
919 472 934 509 e
955 453 1192 510 theoreticurum
1221 451 1300 533 apud

65 545 261 619 Aristotelem,
282 565 354 622 quas
374 560 477 622 vocat,
498 547 697 607 doctrinarum
720 561 824 607 natura
844 548 1053 608 declarandum
1070 563 1121 608 est.

101 645 174 702 Nam
193 642 307 723 duplex
326 656 367 702 est
385 644 465 724 apud
484 666 549 704 eum
569 646 768 707 doctrinarum
789 666 898 725 genus,
919 669 1041 726 quarum
1062 646 1185 706 alterum
1203 648 1301 708 conti-

62 756 128 816 net,
149 754 289 820 quotquot
305 757 480 821 praeparant
496 742 534 802 ad
575 745 725 806 veritatem
754 756 782 803 et
809 745 979 804 scientiam:
1010 753 1172 826 organicae
1202 745 1301 828 appel·

61 841 159 900 lantur
186 838 292 918 vulgo,
321 838 483 917 inquibus
513 856 581 901 sunt
610 843 781 916 dialectica,
810 843 972 917 rhetorica,
1008 844 1119 922 poesis:
1140 855 1302 904 tractantur

61 939 128 998 illae
156 928 272 1010 οἱπλῶς,
305 933 447 1011 ἐνδοξῶς,
470 939 624 1014 πιθανῶς,
656 938 779 1013 κοινῶς·
810 943 934 1001 alterum
966 961 1033 1000 vero
1061 961 1151 1020 genus
1178 942 1302 1019 majores

60 1037 144 1113 illas,
165 1031 220 1111 τοίς
240 1033 474 1120 θεωρητικός
494 1043 713 1123 complectitur:
746 1043 778 1102 in
798 1043 845 1102 his
872 1033 1017 1118 α’κριβῶς,
1049 1033 1112 1099 κατ’
1141 1032 1301 1119 ἀλήθειαν,

58 1130 131 1196 κατά
154 1132 257 1218 φύσιν,
285 1141 464 1222 θεολογικῶς
486 1143 592 1222 agitur.
618 1138 647 1220 l)
675 1140 751 1199 Sunt
770 1153 866 1198 autem
886 1141 955 1199 illac
973 1154 1049 1213 tres,
1070 1162 1193 1219 quarum
1211 1141 1301 1215 haee,

59 1257 143 1314 quam
173 1242 355 1320 quaerimus,
388 1262 552 1303 caussarum
579 1239 720 1312 scientia,
752 1258 861 1296 summa
881 1251 932 1298 est.
969 1229 1063 1297 Ὥστε
1086 1241 1165 1319 τρεῖς
1186 1231 1224 1298 ἂν
1245 1230 1302 1298 εἷεν

59 1335 230 1418 φιλοσοφίαι
251 1339 452 1423 θεωρητικαὶ,
476 1332 693 1418 μαθηματική,
727 1329 852 1416 φυσικη,
886 1332 1051 1420 θεολογική.
1074 1339 1106 1419 2)
1145 1333 1301 1420 Theologi-

58 1458 123 1496 cam
140 1455 244 1517 vocat,
266 1442 345 1522 quod
364 1444 401 1503 ad
422 1444 527 1505 divina
549 1441 673 1499 refertur
691 1438 835 1514 maxime,
866 1441 976 1521 quippe
999 1437 1146 1521 quidquid
1173 1439 1301 1517 primum

59 1550 85 1595 et
103 1557 247 1598 summum
265 1556 307 1601 est
327 1543 491 1623 exquirens.
512 1536 579 1600 Καὶ
609 1532 666 1620 γάρ
697 1529 836 1618 καθάπερ
860 1535 892 1597 ἕν
912 1541 975 1612 τοῖς
998 1533 1156 1619 ἐγκυκλίους
1177 1537 1302 1615 φιλοσο-

58 1627 177 1714 φημασι
207 1636 275 1719 περὶ
298 1633 336 1700 τά
362 1645 434 1702 θεῖα
460 1635 596 1714 πολλάκις
623 1635 816 1721 προφαίνεται
842 1641 905 1713 τοῖς
937 1634 1053 1725 λόφοις,
1087 1631 1134 1699 ὅτι
1155 1630 1193 1697 τό
1215 1639 1301 1698 θεῖον

58 1730 262 1819 ἀμετάβλητον
291 1736 447 1823 ἀναγκαῖον
473 1737 546 1805 εἶναι
572 1741 633 1803 πᾶν
665 1733 704 1801 τό
734 1740 855 1820 πρῶτον
884 1739 934 1802 καὶ
965 1735 1139 1825 ἀκρότατον.
1161 1741 1194 1820 3)
1224 1740 1299 1798 Tum

59 1859 124 1898 vero
144 1839 200 1900 hoc
230 1843 347 1903 nomine
375 1860 526 1927 propterea
554 1865 616 1904 eam
643 1855 745 1915 vocat,
774 1843 853 1920 quod
883 1842 1136 1904 honoratissimum
1166 1837 1297 1899 omnium

58 1950 107 1997 est.
149 1931 199 1996 Οὐ
225 1934 283 2021 γάρ
317 1935 447 2024 άεληλον,
479 1936 543 2017 ότι,
577 1937 660 2002 εἵπου
688 1941 725 2000 τό
752 1942 838 2000 θεῖον
868 1933 1012 2022 ὑπάρχει,
1038 1941 1071 2002 ἒν
1100 1938 1142 2024 τῇ
1173 1927 1298 2017 τοιαότιη

59 2028 142 2112 φάσει
165 2031 308 2120 ὑπάρχει·
335 2044 384 2104 καὶ
410 2039 466 2126 την
487 2036 670 2124 τιμιωτάτην
693 2039 821 2120 δεῒπερλ
839 2036 874 2102 τό
898 2038 1077 2121 τιμιώτατον
1100 2036 1183 2122 γένος
1211 2029 1296 2096 εἶναι·

58 2131 87 2194 οἱ
106 2133 167 2215 μὲν
187 2133 241 2200 οὖν
262 2145 445 2228 θεωρητικαί
466 2148 528 2208 τῶν
548 2125 841 2222 άλλωνέπιστημῶν
863 2140 1070 2226 αἱρετώτερα,
1092 2134 1168 2220 αὕτη
1186 2134 1222 2198 δὲ
1236 2134 1298 2196 τῶν

58 2241 260 2321 θεωρητικῶν.
279 2246 310 2328 4)
350 2250 458 2309 Posteri
490 2250 566 2309 hano
596 2238 800 2326 μεταφοσικην
828 2246 1032 2327 appellarunt,
1058 2245 1137 2324 quod
1162 2232 1238 2320 μετά
1259 2236 1298 2298 τά

58 2335 166 2420 φυσικά
187 2357 344 2421 tractatur,
365 2349 424 2407 imo
443 2339 519 2428 cirtio
541 2342 579 2409 τό
603 2341 720 2429 φυσικοὶ.
737 2347 769 2426 5)
795 2337 877 2404 ,Ἔστι
899 2339 957 2424 γάρ
980 2338 1023 2405 ἔτι
1044 2344 1099 2406 τοῦ
1120 2341 1247 2424 φυσικοῦ
1267 2337 1297 2399 τὶ

59 2435 249 2524 irrationali)
278 2445 444 2507 Aristoteles
463 2462 557 2508 autem
577 2471 656 2525 eam,
679 2463 711 2508 ut
731 2440 920 2526 θεολογικήν,
942 2449 981 2506 ita
1003 2447 1120 2528 proprie
1140 2436 1195 2524 την
1210 2434 1297 2524 πρώ-

58 2565 109 2625 την
129 2538 309 2626 φιλοσοφίαν
331 2546 463 2607 vooavit:
489 2547 569 2625 quod
593 2549 755 2625 cujusmodi
782 2550 838 2622 sit,
860 2568 896 2606 ex
918 2547 989 2626 ipsis
1009 2544 1176 2625 philosophi
1199 2544 1297 2604 verbis
1339 2548 1346 2560 ‘

60 2645 245 2706 efficiendum
274 2658 316 2705 est
344 2645 438 2704 nobis.
479 2637 649 2725 Ἀπορῆσειε
676 2639 734 2726 γάρ
762 2637 799 2704 ι’ίν
824 2666 881 2717 τις,
903 2636 1031 2722 πότερόν
1050 2638 1125 2704 ποθ’
1145 2635 1167 2721 η’
1188 2634 1294 2722 πρώτη

61 2742 219 2826 φιλοσοφία
239 2736 373 2804 καθόλου
394 2741 490 2820 ἐστὶν,
512 2739 533 2826 ἢ
552 2745 622 2828 περὶ
643 2741 726 2826 γένος
748 2744 798 2806 καὶ
819 2739 908 2827 φάσιν
929 2742 1014 2822 μίαν·
1038 2738 1074 2804 oei
1095 2737 1151 2824 γάρ
1173 2736 1189 2803 ό
1209 2735 1298 2815 uritis
1367 2783 1368 2786 =

59 2839 183 2924 rodcog,
209 2841 273 2906 οὐδ’
299 2843 332 2905 ἓν
356 2849 422 2920 ταῖς
448 2851 689 2929 μαθηματικαῖς,
717 2843 779 2908 ἄλλ’
806 2841 828 2929 η
848 2843 906 2926 μὲν
927 2841 1094 2927 γεωμετρία
1115 2843 1164 2906 καὶ
1186 2840 1297 2927 α’στρο-

60 2946 138 3028 λογία
167 2945 236 3029 περί
260 2932 325 3008 τινα
353 2941 442 3029 φάσιν
469 2947 548 3011 ἰδίαν
574 2949 658 3025 εἰσὶν,
687 2948 780 3031 ἐκείνη
812 2947 848 3011 δὲ
868 2943 1005 3011 καθόλου
1027 2948 1130 3008 πασῶν
1152 2940 1250 3028 κοινή·
1273 2945 1299 3007 εί

61 3046 112 3126 μὲν
137 3042 193 3111 οὖν
216 3042 263 3130 μη’
288 3047 355 3110 ε’στί
378 3073 422 3124 τις
449 3045 536 3134 ἑτέρα
562 3047 647 3112 oriola
674 3047 757 3136 παρά
779 3047 833 3127 τάς
851 3046 937 3134 φύσει
953 3046 1171 3131 συνεστηκυίας,
1193 3041 1216 3130 η’
1237 3070 1298 3129 φυ-

62 3146 122 3233 σαη
144 3147 183 3212 ἂν
204 3147 247 3234 εἴη
271 3145 377 3233 πρώτη
400 3147 564 3235 ἐπιστήμη·
588 3154 613 3216 εἰ
635 3150 671 3216 δέ
691 3152 757 3216 ε’στί
777 3177 821 3229 τις
843 3150 929 3216 οόσία
951 3148 1100 3235 ιλκίνητος,
1124 3144 1199 3232 αὕτη
1221 3172 1298 3232 προ-

61 3250 128 3334 τέρα
148 3252 199 3316 καὶ
227 3253 428 3338 φιλοσοφία
455 3251 590 3339 πρώτη.
612 3255 644 3340 7)
685 3259 765 3318 Talis
791 3259 879 3339 igitur
898 3258 951 3316 illa
969 3276 1077 3315 summa
1098 3255 1218 3314 scientia
1239 3268 1298 3330 est,

62 3379 141 3436 quarn
178 3356 358 3432 identidem,
396 3381 450 3419 nec
484 3361 625 3420 immerito
655 3354 782 3437 σοφίαν,
814 3364 997 3436 sufflantium
1031 3363 1129 3433 ν’μιουι
1160 3350 1298 3432 appellat.

62 3456 168 3530 Quodsi
189 3476 256 3514 usus
276 3458 337 3534 ejus
355 3477 387 3515 ac
407 3455 587 3539 propositum
608 3460 776 3538 quaeritur,
797 3448 972 3537 θεωρητική
994 3468 1036 3516 est
1057 3467 1085 3513 et
1105 3446 1301 3538 θεωρητικῶν

62 3555 128 3617 adeo
158 3555 343 3636 φιλοσοφιῶν
376 3557 530 3639 princeps:
560 3559 695 3638 quocirca
715 3579 798 3618 usum
818 3571 846 3617 et
866 3556 1023 3617 utilitatem
1042 3577 1103 3614 non
1122 3571 1296 3632 magnopere

95 3865 118 3933 1)
136 3871 207 3924 Loca
224 3872 390 3937 Aristotelis,
416 3873 507 3942 quibus
519 3873 585 3925 haec
599 3882 753 3938 occurrunt,
774 3873 876 3924 notavit
892 3868 1001 3921 Buhle
1018 3865 1130 3918 delitiis
1145 3862 1224 3914 Arist.
1237 3871 1301 3913 eeot.

65 3963 204 4008 etucroum.
224 3959 281 4025 (Ed.
302 3959 382 4011 Arist.
401 3961 420 4010 I.
437 3975 463 4026 p.
483 3958 546 4022 142,
567 3956 635 4021 143.)
735 3999 738 4006 ,

95 4038 120 4104 2)
137 4043 218 4096 Arist.
236 4046 344 4114 Metaplt.
363 4045 395 4096 V.
413 4061 439 4112 p.
457 4043 500 4094 99.

95 4124 123 4190 3)
141 4128 178 4180 Id.
198 4130 236 4180 Dc
252 4129 331 4182 Coelo.
350 4133 369 4180 1.
389 4149 415 4198 p.
434 4129 476 4182 25.

96 4212 121 4275 λ)
140 4213 177 4265 ld.
196 4216 303 4284 Metuplr.
323 4216 352 4266 V.
371 4232 397 4283 p.
418 4214 476 4266 100.

97 4295 123 4360 5)
140 4299 197 4350 Vid.
218 4299 445 4368 Wyttenb.1nstit.
465 4302 572 4369 merops.
591 4319 617 4368 p.
637 4301 661 4352 5.

99 4379 126 4444 6)
143 4384 222 4438 Arist.
241 4389 349 4456 Metaplr.
368 4387 410 4439 lll.
430 4406 454 4456 p.
473 4386 514 4438 53.

98 4465 124 4530 7)
142 4468 177 4519 λιλ.
197 4474 248 4523 eod.
267 4472 297 4522 V.
317 4490 342 4540 p.
362 4472 420 4523 100.

1437 731 1439 836 ι
