2832 5120
739 257 795 316 172

87 397 93 407 ¹
149 413 298 498 Callicles,
321 420 453 500 reponit,
474 417 553 498 quod
572 432 604 478 tu
622 421 735 500 saepius
753 419 826 478 mihi
844 441 874 482 es
890 438 1036 495 assensus,
1056 434 1087 478 ut
1102 422 1135 480 in
1150 442 1182 479 eo
1197 419 1250 479 sihi
1264 433 1354 500 praesto

149 523 238 583 fuerit
257 539 384 600 semper,
405 539 462 597 quo
480 537 574 596 neque
592 518 625 576 in
639 517 771 578 homines
791 537 884 597 neque
902 519 936 578 in
953 517 1021 578 deos
1035 519 1096 579 sive
1111 517 1198 577 dictis
1217 519 1272 578 sive
1289 517 1354 574 factis

148 623 275 698 injustus
294 617 391 676 fuerit.
435 615 482 675 Sic
503 615 560 674 sibi
577 629 692 696 praesto
715 635 792 692 esse,
813 636 895 696 saepe
915 615 988 674 mihi
1006 637 1135 675 emensus
1155 637 1185 674 es
1204 615 1354 705 praesidium

149 737 208 778 esse
227 719 374 798 optimum.
399 713 429 795 1)
449 714 478 772 Si
500 714 565 794 quis
585 713 674 794 igitur
693 715 850 774 convincat
871 707 943 789 me,
964 735 1024 774 uon
1043 737 1125 795 posse
1147 735 1193 772 me
1221 715 1270 773 hoc
1292 733 1352 794 prac-

149 817 224 876 sidio
243 815 292 876 uel
310 814 383 872 mihi
400 812 447 873 vel
469 812 535 871 aliis
554 826 667 892 praesto
685 833 763 888 esse,
780 812 903 894 puderet
926 833 975 890 mc
989 814 1064 889 mei,
1084 815 1145 873 sive
1163 814 1239 872 inter
1255 811 1356 884 multos,

149 917 211 974 sive
226 915 303 973 inter
321 933 427 993 paucos
437 957 445 985 ,
462 913 523 969 sive
543 912 628 970 etiam
647 911 753 971 sclusa
772 931 818 972 me
837 912 898 992 ipso
913 910 1001 989 hujus
1015 912 1059 970 rei
1069 913 1265 971 convincerer.
1284 909 1358 985 Hujus

149 1015 172 1072 si
191 1011 330 1093 praesidii
346 1009 460 1088 jactus-h
481 994 599 1068 mortain
627 1010 724 1069 subire
752 1015 884 1090 cogerer',
906 1031 966 1068 rem
993 1010 1098 1070 ferrem
1124 1031 1225 1090 aegre,
1248 1011 1291 1069 siu
1307 1028 1358 1067 vero

146 1108 300 1190 ’κολακικῆς
330 1105 503 1190 ῥητορικῆς,
526 1109 718 1167 adulatoriae
739 1115 832 1168 istius
851 1110 1036 1186 eloquentiae
1064 1109 1209 1190 imperitia
1243 1125 1359 1176 morerer,
1406 1143 1407 1180 q

149 1193 227 1272 certo
255 1213 313 1270 scio
341 1209 494 1288 equidem,
516 1207 603 1266 facile
630 1227 676 1264 me
694 1219 813 1265 mortam
837 1206 1011 1266 subiturum.
1053 1207 1130 1266 Mori
1158 1207 1238 1276 enim
1268 1217 1359 1267 veretur

149 1299 251 1385 nemo,
272 1311 322 1390 qui
341 1307 459 1386 quidem
478 1327 539 1365 non
558 1304 646 1384 plane
667 1317 708 1362 est
726 1305 847 1363 rationis
874 1323 978 1384 expers
997 1323 1170 1384 vecorsque,
1193 1302 1245 1363 sed
1272 1303 1358 1379 injuste
1406 1371 1407 1377 ἵ

149 1411 173 1468 is
191 1429 273 1488 agere
296 1421 424 1468 veretur:
447 1427 515 1465 nam
534 1405 630 1464 animo
647 1418 829 1484 peccatorum
854 1404 959 1462 referto
978 1405 1010 1462 in
1038 1425 1136 1464 orcum
1163 1406 1302 1484 migrare,
1321 1421 1359 1460 om·
1406 1471 1407 1474 Ἴ

149 1507 232 1567 nium
253 1520 294 1565 est
314 1506 455 1565 malorum
476 1523 644 1563 summum.»
670 1502 702 1583 2)
1406 1563 1407 1576 χ

192 1607 310 1664 Constat
335 1603 406 1662 hinc
417 1649 426 1678 ,
447 1604 569 1684 opinor,
592 1601 678 1676 satis,
699 1619 773 1679 quae
801 1599 859 1660 sint
887 1600 1087 1678 eloquentiae,
1109 1616 1225 1662 auctore
1249 1599 1365 1669 Platone,
1406 1651 1407 1666 ,

150 1703 296 1783 principia
315 1703 480 1777 verissima3
504 1699 554 1759 sed
577 1700 752 1781 perspicitur
781 1699 885 1773 simul,
907 1698 1022 1776 qualem
1048 1700 1073 1758 is
1096 1699 1288 1780 spectaverit,
1306 1716 1363 1777 quae
1402 1737 1403 1740 η

151 1800 333 1880 eloquentiae
365 1801 426 1860 vim
447 1813 474 1858 et
504 1800 644 1879 impetum
670 1796 771 1872 daret„
788 1799 1016 1875 philosophiam.
1060 1797 1117 1856 Illa
1142 1813 1202 1874 cst,
1226 1818 1298 1876 quae
1318 1795 1364 1856 veri
1406 1851 1407 1862 ,

148 1899 278 1976 justique
302 1919 397 1958 amore
422 1899 607 1972 continetur,
630 1915 683 1954 nec
710 1908 824 1954 tantum
844 1895 881 1954 ed
904 1896 981 1955 vitae
1003 1894 1115 1955 cultum
1140 1897 1201 1957 sive
1231 1896 1270 1956 ad
1296 1895 1367 1955 vitan
1406 1945 1407 1968 ,

153 1997 227 2056 bene
246 1996 385 2076 beateque
404 1995 563 2076 agendam,
586 1993 636 2054 sed
659 1994 698 2054 ad
719 2007 838 2054 mortem
864 1993 956 2068 adeo,
977 1994 1200 2056 immortalitatis
1230 2015 1297 2075 spe,
1317 2013 1367 2051 con·
1406 2041 1407 2068 ,

153 2095 338 2154 temnendam
358 2096 494 2177 pertinet.
536 2095 620 2152 Hanc
647 2093 736 2174 spirat
762 2091 977 2174 philosophiam
995 2112 1061 2151 cum
1080 2106 1156 2152 totus
1176 2091 1226 2152 hic
1255 2091 1367 2170 dialogus
1406 2135 1407 2167 ,

154 2192 300 2267 Platonis,
322 2196 405 2272 cujus
434 2194 493 2252 vim
514 2207 541 2252 et
560 2192 737 2274 prepositum
767 2190 913 2249 declarare
940 2190 1122 2267 studuimus,
1144 2189 1176 2272 3)
1196 2195 1260 2252 turn
1286 2189 1369 2269 μῦθος

153 2291 324 2370 inprimis,
345 2311 430 2369 quem
450 2293 475 2350 is
495 2290 609 2375 dialogo
627 2288 743 2368 adjecit.
770 2290 842 2348 Nam
862 2289 1005 2364 Socrates,
1025 2275 1071 2348 his
1090 2290 1177 2350 dictis
1200 2311 1215 2344 ιι
1227 2292 1297 2352 audi
1309 2295 1369 2371 jan,
1403 2307 1407 2356 ¹,

155 2386 271 2464 inquit,
293 2409 309 2446 o
328 2389 478 2464 Callicles,
499 2389 577 2468 quod
596 2390 696 2467 ajunt,
718 2387 925 2470 pulcerrimum
953 2409 1129 2448 sermonem:
1152 2409 1238 2468 quem
1260 2405 1291 2450 tu
1319 2389 1371 2469 qui·
1403 2429 1407 2466 q

155 2476 222 2542 deni
241 2505 299 2544 esse
318 2486 447 2546 fabulam
467 2488 690 2562 existimaveris,
712 2507 762 2566 ego
781 2499 876 2544 autem
891 2504 992 2564 verum
1012 2505 1170 2546 sermonem
1187 2487 1301 2549 habeo:
1320 2507 1374 2548 nan
1404 2483 1407 2514 ⁵

153 2595 222 2641 sunt
240 2585 489 2664 vc1·issima,quae
508 2585 563 2644 tibi
583 2605 647 2644 sum
664 2599 875 2645 enarraturusu
900 2585 1003 2644 Narrat
1021 2586 1110 2664 igitur
1129 2585 1165 2646 de
1184 2585 1242 2647 alio
1264 2587 1373 2666 quodam

149 2681 282 2759 judicio,
306 2683 447 2764 longeque
466 2683 501 2742 ab
521 2684 574 2744 illo
593 2683 726 2759 diverso,
746 2683 825 2762 quod
843 2703 934 2743 unum
954 2700 1159 2746 memoraverat
1179 2687 1332 2761 Callicles,
1350 2687 1374 2743 in

153 2798 211 2857 quo
238 2802 282 2839 res
308 2782 480 2860 judicantur
509 2805 569 2842 non
597 2783 780 2858 viventium,
805 2783 855 2842 sed
874 2797 1069 2858 mortuorum,
1099 2805 1153 2844 nec
1177 2785 1245 2844 tulis
1278 2787 1374 2846 obtinet

153 2877 319 2956 eloquentia
338 2879 500 2940 adulatoria
509 2929 518 2956 ,
539 2882 654 2961 qualem
672 2881 842 2962 praedicent
862 2881 950 2962 vulgo
965 2881 998 2954 in
1011 2880 1234 2942 Atheniensium
1251 2883 1374 2962 judiciis,

154 2975 204 3036 sed
232 2978 294 3058 ipsa
320 2977 438 3038 auditur
455 2981 587 3040 veritatis
602 2981 790 3062 justitiaeque
809 2999 877 3040 vox.
908 2999 922 3032 u
934 2979 1019 3054 Fuit,
1041 2980 1082 3039 ait
1100 2979 1229 3040 Socrates
1239 3027 1247 3056 ,
1272 3001 1335 3040 cum
1350 2981 1374 3037 in

153 3074 207 3134 illo
234 3077 302 3135 item
327 3076 441 3154 judicio
470 3079 543 3136 male
568 3078 759 3158 judicaretur.
805 3080 878 3138 Nam
897 3077 967 3136 haec
996 3077 1113 3158 quidem
1142 3081 1304 3158 antiquitus
1331 3077 1374 3138 sub

147 3160 277 3233 ¹Saturno
305 3173 342 3232 de
367 3176 534 3236 hominibus
561 3178 610 3236 lex
628 3179 705 3252 fuit,
727 3179 860 3259 vigetque
884 3197 916 3235 ea
940 3177 1107 3237 etiamnunc
1136 3177 1215 3259 apud
1239 3176 1328 3254 deos,
1347 3190 1372 3235 ut

152 3272 282 3349 quisquis
301 3272 452 3332 hominum
468 3277 545 3352 juste
573 3290 726 3354 sancteque
750 3276 889 3350 vixisset,
910 3289 1059 3357 postquam
1079 3291 1151 3335 esset
1176 3290 1319 3352 mortuus,
1348 3277 1373 3334 in

153 3369 303 3428 beatorum
322 3372 431 3432 insulas
449 3374 576 3454 migrans
596 3393 704 3432 summa
723 3373 788 3432 illic
809 3374 948 3433 felicitate
958 3421 967 3448 ,
988 3374 1127 3434 malorum
1156 3396 1279 3456 expers,
1301 3379 1375 3438 vive·

154 3481 216 3526 ret}
237 3471 287 3547 qui
309 3491 376 3531 vero
392 3472 499 3551 injuste
520 3473 682 3554 impieque,
698 3475 730 3531 in
746 3471 894 3532 vindictae
915 3473 1110 3553 suppliciique
1129 3494 1271 3533 carcerem
1283 3520 1291 3548 ,
1302 3490 1378 3552 wem

153 3581 296 3636 tartarum
313 3583 418 3629 vocant
428 3616 437 3644 ,
459 3570 552 3630 abiret
562 3597 569 3647 3
594 3570 644 3629 sed
663 3571 750 3650 huius
763 3565 1003 3648 judicesjudicii
1020 3571 1073 3632 sub
1090 3571 1214 3630 Saturno
1234 3589 1376 3653 nuperque

64 3731 66 3735 .
153 3668 240 3724 etiam
261 3666 314 3725 suh
334 3667 405 3730 Jove
424 3689 489 3728 cum
510 3678 642 3728 uiuentes
668 3683 769 3744 erant,
790 3683 852 3728 tum
880 3677 1012 3728 viventes
1025 3668 1219 3748 judicabant,
1241 3691 1274 3730 co
1299 3667 1376 3749 judi-

154 3777 252 3826 cantes
272 3766 338 3842 die,
360 3785 416 3849 quo
444 3766 476 3826 hi
504 3769 636 3826 morituri
664 3780 763 3826 erant:
794 3766 979 3846 quamohrem
1006 3767 1052 3826 illi
1076 3768 1183 3846 injuste
1197 3768 1375 3845 judicabant.

154 3865 241 3938 Quod
259 3883 324 3924 cum
351 3865 452 3940 Pluto,
482 3861 589 3945 quique
609 3865 714 3925 insulis
737 3866 887 3926 beatorum
913 3879 1069 3947 praesunt,
1087 3863 1376 3939 animadvertissent,
1406 3879 1407 3884 ’

190 4036 215 4104 1)
233 4040 321 4094 ttoret.
340 4043 418 4112 Epist.
437 4042 456 4094 l.
475 4041 498 4092 1.
523 4041 564 4094 60.

457 4130 506 4180 llic
523 4147 608 4180 murus
630 4129 737 4178 aheneus
756 4137 817 4192 esto,

191 4209 193 4214 ’
236 4216 273 4265 ott
292 4218 404 4266 conscire
419 4215 476 4265 siti.
510 4217 513 4222 '

187 4297 214 4364 2)
233 4299 306 4367 Gorq.
323 4299 370 4351 521
391 4289 545 4351 1).-'522.
562 4299 593 4351 E.

187 4382 213 4449 3)
231 4385 289 4436 vid.
316 4386 349 4436 dc
376 4385 427 4438 hoc
450 4385 572 4454 dialogo,
599 4402 665 4454 quae
691 4403 774 4454 nuper
800 4387 912 4453 prodiit,
943 4387 1051 4456 elegans
1080 4388 1221 4456 disputatio
1252 4387 1373 4456 sptem

153 4471 264 4524 Harlem.
299 4469 374 4522 1829.
