2886 5118
728 301 787 364 406

56 541 58 544 ,
145 493 202 547 ne,
222 472 280 530 imo
299 489 367 530 vem
385 466 422 526 de
442 468 562 526 scientie
579 465 687 547 placite
707 463 838 544 proxime
865 458 1002 520 accedere
1021 456 1059 518 ed
1079 454 1209 516 Platonis
1224 453 1364 516 doctrinam

146 569 335 632 viderentur:
355 585 528 645 quemquem
548 561 777 644 philosophandi
796 559 832 618 de
851 557 897 618 his
925 557 1066 616 rationem
1087 553 1268 616 aPletonicn
1285 551 1365 612 diver·

143 667 282 726 sissimem
310 677 497 745 usurparunt.
542 665 636 738 Quem
658 659 777 719 notionis
807 670 924 716 notasse
953 654 1171 725 divinitatem,
1199 664 1231 708 ut
1249 651 1368 731 sophistis

146 762 263 823 tandem
282 763 470 844 scepticisque
490 775 517 828 et
538 761 590 820 toti
611 758 792 818 fluitantium
812 752 1049 836 philosophorum
1067 751 1147 830 genti
1165 747 1368 826 1·ecteeliquen·

146 861 184 922 do
202 861 370 934 Platonem,
389 858 577 936 dijudicandi
589 857 687 916 caussi
697 901 704 930 ,
716 875 914 936 apponemus,
934 861 994 912 non
1014 847 1186 931 poenitebit.
1228 845 1370 906 Audiamus

144 961 311 1019 Ciceronem
330 958 453 1018 Stoicam
479 955 643 1018 doctrinam
670 954 775 1012 veteris
794 951 965 1014 Academiae
984 947 1159 1028 disciplinae
1183 958 1370 1025 opponentem.

145 1057 311 1131 Plurima,
331 1057 380 1129 eit,
401 1055 526 1115 Zereia
537 1057 595 1112 illa
614 1049 921 1128 tertiaplsiloeopliiie
934 1059 1025 1127 parte
1042 1075 1076 1084 -
1095 1065 1168 1124 queo
1189 1056 1250 1104 erat
1268 1045 1299 1100 in
1317 1042 1370 1099 reti·

145 1176 200 1214 one
218 1168 247 1212 et
266 1153 437 1213 disserendo
456 1185 488 1194 -
510 1159 661 1210 oculavit:
671 1158 704 1208 in
726 1171 786 1226 qua
795 1155 930 1224 primam
947 1149 982 1206 sie
999 1147 1134 1206 senaim
1143 1150 1223 1218 ipsis
1242 1142 1373 1218 quaedam

144 1255 227 1310 dicit
245 1272 321 1311 noca
341 1250 390 1332 l).·
409 1273 480 1329 quos
498 1259 621 1308 cunctos
640 1247 672 1327 2)
691 1269 751 1306 esse
771 1253 890 1304 censuit
907 1268 922 1303 e
940 1247 1072 1323 quadam
1092 1225 1179 1320 qnasi
1197 1241 1375 1318 impulsione,

145 1352 244 1408 allata
272 1358 480 1408 ectrimseeus:
504 1371 593 1426 quam
614 1349 668 1405 ille
680 1341 858 1425 φαπᾳσίαν,
880 1367 932 1404 aas
953 1350 994 1400 oi
1003 1365 1017 1401 s
1028 1365 1050 1400 u
1060 1364 1090 1400 m
1106 1341 1293 1416 appellemus
1301 1340 1375 1394 lieet:

146 1461 175 1507 st
193 1458 348 1506 teneamus
368 1449 420 1506 lice
438 1450 558 1505 ceriam
582 1448 721 1524 quidem:
742 1455 804 1506 erit
822 1454 903 1504 enim
924 1444 1069 1502 utendum
1088 1448 1123 1498 ia
1142 1439 1263 1515 reliquo
1282 1457 1376 1494 emn-

145 1569 182 1604 πο
197 1555 325 1626 saepias.
371 1547 432 1605 Sed
456 1547 495 1603 ad
524 1547 616 1618 laec,
642 1566 718 1622 quae
749 1553 815 1604 cisa
834 1553 907 1602 sunt
927 1552 956 1600 et
975 1547 1063 1618 quasi
1087 1545 1213 1612 accepta
1235 1537 1377 1605 meabas,

144 1653 344 1704 assensionem
371 1646 518 1724 adjungit
545 1651 747 1702 animarem:-
768 1665 859 1722 assam
887 1663 949 1700 esse
968 1641 1088 1698 saltim
1107 1637 1191 1694 realis
1207 1641 1337 1710 positam
1354 1640 1377 1688 et

144 1744 361 1802 voluntariam.
406 1743 490 1802 Visis
519 1765 577 1800 aen
607 1747 742 1802 manitas
771 1743 957 1822 emungebat
984 1726 1095 1812 iidem,
1123 1736 1174 1794 sed
1201 1739 1245 1792 iis
1274 1731 1376 1800 solum,

145 1861 221 1916 qaae
236 1849 394 1916 propriam
405 1843 557 1918 quarelam
573 1842 716 1898 haberent
734 1843 969 1901 declarationem
984 1857 1090 1895 aarum
1113 1854 1243 1904 remae,
1260 1834 1373 1908 quaeri·

145 1937 308 1994 cierentur:
325 1940 358 2018 id
377 1949 478 1996 autem
497 1947 614 2013 cisum,
634 1961 703 2016 com
732 1947 832 2016 ipsum
846 1959 905 2016 per
924 1958 955 1996 se
982 1942 1182 2004 cerneretur,
1209 1947 1371 2003 compre·

145 2029 314 2092 heasili
325 2036 369 2094 le.
413 2036 532 2094 Feralis
551 2037 647 2095 laec?
667 2067 699 2078 -
720 2037 782 2096 Nes
801 2059 887 2110 cero,
908 2041 1030 2112 inquit:
1050 2051 1179 2110 quonam
1202 2035 1285 2086 enim
1303 2024 1370 2084 modo

143 2125 329 2211 κατάληπτον
357 2135 495 2193 diceres?
514 2165 550 2176 --
567 2137 634 2208 sed,
655 2157 723 2193 eam
748 2145 903 2211 acceptam
923 2141 995 2209 jam
1013 2140 1044 2189 et
1070 2130 1270 2206 approbatam
1290 2131 1367 2190 seut,

145 2255 223 2290 corn
228 2253 280 2310 pr
290 2256 305 2292 e
316 2235 335 2290 le
345 2253 359 2290 e
370 2253 390 2288 re
402 2239 440 2290 si
449 2255 464 2290 o
473 2253 494 2288 re
506 2253 520 2290 e
530 2255 559 2288 m
570 2234 742 2309 appellabat
753 2234 903 2304 ‚similem
913 2238 955 2287 iis
972 2231 1061 2288 relus
1072 2273 1080 2302 ,
1102 2247 1178 2305 qaae
1190 2246 1284 2283 marsa
1292 2241 1363 2298 prem

118 2333 313 2388 -dersatur:
333 2351 369 2388 ea
389 2349 444 2406 qao
466 2337 558 2386 etiam
584 2351 688 2387 nomem
708 2331 760 2386 lioc
789 2331 936 2400 ducaret,
965 2347 1034 2386 cum
1054 2348 1085 2385 eo
1104 2327 1189 2382 cerlo
1208 2333 1281 2380 ante
1297 2339 1364 2378 noas

146 2431 204 2484 tali
221 2435 255 2485 in
276 2449 310 2484 re
331 2448 405 2484 usus
425 2436 518 2484 esset:
531 2429 825 2504 plurimisqaeielem
844 2435 930 2486 noeis
948 2422 1143 2503 cerlisiaooa
1162 2430 1245 2480 onim
1259 2411 1364 2490 dicebat)

147 2535 292 2582 acessit.
336 2523 423 2602 Quod
437 2533 540 2580 autom
568 2534 637 2582 erat
663 2547 752 2583 sensu
773 2527 1035 2602 comprehensum,
1052 2524 1087 2580 isi
1103 2530 1205 2600 ipsum
1225 2535 1361 2580 sensum

145 2620 332 2694 appellabat,
350 2631 395 2702 et,
415 2629 443 2680 si
461 2631 507 2678 ita
527 2631 596 2698 erat
615 2625 878 2699 comprehensum,
899 2633 934 2680 ut
952 2622 1079 2680 cancelli
1103 2627 1225 2676 ratione
1245 2639 1298 2676 noa
1309 2634 1360 2692 poe·

145 2727 206 2789 set,
226 2723 504 2777 scientiamnin
527 2722 771 2794 aliter,ireeci
781 2729 937 2778 entiam
950 2720 1140 2778 nominabat:
1162 2737 1266 2794 sequa
1284 2717 1357 2772 esne-

145 2824 223 2871 teret
238 2823 330 2873 etiam
360 2825 518 2894 opinio,
547 2839 622 2895 quae
651 2829 727 2876 esset
754 2819 904 2876 imbecilla
931 2828 1048 2876 etcum
1067 2818 1157 2892 salso
1174 2821 1359 2895 incognitoque

143 2923 317 2977 commaticis.
362 2915 421 2974 Sei
440 2923 525 2974 irater
540 2923 698 2974 seientiam
719 2926 748 2972 st
757 2924 954 2974 inscientiam
974 2917 1264 2992 coenprelsaasionem
1273 2900 1356 2974 illam,

144 3033 235 3089 qaam
245 3014 313 3070 diri
318 3059 326 3087 ,
338 3016 515 3087 collocabat,
531 3035 653 3091 saneque
663 3037 756 3091 neque
767 3023 801 3072 ire
816 3021 919 3088 rectis,
930 3035 1022 3091 neque
1033 3020 1067 3071 in
1073 3021 1184 3089 proves
1194 3007 1356 3074 sammitis

130 3192 132 3198 y
144 3112 194 3168 sed
203 3113 258 3168 seli
269 3133 284 3168 e
296 3133 314 3168 r
322 3114 365 3170 ed
375 3135 389 3168 e
399 3135 418 3169 a
430 3113 449 3170 c
460 3135 480 3168 a
490 3124 591 3171 m'esee
602 3114 727 3171 dicebat.
740 3111 771 3191 3)
792 3112 826 3171 Id
839 3112 899 3186 ille,
910 3111 998 3190 quod,
1010 3110 1089 3170 idern
1098 3124 1222 3170 testante
1233 3109 1356 3172 Cicerone,

120 3217 127 3230 ’
140 3222 220 3286 gestu
237 3209 418 3268 conficiebat.
462 3209 559 3285 Nam,
572 3232 663 3288 quum
674 3218 806 3269 antevenis
816 3213 938 3290 digitis,
960 3211 1014 3284 eit,
1024 3211 1184 3268 adversam
1194 3225 1310 3272 monam
1320 3221 1355 3256 es·

139 3307 283 3362 tenderat
293 3351 301 3377 ,
322 3329 339 3363 o
349 3315 361 3364 i
371 3329 385 3365 s
396 3328 415 3364 u
425 3330 455 3365 m
465 3354 473 3381 ,
483 3311 655 3384 inquiebat,
667 3311 841 3384 tajiomodi·
850 3318 913 3366 est:
925 3309 1033 3366 deinde
1044 3354 1051 3381 ,
1063 3309 1278 3386 campanellam
1292 3305 1356 3380 digi-

141 3413 186 3460 tos
204 3411 445 3479 constrinxerat,
476 3428 682 3466 assensus
710 3408 902 3484 hujusmodi:
932 3415 1017 3480 tam,
1036 3429 1104 3464 cam
1119 3409 1213 3484 plane
1232 3423 1356 3480 compree-

141 3510 225 3558 wrat
235 3521 431 3582 pugnumque
453 3509 598 3580 fecerat,
618 3530 633 3565 c
645 3529 659 3564 o
669 3529 726 3582 nep
737 3528 779 3564 re
789 3508 808 3563 le
820 3529 834 3563 e
846 3528 865 3562 n
877 3513 937 3564 sio
948 3527 969 3562 re
979 3527 994 3562 e
1003 3527 1033 3562 m
1051 3507 1140 3562 illam
1164 3527 1228 3563 esse
1245 3503 1355 3562 dissici:

142 3617 200 3672 qua
221 3621 257 3656 ea
276 3605 480 3692 similitudine
502 3612 594 3662 etiam
621 3613 725 3663 nomen
748 3613 775 3662 ei
797 3611 862 3678 rei,
888 3605 963 3677 quod
983 3613 1053 3660 arete
1074 3625 1132 3660 noa
1145 3605 1269 3678 suerat,
1283 3589 1354 3658 reaci-

144 3699 236 3776 ληψιν
255 3706 409 3777 imposuit.
453 3701 530 3762 Cum
546 3714 648 3762 autem
675 3706 790 3762 laevam
819 3723 942 3760 marsum
960 3704 1135 3759 admoverat
1151 3703 1279 3759 stillum
1293 3721 1354 3779 pesg-

146 3821 219 3855 mem
239 3811 323 3858 arcte
343 3804 585 3875 vehementerque
608 3811 842 3878 compresserat,
863 3806 1023 3860 scienti
1033 3820 1091 3856 am
1110 3801 1202 3858 talem
1220 3823 1278 3858 esse
1295 3801 1352 3856 dieo

140 3899 191 3953 bat
202 3942 209 3968 ,
230 3905 320 3973 cujus
340 3911 518 3978 compotem,
540 3908 603 3958 nisi
621 3910 805 3977 sapientem,
824 3922 884 3958 esse
903 3907 1050 3966 neminem
1072 3896 1113 3976 4).

313 4055 393 4063 ---—-

170 4137 195 4204 1)
214 4139 297 4191 Acute
316 4141 417 4194 Ernest.
442 4145 544 4208 conjicit
569 4162 647 4196 aare:
667 4145 744 4196 novio
764 4146 832 4195 enim
853 4143 941 4196 verbis
965 4141 1085 4194 utebatur
1104 4141 1159 4192 iere
1176 4141 1265 4205 Zen03
1285 4140 1354 4194 sedin

135 4227 261 4292 proximis
271 4229 393 4278 occurrit:
407 4229 569 4298 plurimisque
582 4233 646 4282 idem
663 4232 733 4281 noeis
747 4231 827 4281 cerba
837 4230 884 4296 (ao
894 4248 934 4280 ca
950 4233 1013 4282 enim
1025 4225 1130 4291 dicebat)
1149 4238 1259 4279 massot.

169 4307 196 4373 2)
215 4311 256 4362 Sic
274 4307 335 4364 Era.
356 4313 491 4366 emendet:
510 4317 590 4384 vulgo
604 4320 711 4380 moetos.

167 4393 196 4459 3)
216 4393 266 4446 cie.
286 4397 367 4448 Aeaei.
384 4396 403 4446 1.
425 4397 466 4450 11.
486 4399 525 4451 cf.
545 4401 611 4452 Plus.
630 4404 660 4453 sle
675 4402 741 4470 plac.
754 4400 814 4470 phil.
831 4399 872 4452 lv.
890 4401 914 4450 8.

165 4477 443 4544 QQMUU
