2924 5132
547 305 549 310 ¹
651 275 709 337 563

76 465 134 504 cum
160 442 420 504 mathematicorum
451 442 611 504 rationibus
642 447 797 522 conjuncta
820 455 880 526 est,
901 442 1078 507 difficultas:
1100 447 1179 525 quod
1198 449 1292 523 Quin·

76 543 185 602 cilianus
203 540 418 602 animadvertit.
458 541 568 616 Plato,
588 543 647 618 ait,
668 565 736 602 cnm
760 551 794 600 in
813 544 886 602 aliie
906 544 1081 622 quibusdem
1092 591 1102 621 ,
1122 555 1187 606 tum
1203 533 1293 626 prue-¹

76 649 153 718 cipue
178 649 212 698 in
240 640 377 716 Timaeo,
394 662 431 699 πε
452 642 589 722 intelligi
608 643 746 720 quidem,
773 647 836 700 nisi
854 645 890 700 οί
909 650 969 716 e'a'e,
999 649 1053 721 qui
1072 653 1206 706 musicen
1225 665 1297 726 quo-

77 761 126 818 qne
151 739 314 822 diligenter
338 747 546 819 perceperint,
576 751 682 818 potest.
712 737 742 820 1)
791 741 872 814 Quae
899 761 964 798 cum
991 743 1150 804 communis
1175 746 1216 805 sit
1246 767 1296 807 ve·

77 852 160 898 terum
189 839 225 898 dc
258 837 376 898 Timaeo
404 839 546 900 sententia
558 885 566 914 ‚
596 839 761 918 frustraque
791 837 887 898 adhuc
920 838 1078 901 laborarint
1107 843 1297 919 recentiores,

80 950 106 996 ut
140 950 308 1018 superarent
342 935 529 998 difficultates
564 938 649 1014 istas,
689 959 739 1020 ego
774 957 841 998 sane
875 935 971 998 audax
996 958 1053 997 esse
1079 954 1108 1000 ct
1135 943 1302 1002 temerarius

78 1035 203 1111 viderer,
225 1037 249 1096 si
267 1034 486 1118 interpretando
506 1035 653 1117 explicare
673 1049 765 1096 totum
783 1035 863 1096 hunc
884 1033 1031 1116 dialogum
1042 1037 1219 1118 aggrederer.
1241 1041 1300 1100 Nec

78 1153 139 1196 vero
166 1133 198 1195 id
231 1135 268 1196 ab
301 1135 388 1195 initio
405 1135 522 1220 ¹negotii
557 1136 689 1216 suscepi,
729 1149 760 1194 ut
790 1134 896 1214 scripta
931 1133 1060 1194 Platonis
1085 1135 1186 1198 dedite
1214 1138 1300 1220 opera

36 1299 42 1320 .
78 1233 291 1314 interpretarer,
311 1232 363 1294 sed
392 1232 445 1292 boc
471 1233 583 1292 scilicet
609 1235 754 1308 maxime,
777 1246 826 1308 nt,
849 1231 1036 1314 philosophia
1065 1235 1126 1312 ejus
1146 1257 1182 1294 ex
1210 1237 1302 1318 ipsius

40 1389 41 1396 ,
78 1333 183 1414 scriptis
213 1330 408 1414 explicandi,
438 1330 517 1390 hisce
547 1333 587 1392 ita
613 1331 699 1393 simul
727 1328 867 1392 nonnihil
896 1329 971 1390 lucis
1000 1331 1185 1393 effunderem.
1247 1337 1303 1396 Ita·

77 1452 125 1512 que
153 1453 204 1492 nos
232 1430 350 1505 adhuc,
379 1444 411 1490 ιιι
438 1429 569 1510 singulos
595 1430 781 1490 tractavimus
801 1427 1001 1511 philosophiae
1021 1429 1185 1490 Platonicae
1207 1432 1304 1510 locos,

78 1529 111 1588 ita
138 1529 253 1610 singula
281 1530 360 1607 ejus,
390 1549 462 1609 quae
489 1529 562 1589 illuc
580 1526 949 1610 pertinent,‚dialogorum
986 1549 1108 1608 genera,
1147 1531 1303 1608 eroticum,

77 1627 272 1703 dialecticum,
292 1627 459 1709 politicum,
480 1627 606 1688 ethicum
626 1627 772 1688 illustrare
793 1626 965 1686 studuimus.
1008 1627 1066 1685 Nec
1086 1613 1208 1704 dubito,
1228 1631 1302 1710 quin

78 1747 148 1786 nunc
166 1728 202 1788 dc
228 1726 347 1788 Timaeo
366 1725 495 1786 Platonis
515 1746 548 1785 eo
570 1727 676 1787 rectius
691 1725 854 1804 judicaturi
875 1725 963 1784 simus
974 1769 983 1800 ,
1003 1745 1060 1803 quo
1078 1726 1167 1806 magis
1185 1749 1300 1789 omnem

77 1825 235 1908 philosophi
262 1825 424 1886 doctrinam
449 1822 486 1884 dc
507 1824 594 1884 r'ebus
614 1823 726 1886 divinis
747 1839 832 1904 atquc
857 1823 994 1883 humanis
1013 1823 1134 1883 assecuti
1153 1824 1301 1888 fuerimus.

77 1922 236 1984 Videamus
245 1925 399 2001 continuo,
421 1923 493 2004 quid
510 1944 545 1984 eo
564 1922 718 1984 scribendo
740 1938 839 1983 auctor
859 1925 1042 2004 spectaverit.

72 2051 78 2070 ·
112 2022 247 2086 Confecta
265 2017 382 2082 Portae
393 2022 585 2104 ,scriptoque
603 2021 761 2102 deinceps,
783 2036 815 2082 ut
835 2022 908 2082 mihi
928 2019 1305 2102 quidemvidetur,Plree·

78 2122 160 2196 deae,
188 2143 262 2204 opus
293 2123 450 2181 maximum
477 2132 506 2179 et
534 2135 599 2202 apte
629 2141 694 2180 cum
713 2116 830 2179 Politia
850 2122 1039 2198 conjunctum
1063 2139 1208 2200 aggressus
1224 2123 1306 2212 Plato

77 2231 127 2277 est:
146 2219 225 2300 quod
245 2221 362 2301 exipso
385 2219 502 2279 Timaei
520 2217 642 2280 exordio
661 2231 749 2302 patet.
791 2219 863 2278 Nam
876 2217 998 2299 fingitur
1015 2217 1143 2280 Socrates
1160 2241 1306 2284 sermones

77 2316 153 2394 illos,
181 2340 254 2399 quos
278 2317 315 2378 dc
339 2319 418 2398 justo
448 2316 541 2398 deque
571 2317 679 2398 optima
705 2317 825 2376 civitate
855 2337 921 2376 cum
950 2315 1118 2394 Glaucone,
1149 2318 1304 2382 Adimanto

77 2416 333 2498 caete1·isque,11ui
362 2417 519 2492 affuerant,
540 2415 681 2476 habuerat
701 2414 877 2497 aliquando,
901 2413 997 2496 pridie
1018 2415 1152 2494 Timaeo,
1173 2419 1300 2494 Critiae,

78 2512 267 2592 Hermocrati,
303 2528 363 2575 tum
393 2516 480 2575 etiam
515 2529 617 2594 quarto
646 2514 781 2590 cuidam,
812 2516 863 2594 qui
894 2535 974 2576 nunc
1001 2513 1180 2575 valetudinis
1205 2517 1303 2577 caussa

78 2612 193 2694 abesset,
216 2635 382 2676 enarrasse:
405 2613 558 2694 finguntur
584 2613 616 2671 hi
638 2613 725 2686 item,
747 2612 855 2672 auditis
874 2608 1053 2670 sermonibus
1072 2612 1153 2687 illis,
1174 2613 1214 2672 sic
1237 2615 1320 2674 con?

78 2714 179 2774 venisse
205 2715 286 2774 inter
314 2735 358 2788 sc,
381 2725 412 2770 ιιι
420 2711 545 2792 ,prouti
577 2731 656 2770 nunc
681 2710 760 2770 hisce
789 2709 915 2791 dapibus
935 2711 1048 2790 excepti
1069 2731 1084 2769 a
1105 2709 1219 2772 Socrate
1241 2713 1290 2774 fue

71 2811 150 2887 'rant,
180 2815 222 2873 ita
248 2813 305 2894 ipsi
328 2825 441 2892 postero
464 2805 512 2869 die
536 2809 601 2869 vice
627 2809 677 2868 sua
706 2808 851 2868 Socratem
878 2809 937 2867 suis
954 2808 1134 2868 sermonibus
1153 2799 1303 2893 excepturi
1331 2811 1333 2816 ’

80 2924 168 2970 essent.
209 2909 260 2970 Sic
279 2929 383 2990 nempe
402 2906 605 2988 accipiendum
625 2907 762 2988 prooemii
780 2906 898 2966 initium
917 2920 958 2965 est
969 2950 977 2979 ,
998 2905 1103 2984 quod'
1095 2921 1134 2966 rte
1155 2909 1301 2969 sehabet

85 2997 161 3084 «Etr,
178 2991 266 3087 daie,
294 3009 402 3090 τρεῖς·
417 2999 436 3067 o‘
462 3001 498 3066 dd
521 2999 560 3088 dr}
592 2996 781 3086 τέταρτος
759 3006 846 3086 ημῖν,
868 2997 894 3064 ol
916 3000 982 3086 φίλε
1007 3001 1129 3082 Τίμαιε,
1150 2998 1224 3082 ποῦ,
1243 2990 1305 3068 των

79 3105 156 3186 χθὲς
174 3109 242 3190 μὲν.
263 3103 470 3233 datrvpeo'pmv,
500 3101 539 3170 rei
566 3106 619 3170 mie
648 3101 718 3169 d''‘
696 3099 907 3230 ερτιατόρριν;
940 3107 1030 3184 Τιμ.
1081 3095 1234 3172 Ἀσθίνειοί
1260 3134 1303 3186 τις

79 3204 152 3272 circi
175 3208 347 3288 συνέπεσεν,
379 3236 404 3274 ω
433 3204 605 3334 Σιίκρριτες·
633 3204 670 3273 cci
695 3205 753 3292 ydp
780 3204 817 3271 ἂν
844 3201 918 3271 ἓνοὶν
946 3208 1038 3291 τῆσδε
1059 3202 1226 3275 ἀπελείπετο
1246 3215 1302 3296 τῆς
1358 3193 1374 3216 ”

78 3274 231 3392 beheim
274 3317 340 3384 Sor
363 3309 479 3378 Οὐκοῦν
499 3335 556 3376 οον
575 3309 674 3376 τῶνδέ
693 3336 726 3376 τε
747 3307 849 3396 ἔργον,
876 3305 1076 3393 calciamiri
1099 3313 1153 3378 τοῦ
1174 3309 1303 3392 ἀπόντος

78 3407 273 3502 ἀναπληροῦν
284 3411 394 3501 με’ροςς
426 3419 511 3496 Τιμ.
542 3410 631 3480 Πάνυ
652 3413 709 3494 μὲν
738 3409 802 3478 οὖν
827 3415 883 3476 καὶ
913 3439 987 3477 κατα
1015 3414 1142 3496 δύναμίν
1161 3439 1194 3498 γε
1216 3412 1307 3514 ουδὲν

79 3512 257 3601 ἐλλείψομεν
268 3515 354 3584 ouidi
379 3515 437 3604 yolo
459 3515 496 3581 clv
516 3515 560 3601 εἴη
583 3515 710 3594 δίκαιον,
732 3514 813 3599 χθὲς
841 3511 901 3578 dud
925 3539 978 3579 ooo
966 3511 1232 3638 ξενισθέντας
1201 3543 1244 3596 otc
1256 3491 1303 3602 ip

79 3617 182 3702 πρέπον
212 3622 331 3699 ξενίοις,
357 3619 403 3706 μή
429 3618 466 3684 ori
492 3615 664 3705 προθύμως
689 3618 724 3682 οὲ
746 3615 815 3695 coir
844 3613 1009 3694 λιποῦς’
986 3619 1077 3702 ημῶν
1098 3616 1306 3703 impertierint

80 3745 171 3808 uter,
199 3730 276 3804 dno,
305 3739 388 3788 tres:
417 3737 549 3806 quartur
574 3747 699 3800 vere,o
728 3731 828 3784 amice
859 3724 1136 3800 Timeee„eerum,
1156 3733 1210 3803 qni
1226 3748 1246 3784 ο
1264 3749 1310 3786 me

80 3822 142 3882 lteri
176 3850 347 3887 emmenum
380 3833 514 3886 coccinio
546 3832 662 3903 recepti
696 3835 790 3898 ruat,
827 3843 908 3884 uuae
945 3834 1047 3882 cutem
1088 3843 1149 3888 me,
1171 3829 1305 3884 vicissim

81 3931 249 4002 recipiunt,
278 3925 408 3986 echinom'
429 3925 498 3984 ert?
544 3925 572 3986 T
578 3933 640 3984 irre.
684 3923 823 3982 Aduered
847 3921 1018 3982 valetudine
1046 3923 1181 3996 luderet,
1208 3944 1223 3981 ο
1246 3923 1303 3984 So-

81 4009 199 4082 croteer
224 4048 281 4086 nere
311 4033 392 4084 enim
419 4035 521 4104 τροπίε
541 4026 588 4083 'ob
618 4025 670 4084 ίιοι·
696 4033 779 4082 cestu
807 4032 838 4081 et
866 4023 1070 4100 disputatione
1099 4023 1304 4092 abstinuisset,

84 4116 135 4179 So.
176 4123 259 4206 Ergo
289 4135 440 4199 tunm,’e
473 4124 612 4198 Timore,
633 4133 662 4183 et
689 4123 796 4183 lterum
824 4129 885 4182 erit
911 4121 1043 4202 efficium
1057 4165 1065 4194 ,
1093 4128 1199 4198 quarti
1224 4121 1311 4190 illiue

84 4218 206 4281 eirenen
230 4233 338 4302 portes
367 4225 494 4302 replere.
542 4222 637 4282 Tim.
681 4223 756 4280 Erit
779 4229 916 4279 omrtinc:
939 4243 991 4278 nec
1012 4219 1194 4300 quidquem,
1215 4219 1310 4294 quood

45 2891 59 2932 ί

85 4387 330 4408 *κῇ-...-

117 4495 139 4560 ll
157 4499 215 4552 lust.
235 4505 303 4556 Oret.
321 4505 339 4555 l.
360 4503 400 4554 10.
