2898 5120
718 275 778 342 ¹175

123 443 177 502 hac
205 439 242 502 de
275 463 305 502 oe
336 443 493 504 sententias
522 461 607 523 supra
635 442 785 503 attulimus
808 442 852 524 l)':
871 442 920 502 hic
940 461 1008 501 teca
1025 437 1110 498 nabis
1129 437 1243 496 effatum
1266 432 1361 515 philo·

123 540 225 622 sophi,
256 539 334 620 quod
360 542 489 600 omnium
514 541 713 620 gravissimum
744 555 803 617 cst,
824 537 1034 601 attendendum
1061 537 1094 594 in
1114 535 1216 616 primis
1235 532 1360 593 videtur.

123 639 174 698 Est
194 639 272 699 illud
292 639 466 717 hujusmodi.
492 661 507 694 ιι
521 634 565 700 To*
579 634 621 721 dp*
640 634 855 722 φυλακτήριον,
878 640 938 714 ait,
964 627 1101 698 iuva-aidi
1124 656 1182 694 nou
1201 631 1362 712 οἰκοδομη-

121 724 190 797 τέον
208 740 271 812 τοῖς
287 731 426 818 φύλαξιν,
445 733 477 800 ἐν
492 741 629 829 μουσικῇ.
676 736 725 804 Ἡ
740 740 797 824 γάρ
816 737 986 824 παρανομία
1008 735 1120 824 ῥᾳδίως
1138 729 1280 797 λανθάνει
1303 759 1362 795 πα-

122 834 303 921 ραδυομένη·
323 867 358 878 -·
373 837 449 902 nurci
467 841 592 930 σμικρόν
613 839 844 928 εἰσοικισαμένη,
867 838 967 928 ἠρέμα
987 835 1111 923 sincipiti
1131 831 1209 920 πρὸς
1230 835 1268 898 τοί
1292 831 1360 922 ἤθη

119 961 152 1002 τε
178 941 228 1002 καὶ
251 937 289 1003 aa*
314 932 542 1026 ἐπιτηδεύματα·
567 941 599 1008 ἐκ
621 943 657 1008 di
676 943 792 1010 τούτων
810 947 851 1023 εἰς
871 941 910 1008 τοὶ
930 938 1008 1027 πρός
1025 936 1170 1024 ἀλλήλους
1196 936 1362 1021 ξομβόλαια

121 1041 237 1122 μείζων
262 1039 393 1124 ἐκβαίνει·
419 1042 451 1108 ἐκ
475 1043 513 1109 di
530 1040 571 1130 aq*
591 1047 858 1130 τῶν·ξαμβολαίων
876 1042 997 1129 ἔρχεται
1023 1040 1071 1108 ἐπὶ
1092 1039 1161 1118 τούς
1183 1038 1295 1122 νόμους
1313 1045 1362 1106 καὶ

120 1144 268 1219 πολιτείας
288 1143 343 1208 σῦν
363 1149 461 1235 πολλῇ
480 1146 622 1238 α’σελγιίᾳ·
643 1148 702 1228 ἕως
724 1147 761 1216 dr
778 1151 942 1215 τελευτῶσα
961 1143 1060 1210 πάντα
1078 1145 1142 1234 ἰδίᾳ
1160 1145 1209 1208 καί
1229 1146 1362 1233 δημοσίᾳ

120 1243 289 1334 ἀνατρέψῃ·
308 1271 367 1309 αντ
388 1257 492 1332 igitur
515 1257 555 1313 ad
577 1278 673 1316 naeres
686 1257 923 1338 prepugnondos
942 1257 1028 1313 honos
1048 1253 1097 1310 tte
1115 1251 1269 1310 condenda
1290 1273 1361 1310 cus·

120 1353 240 1410 todibus
267 1355 381 1409 nostris
410 1362 474 1427 est,
505 1361 539 1410 in
567 1363 693 1415 musica.
735 1352 817 1414 Nem
843 1357 944 1435 legum
968 1352 1158 1432 negligentia
1186 1369 1360 1428 morumque

117 1458 261 1526 pravitas
280 1449 360 1507 τῖσαι
379 1459 409 1506 et
420 1451 522 1526 facile
549 1461 706 1530 surrepit:
728 1462 838 1513 sensim
863 1451 1081 1530 paulatimque
1091 1455 1124 1507 in
1148 1469 1198 1508 res
1210 1451 1361 1525 familio-

119 1570 170 1607 res
189 1569 218 1606 ae
236 1555 417 1622 insinuens,
437 1555 471 1606 in
489 1570 585 1610 mores
603 1559 701 1629 serpit
719 1562 748 1610 et
769 1554 872 1612 studio
882 1599 890 1627 ,
912 1575 947 1628 ea
967 1553 1016 1609 liic
1032 1551 1171 1625 deinceps
1190 1547 1231 1605 ad
1247 1557 1358 1606 mutuo

118 1635 298 1706 commercio
316 1648 469 1722 procedit,
490 1658 588 1729 magis
607 1658 764 1730 magisque
788 1659 1018 1732 ingravescens,
1041 1657 1106 1705 tum
1128 1653 1272 1723 peruenit
1289 1647 1360 1703 hinc

118 1747 161 1803 ad
189 1747 268 1825 leges
294 1753 324 1802 et
348 1748 534 1822 respublicas
552 1769 664 1828 magna
684 1771 752 1808 cum
768 1751 943 1826 petulentia
964 1758 994 1807 et
1011 1749 1139 1806 lascivio
1150 1791 1159 1821 ,
1179 1746 1268 1825 donec
1288 1755 1360 1802 ton-

16 1901 23 1914 ,
118 1843 186 1903 dem
203 1850 353 1923 priuatim
363 1845 540 1924 publiceque
560 1854 661 1905 omniu
676 1858 864 1924 pervertat.»
888 1845 920 1928 2)

223 2037 281 2099 De
304 2049 583 2122 gymnastico
610 2044 828 2102 custodum
854 2045 1110 2103 educationi
1134 2052 1255 2099 recte

614 2143 868 2204 adhibenda.

147 2331 229 2393 'Tali
241 2333 338 2416 igitur
363 2357 427 2395 cum
446 2335 572 2395 musicae
591 2349 653 2396 tum
672 2352 848 2397 caeterarum
868 2336 975 2396 artium
993 2333 1089 2396 studio
1110 2331 1222 2414 vigebit
1242 2332 1363 2406 civitas,

118 2452 209 2511 quam
237 2432 363 2500 condere
390 2433 556 2514 coepimus,
587 2456 676 2515 coque
712 2437 802 2516 magis
832 2450 860 2496 et
891 2433 1001 2516 vigebit
1027 2445 1055 2492 ct
1082 2433 1208 2515 perfecta
1233 2430 1364 2490 moribus

119 2531 194 2604 erit,
226 2551 282 2609 quc
311 2531 483 2612 diligentius
512 2532 644 2593 custodes
664 2548 792 2609 nostros,
813 2556 884 2613 quos
904 2535 1015 2615 praeire
1037 2531 1157 2591 caeteris
1177 2528 1293 2590 civibus
1315 2529 1366 2588 dc·

118 2642 185 2702 cet,
216 2627 257 2686 sic
286 2629 507 2691 instituerimus.
549 2629 607 2690 Sed
634 2633 760 2691 musicae
790 2629 907 2691 accedat
934 2629 1111 2712 gymnasticae
1137 2640 1258 2708 oportet.
1300 2627 1365 2684 Hac

118 2726 200 2784 euim
224 2737 245 2784 'a
266 2728 374 2786 teucris
392 2747 445 2808 per
467 2741 556 2787 totam
573 2726 713 2810 deinceps
733 2730 823 2790 vitam
843 2727 1026 2789 exercitandi
1045 2739 1141 2786 erunt.
1167 2745 1182 2778 «
1195 2723 1231 2784 Id
1249 2737 1364 2798 atatem,

119 2823 162 2883 ait
189 2823 337 2899 Socrates,
367 2825 408 2884 ita
427 2845 455 2884 se
483 2824 572 2884 habet
595 2825 824 2905 quodammodo,
846 2839 878 2886 ut
903 2828 1024 2907 opinor:
1047 2823 1246 2885 animadverte
1268 2835 1296 2881 et
1315 2834 1366 2880 tu:

118 2917 192 2998 ἐμοὶ
208 2914 264 2999 μὲν
285 2910 345 3002 yda
364 2916 401 2982 ου’
423 2919 555 3003 φαίνεται
565 2968 575 2998 ,
600 2918 619 2984 t‘i
638 2917 675 2984 tr
687 2917 861 3012 χρηστδνῇ
877 2923 983 3004 σῶμα,
1001 2921 1090 2985 τοῦτο
1105 2919 1147 3008 τῇ
1162 2915 1255 2981 αὐτοῦ
1273 2914 1368 3004 οἷρττῇ

118 3015 230 3102 ψυχήν
254 3015 376 3104 οἷγαθῆν
398 3027 490 3085 ποιεῖν
496 3071 506 3099 ,
541 3017 615 3084 itti
636 3021 819 3106 τούναντίον,
848 3021 938 3109 ψυχή
960 3016 1067 3106 oiyttdpx
1091 3023 1133 3110 τῇ
1155 3015 1248 3103 allidi
1271 3015 1369 3108 ipen}

120 3121 216 3203 σῶμα
232 3116 374 3206 παρέχειν
387 3117 429 3200 οἷς
442 3117 538 3186 οἷόντε
555 3120 720 3208 βέλτιστον·
748 3133 826 3189 milei
854 3137 934 3189 enim
961 3149 1019 3187 non
1043 3129 1167 3186 videtur
1193 3125 1270 3203 quod
1293 3127 1366 3182 bene

120 3250 151 3286 oe
184 3227 280 3285 habet
294 3249 419 3304 corpus,
440 3229 492 3287 hoc
512 3251 568 3288 sua
587 3239 704 3291 virtute
724 3238 862 3290 animum
883 3229 998 3308 efficere
1019 3228 1144 3299 bonum,
1166 3224 1218 3282 sed
1237 3231 1366 3297 contra,

120 3327 215 3383 donus
240 3331 363 3384 enimus
389 3348 444 3384 sua
470 3333 533 3403 ipse
561 3336 678 3388 virtute
706 3352 831 3408 corpus,
852 3328 950 3406 quoad
977 3333 1044 3403 ejus
1057 3325 1137 3400 fieri
1151 3329 1250 3399 potest
1258 3365 1267 3395 ,
1285 3327 1367 3396 opti-

120 3445 207 3481 mum
226 3423 337 3484 reddit.
379 3421 448 3483 Tibi
465 3445 533 3486 vero
552 3424 624 3504 quid
639 3426 781 3488 videtur?
802 3455 837 3465 -
856 3425 938 3485 Idem
958 3445 1026 3484 sanc
1047 3445 1079 3482 ac
1098 3420 1154 3481 tibi
1175 3416 1216 3499 3).
1236 3446 1272 3456 -
1288 3417 1364 3498 Ergo

120 3521 180 3579 rite
208 3541 273 3579 cum
299 3521 408 3580 musici
436 3523 624 3603 temperanda
646 3525 823 3605 gymnastico
852 3525 925 3598 erit,
956 3543 1010 3583 nec
1038 3541 1107 3582 uero
1132 3519 1173 3579 ita
1195 3518 1365 3577 existimau-

121 3617 217 3692 dum,
246 3633 278 3678 ut
306 3618 394 3699 vulgo
414 3621 599 3696 existimant,
627 3623 709 3702 quasi
736 3622 826 3682 altera
855 3621 959 3680 harum
988 3619 1094 3679 artium
1123 3637 1244 3696 cotpus,
1276 3614 1367 3673 altera

118 3715 252 3810 animum
280 3716 460 3776 solummodo
486 3733 603 3799 spectet.
654 3719 782 3782 Videtur
812 3734 931 3801 utraquc
959 3719 1050 3779 animi
1075 3707 1110 3775 in¹
1136 3713 1238 3796 primis
1266 3709 1366 3770 caussis

119 3812 276 3874 tractanda
304 3835 373 3874 esse.
393 3816 509 3890 -Quo
537 3821 644 3899 pacto?
665 3847 701 3858 -
720 3824 766 3879 An
793 3841 855 3880 nou
880 3819 983 3894 vides,
1010 3838 1065 3895 qua
1097 3815 1156 3874 sint
1174 3812 1280 3871 mentis
1300 3831 1365 3868 con·

160 4132 183 4199 1)
203 4135 280 4186 lnitic
296 4154 324 4204 p.
342 4136 385 4188 87.

158 4216 184 4281 2ί
203 4210 380 4290 Deuep.1v'.
399 4211 465 4274 Ιν2ὶλ.Ι
477 4222 509 4274 l).
545 4224 637 4279 Totum
656 4227 724 4280 huuc
748 4228 830 4280 locum
852 4228 885 4279 dc
907 4228 1018 4278 musicae
1037 4227 1072 4275 'in
1090 4225 1218 4276 civitatem
1243 4219 1270 4270 vi
1289 4217 1367 4285 pleiw

122 4313 249 4381 explicuit
273 4315 346 4367 lien
375 4315 435 4368 Tea
458 4318 522 4386 dim.
551 4315 582 4366 de
608 4315 635 4365 ai
657 4317 761 4367 unsina
790 4317 825 4365 od
852 4313 1010 4378 excolendum
1044 4311 1177 4372 λοονυιαιι,
1206 4303 1359 4373 pracsertim

121 4416 151 4472 p.
169 4397 203 4450 34
221 4408 249 4450 ct
266 4397 325 4450 132.

162 4481 193 4547 3)
212 4484 275 4537 Εοιλ.
293 4483 337 4536 lll.
355 4483 415 4537 403.
433 4476 466 4538 l).
