2950 5134
769 271 809 330 32

173 451 320 492 versorum
340 430 562 510 disquisitione,
584 430 670 492 habet
686 445 783 490 tamen
792 476 801 505 ,
820 431 935 492 Socrate
945 431 1045 511 judice
1054 478 1063 507 ,
1083 432 1161 513 qood
1177 453 1269 494 unum
1284 436 1401 494 maxime

172 530 450 610 diligentissimeque
473 528 600 609 indaget.¹
641 530 713 588 Nam
738 549 804 588 oum
831 529 967 590 latissime
984 543 1080 612 pateat
1098 531 1290 610 cognoscendi
1310 552 1401 604 amor,

171 649 226 688 nec
246 628 342 687 minus
362 628 513 706 inquirant
530 627 681 702 morales,
700 627 775 706 quid
795 627 827 688 in
845 627 911 687 altis
925 629 998 688 coeli
1018 628 1175 702 tractibus,
1190 649 1277 708 quam
1285 628 1359 708 quid
1372 630 1400 688 in

171 726 217 785 his
235 727 318 786 terris
332 728 516 806 ipsorumque
533 727 636 785 animis
647 740 773 805 geratur,
792 739 821 783 et
830 747 899 786 vero
908 726 970 785 illis
977 728 1101 786 maxime
1112 726 1286 806 indagandis
1295 727 1401 808 sapien·

104 897 111 910 ι
169 823 241 882 tiam
258 837 415 897 censeant,
437 823 565 883 Socrates
581 823 795 905 philosophiam
815 826 906 904 coligit
924 823 962 883 de
986 825 1047 886 vita
1067 839 1094 886 et
1113 824 1241 884 moribus
1264 825 1401 904 rebusque

172 921 257 981 bonis
285 936 313 981 et
341 922 426 996 malis
455 941 600 1001 quaerere.
642 923 706 997 Quo
735 944 795 981 non
824 922 924 982 utilius
952 937 1081 996 tantum,
1104 937 1135 982 ut
1162 924 1251 1004 vulgo
1270 938 1386 1006 putatur
1393 969 1400 997 ,

171 1019 378 1099 hominumque
398 1021 475 1082 vitae
492 1021 749 1095 accommodatius,
769 1019 821 1079 sed
838 1041 936 1102 reapse
956 1022 1115 1080 sublimius
1137 1042 1196 1080 esse
1224 1023 1321 1104 coepit
1342 1021 1401 1102 phi·

172 1117 319 1200 losophiae
336 1120 525 1201 propositum.
548 1121 619 1178 Nam
640 1119 781 1201 pertinuit
801 1120 840 1178 ita
858 1117 896 1178 ad
914 1119 1042 1178 animum
1062 1119 1312 1198 cognoscendum,
1330 1121 1400 1192 sive,

172 1231 204 1276 ut
224 1239 276 1276 nos
290 1218 378 1297 ,loqui
404 1217 545 1292 solemus,
566 1217 604 1278 ad
629 1216 859 1298 cognoscendum
885 1218 1032 1275 homiaem
1042 1262 1050 1290 ,
1072 1219 1189 1296 ejusque
1212 1217 1401 1298 explorandas

129 1329 131 1332 '
168 1314 290 1378 divinas
325 1317 438 1408 ingenii
471 1317 616 1395 animique
654 1315 813 1374 facultates.
865 1315 944 1389 Quin
973 1335 1006 1374 eo
1034 1316 1174 1396 spectavit
1201 1317 1344 1389 maxime,
1373 1330 1401 1374 ut

169 1414 366 1473 excoleremus
398 1416 602 1496 nosmetipsos,
637 1413 675 1474 ad
708 1434 845 1472 summam
880 1414 1097 1494 perveniremus
1130 1415 1267 1474 vittutem
1302 1428 1331 1473 et
1364 1415 1399 1472 sic

170 1512 370 1572 accederemus
390 1511 428 1571 ad
447 1513 653 1593 perlectionem
672 1511 813 1572 divinam.
856 1511 913 1570 Sed
932 1511 1111 1592 praeclarum
1130 1511 1184 1570 hoc
1203 1511 1399 1592 philosophiae

169 1611 348 1692 propositum
377 1611 468 1690 ipsius
498 1610 581 1670 nobis
608 1609 818 1670 declarandum
842 1623 887 1669 est
914 1610 1042 1670 Platonis
1072 1609 1233 1670 sententiis.
1277 1611 1305 1670 Is
1327 1611 1399 1670 enim

171 1708 249 1788 quod
267 1707 414 1783 Socrates,
433 1722 461 1767 et
474 1723 540 1768 ante
559 1709 702 1769 Socratem
721 1707 891 1787 Pythagorei
906 1707 1013 1787 aliique
1026 1707 1177 1768 obscurius
1195 1707 1398 1788 prodiderant,

151 1803 156 1812 ’
172 1808 316 1887 magisque
343 1807 377 1865 in
407 1827 488 1868 usum
505 1805 701 1866 adhibuerant
720 1827 806 1884 quam
825 1798 1042 1866 declaraveram
1059 1805 1175 1880 verbis,
1190 1803 1269 1866 clara
1287 1807 1320 1865 in
1341 1807 1398 1865 luce

171 1905 276 1988 posuit.
318 1905 376 1963 Nec
395 1905 545 1984 quisquam
567 1904 653 1964 facile
683 1905 867 1983 antiquorum
888 1925 953 1962 cum
982 1902 1105 1964 interius
1121 1904 1212 1962 sensit
1231 1905 1292 1964 vim
1310 1903 1397 1987 philo·

171 2003 305 2086 sophiae,
326 2017 387 2062 tum
415 2003 558 2084 explicuit
585 2002 730 2062 disertius.
771 2002 963 2076 Quamobrem
991 2000 1091 2081 paullo
1116 2002 1220 2060 fusius
1233 2001 1288 2062 hac
1317 2001 1398 2061 dere

171 2121 253 2182 agere
275 2103 368 2180 juvat.
420 2101 475 2160 llic
504 2102 643 2160 nimirum
670 2100 766 2160 aditus
790 2114 850 2176 est,
871 2121 922 2181 per
942 2097 1026 2179 quem
1037 2145 1045 2172 ,
1071 2113 1208 2176 tanquam
1229 2121 1282 2180 per
1298 2100 1397 2160 atrium

76 2213 78 2228 ¹
172 2200 317 2281 quoddam
335 2214 505 2280 augustum,
527 2201 559 2258 in
580 2221 658 2259 sacra
677 2198 864 2280 procedamus
883 2197 1049 2279 philosophi
1070 2197 1241 2277 penetralia.

213 2299 333 2358 Initium
361 2297 561 2379 philosophiae
587 2313 630 2357 est
656 2299 839 2355 admiratio:
867 2297 937 2356 hino
965 2297 1042 2355 enim
1070 2296 1182 2354 exsistit
1209 2290 1397 2374 cognoscendi

70 2386 78 2404 ¹
172 2396 289 2478 cupido.
330 2381 456 2456 Illiratur
483 2396 680 2456 Theaetetus
672 2383 704 2454 ιιι
726 2397 894 2486 cognomine
914 2394 1044 2474 dialogo,
1061 2415 1135 2472 quae
1154 2416 1170 2451 a
1190 2393 1306 2452 Socrate
1324 2393 1397 2451 dicta
1418 2447 1432 2490 '.

173 2509 258 2554 sunt:
281 2495 338 2553 imo
357 2515 442 2569 vero,
464 2495 523 2568 ait,
540 2494 613 2556 haec
631 2493 756 2554 subinde
774 2494 948 2574 respiciens,
970 2493 1073 2574 capitis
1094 2491 1166 2551 mihi
1187 2490 1289 2551 videor
1317 2489 1394 2549 verti·

171 2594 237 2674 gine
267 2592 406 2653 laborare.
457 2540 532 2650 Turis
563 2591 709 2652 Socrates:
739 2585 900 2672 Θεόδωρος
930 2585 1002 2671 yda),
1034 2583 1059 2652 ol
1091 2587 1171 2669 φίλι,
1205 2588 1337 2668 φαίνεται
1365 2579 1397 2646 os'

168 2691 266 2765 κακῶς
299 2684 437 2764 τοπάζειν
470 2688 538 2770 περὶ
569 2675 631 2772 τῆξ
663 2685 780 2772 φύσεώς
814 2715 880 2754 σου·
916 2687 998 2772 μάλα
1027 2687 1084 2773 peip
1116 2687 1284 2772 φιλοσόφου
1313 2689 1394 2751 τοῦτο
1456 2698 1457 2760 ξ

170 2789 208 2855 td
244 2785 363 2866 πάθος,
399 2787 436 2853 cd
473 2787 654 2873 θαυμάζειν·
690 2791 726 2856 ori
761 2789 829 2877 γάρ
866 2790 953 2876 ἄλλη
990 2790 1086 2876 ἀρχή
1126 2794 1344 2876 φιλοσοφίας
1376 2783 1394 2870 ἢ

169 2890 260 2978 αὕτη·
293 2893 344 2955 καὶ
362 2888 465 2956 ’ἔοικεν
497 2890 515 2956 o‘
546 2891 601 2978 τήν
632 2890 700 2978 Ἰριν
736 2892 912 2976 Θαύμαντος
947 2892 1061 2978 ἔκγονον
1091 2891 1207 2979 φήσας,
1241 2893 1277 2958 oo'
1297 2893 1394 2964 ικακῶς
1456 2925 1457 2951 ι

169 3000 351 3082 γενεαλογεῖν.
376 2997 405 3079 l)
443 2999 642 3079 Cognoscendi
680 3015 775 3060 autem
803 3001 855 3060 illa
885 3001 1010 3084 cupido,
1040 3023 1112 3080 quae
1146 3021 1181 3058 ex
1210 3001 1394 3060 admiratione

169 3105 278 3177 oritur,
311 3113 342 3159 ut
371 3093 489 3159 ¹vocatur
519 3099 597 3172 fere,
618 3101 659 3158 ita
677 3114 719 3159 est
737 3121 834 3182 reapse
852 3122 937 3158 omos·
955 3099 1070 3179 aliquis.
1113 3102 1195 3157 Amat
1209 3095 1394 3179 philosophus

170 3200 359 3282 sapientiam,
381 3211 412 3254 ut
430 3197 566 3255 amasium
585 3217 668 3255 suurn
679 3244 686 3271 ,
712 3198 768 3256 imo
788 3199 828 3256 sic
853 3198 922 3256 colit
944 3198 1098 3270 amasium,
1118 3211 1149 3257 ut
1169 3199 1230 3274 ejus
1249 3215 1343 3254 amore
1360 3188 1393 3248 ad

169 3298 341 3379 sapientiam
351 3294 509 3376 perveniat.
526 3290 558 3374 2)
582 3295 626 3353 lta
640 3297 741 3354 amoris
755 3295 833 3377 apud
842 3295 990 3354 Platonem
1003 3296 1160 3354 arctissima
1170 3308 1212 3354 est
1225 3313 1290 3351 cum
1301 3289 1393 3373 philo-

169 3396 270 3478 sophia
300 3392 446 3473 cognatio:
478 3392 555 3451 unde
570 3392 734 3473 philosophi
755 3395 786 3453 in
804 3397 865 3472 ejus
884 3395 998 3475 scriptis
1013 3414 1072 3451 non
1092 3394 1183 3452 solum
1204 3388 1391 3470 φιλομαθεῖς,

167 3495 221 3554 sed
250 3495 335 3552 etiam
366 3485 515 3571 ‹ptioaoilor
544 3505 573 3550 ct
596 3488 729 3572 ἐρωτικαὶ
752 3492 945 3575 appellantur,
972 3490 1003 3572 3)
1031 3490 1195 3552 Abhorrent
1209 3494 1280 3552 haec
1299 3509 1390 3552 sanet
1454 3561 1455 3566 ἵ

170 3606 267 3652 nostra
282 3591 507 3674 philosophandi
530 3594 660 3667 ratione,
681 3593 731 3652 sed
754 3613 786 3650 eo
811 3606 877 3650 sunt
901 3590 989 3650 nobis
1011 3591 1099 3669 magis
1122 3573 1390 3658 animadvertenda,
1454 3569 1455 3586 λ

167 3703 258 3772 eoque⁴
294 3691 348 3749 erit
382 3691 552 3772 diligentius
580 3692 649 3751 dein
683 3691 719 3750 de
752 3689 866 3748 coelesti
895 3709 987 3747 amore
1020 3687 1247 3768 disquirendum.
1290 3689 1390 3770 Sponte

168 3791 211 3849 sic
232 3793 323 3851 oritur
340 3794 372 3851 in
391 3792 542 3872 hominurn
562 3790 657 3848 animo
676 3788 857 3870 philosophia
873 3801 900 3846 et
918 3786 1027 3845 dicitur
1046 3787 1097 3845 illa
1116 3788 1270 3856 nonnullis
1281 3787 1389 3846 notare

205 4014 235 4079 l)
258 4015 351 4066 Τλεαιι.
370 4014 427 4066 155.
442 4015 472 4065 1).
487 4014 593 4065 aristot.
608 4013 712 4082 Metapa
728 4011 746 4061 Ι.
762 4009 787 4061 2.
803 3995 852 4062 deti
878 3996 914 4061 τσ
940 3995 1107 4082 θαυμάζειν
1130 3999 1157 4060 oi
1172 3997 1325 4080 ἅνθρωποι
1345 3994 1389 4059 καὶ
1453 4043 1454 4086 q

168 4108 222 4170 νῦν
239 4107 287 4170 καὶ
303 4099 340 4168 Ιτσ
356 4107 474 4188 πρῶτον
487 4101 612 4187 ἤρξαντο
628 4107 804 4188 φιλοσοφεῖν.
817 4149 848 4156 -
870 4113 934 4165 Hine
950 4101 1124 4186 φιλοσοφίας
1138 4099 1219 4186 ‘lulli
1232 4099 1268 4165 τσ
1287 4102 1387 4180 θαῦμα

86 4255 93 4268 .
169 4214 240 4282 apud
259 4211 431 4278 Olympiod'
421 4209 537 4262 anAlcih.
556 4227 581 4276 p
596 4208 637 4260 24.
653 4218 679 4260 et
693 4209 761 4276 apud
774 4207 884 4260 Prool
874 4227 900 4260 m
913 4207 992 4260 Aac
1008 4223 1033 4275 p.
1049 4206 1098 4270 42,
1113 4205 1142 4258 tt
1160 4216 1185 4259 et
1201 4207 1256 4260 164.

204 4306 236 4370 2)
255 4305 360 4355 Ptoedr
377 4302 435 4354 252.
451 4303 558 4370 Deltep.
573 4303 602 4353 V.
617 4303 675 4354 474.
691 4302 779 4371 ltaque
789 4313 927 4376 σονιργος
937 4305 1054 4356 dicituro
1071 4314 1147 4374 ιρως
1159 4317 1198 4366 εις
1210 4287 1385 4374 palocopiam
1452 4337 1453 4346 ,

169 4397 229 4449 vid
245 4396 356 4448 Procl'
345 4414 372 4447 ια
381 4395 461 4446 Aleta
476 4411 501 4461 p.
517 4393 558 4445 61.

203 4481 278 4547 3)r.
294 4499 316 4534 c
333 4481 439 4534 Phaedr.
455 4479 513 4532 248.
531 4479 560 4531 Ι).
