2838 5120
711 233 771 297 262

122 405 269 480 vissimas,
289 402 327 463 ad
357 403 433 484 ipsas
456 399 536 461 ideas
559 398 735 479 proceditur.
776 398 880 480 Agitur
899 396 939 456 de
957 397 1086 475 pulcro,
1107 395 1185 476 quod
1210 396 1343 458 Socratem

125 502 210 566 docet
239 501 342 562 mulier
370 498 423 560 illa
446 500 479 558 in
508 497 610 580 primis
637 495 829 578 philosopha,
852 518 912 554 non
941 494 1113 556 inductione
1142 508 1275 571 tantum,
1301 496 1344 554 sed

125 603 211 662 etiam
228 598 392 680 analytica,
412 613 498 676 quam
518 596 663 670 diximus,
684 594 830 656 methodo.
871 596 962 670 Nam,
992 607 1023 652 ut
1042 595 1244 670 meminimus,
1269 615 1345 654 are-

124 699 200 773 bus,
220 719 292 777 quae
314 695 446 772 sensibus
466 708 584 775 patent,
610 694 744 779 aiormis
771 693 883 774 pulcris
909 692 995 755 initio
1023 691 1130 768 ducto,
1151 693 1190 754 ad
1208 714 1262 769 ea,
1282 714 1344 772 quae
1411 689 1412 692 ’

127 797 185 856 una
206 809 301 854 mente
322 794 544 874 percipiuntur,
569 792 607 852 ad
625 793 735 853 animos
757 791 889 872 pulcros,
914 790 1061 852 escendit:
1093 791 1163 850 inde
1183 790 1346 872 adpulere,
1412 849 1413 866 ρ

126 895 252 975 quaein
271 892 397 952 moribus
417 889 575 969 officiisque
595 904 714 972 patent,
743 888 893 971 procedit,
915 905 947 950 ut
965 888 1081 958 tandem
1100 889 1138 948 ad
1163 891 1261 970 ipsum
1286 889 1346 972 pul·
1412 891 1413 966 ᾖ

124 1014 205 1054 crum
227 990 354 1052 accedat.
395 989 459 1048 Huc
488 1003 582 1050 autem
606 1002 756 1070 postquam
785 990 946 1069 processit,
966 1010 1023 1068 quo
1043 988 1131 1068 magis
1154 987 1291 1069 pulcrum
1307 989 1347 1068 ip-

126 1111 208 1166 sum,
236 1087 321 1169 quale
339 1088 394 1162 sit,
417 1086 609 1162 demonstret,
630 1089 752 1146 secernit
772 1086 808 1146 ab
827 1108 859 1146 eo
877 1085 1023 1186 quidquid
1048 1107 1114 1145 cum
1133 1085 1268 1146 sensibus
1286 1108 1346 1145 con-

34 1200 35 1204 ’
92 1207 94 1212 ·
122 1191 277 1267 junctum,
302 1185 449 1264 ab‘eoque
472 1184 600 1244 alienum
618 1198 678 1260 est,
699 1185 792 1270 donec
820 1186 914 1266 ipsum
942 1183 1060 1244 tandem
1089 1183 1225 1266 pulcrum
1253 1204 1346 1268 purum
1413 1182 1414 1268 l

126 1275 404 1362 intaminatumque,
425 1305 498 1364 pura
523 1285 555 1343 in
578 1283 661 1358 luce,
681 1297 825 1364 appareat.
860 1281 889 1364 l)
918 1282 965 1342 Sic
989 1284 1059 1342 artis
1084 1296 1237 1363 praecepta
1257 1283 1342 1355 Plato,

126 1386 151 1443 si
171 1383 319 1443 attendere
337 1382 478 1458 velimus,
497 1383 561 1464 ipse
579 1381 733 1440 scribendo
753 1380 913 1462 explicuit:
935 1395 963 1440 et
986 1381 1041 1440 lroc
1060 1379 1177 1464 quidem
1197 1379 1235 1440 de
1256 1381 1343 1462 pulcro

124 1480 304 1561 exquirendo
332 1479 496 1559 exemplum
520 1478 641 1560 planum
661 1479 746 1538 nobis
772 1480 804 1537 in
833 1481 935 1560 primis
961 1477 1039 1538 illud
1067 1478 1183 1554 reddit,
1214 1480 1295 1559 quod
1319 1477 1346 1536 de

67 1657 69 1664 Ι
123 1577 294 1641 dialecticae
320 1599 372 1636 usu
401 1577 544 1658 praecipit
572 1575 651 1658 apud
682 1598 747 1634 eum
776 1577 808 1634 in
835 1577 953 1636 Politia
979 1577 1116 1638 Socrates.
1166 1571 1285 1638 Οὐκοῦν
1309 1573 1349 1637 uui

122 1676 190 1760 περὶ
216 1675 271 1737 τοῦ
296 1669 416 1756 dynant
441 1667 596 1748 ὡσαύτως·
624 1669 657 1748 ὃς
683 1669 719 1735 du
744 1667 790 1756 μή
818 1665 877 1760 ἔχῃ
900 1673 1092 1756 διορίσασθαι
1113 1673 1276 1765 τῷλόγῳ,
1298 1671 1348 1739 αἰιδ

121 1778 184 1840 τῶν
211 1771 307 1839 ἄλλων
331 1770 450 1838 πάντων
471 1770 589 1858 dosside
609 1769 665 1858 τήν
686 1777 741 1837 τοῦ
762 1771 884 1860 ἀγαθοῦ
903 1772 999 1852 ἰδέαν,
1020 1775 1069 1838 καὶ
1091 1769 1190 1863 ὥσπερ
1212 1779 1245 1842 ἕν
1265 1774 1348 1866 pipp
1414 1789 1415 1840 l

123 1875 174 1942 διδ
200 1874 318 1942 πάντων
344 1874 474 1962 ἐλέγχων
500 1874 627 1956 διιξιιδν,
652 1874 698 1962 μή
725 1876 798 1944 nurci
820 1876 913 1954 δόξαν
934 1874 1008 1942 itti
1029 1875 1091 1944 κατ’
1112 1877 1213 1944 οὐσίαν
1234 1867 1348 1968 προδο-

122 1976 270 2063 μοδμενος
298 1977 441 2068 ἐλέγχειν,
465 1979 497 2042 ἒν
517 1981 589 2044 πᾶσι
610 1975 724 2058 τούτοις
744 1978 857 2047 dundee
878 1983 923 2070 τῷ
942 1979 1021 2070 λόγῳ
1043 1978 1269 2068 διαπορεύηται,
1292 1979 1349 2048 οὔτε

124 2083 197 2150 atiud
221 2081 258 2150 τδ
286 2080 406 2167 ιῖγαθδν
432 2079 538 2168 φήσεις
563 2080 669 2151 εἰδέναι
695 2080 749 2150 edu
774 2081 869 2162 οὕτως
894 2080 1022 2166 ἔχοντα,
1049 2079 1115 2148 oin
1141 2081 1211 2150 δι’λλο
1238 2083 1348 2172 dyadis

122 2185 220 2252 aalide·
247 2185 310 2252 iti
335 2185 373 2252 ei.
386 2211 430 2274 πῃ
450 2182 575 2250 εἰδώλου
596 2181 674 2262 τινδς
695 2183 870 2270 ἐφάπτεται,
890 2183 992 2274 δόξῃ,
1007 2183 1232 2277 οδκιέαιστήμῃ
1254 2180 1347 2273 ἐφάτι-

122 2299 244 2368 stodor,
268 2290 317 2354 καλ
342 2286 394 2353 adr
418 2291 471 2352 νῦν
494 2288 561 2370 βίον
586 2285 826 2372 ὀνειροπολοῦντα
850 2291 900 2354 καὶ
924 2285 1128 2367 διινώττοντα,
1153 2291 1223 2376 πρὶν
1249 2287 1348 2356 ἐνθάδ’

122 2391 317 2478 ἔξέγρεσθαι,
352 2394 392 2470 εἰς
424 2387 501 2480 ᾅδου
531 2388 676 2476 πρότερον
705 2389 884 2476 ἀφικόμενον
912 2389 1018 2469 τελέως
1048 2390 1344 2478 monetarium·

121 2502 156 2566 dc
177 2502 245 2559 boreo
266 2499 410 2558 similiter
427 2519 457 2557 sc
476 2518 525 2556 res
544 2498 639 2558 tradet.
676 2495 853 2580 Quicunque
871 2521 929 2556 nou
944 2508 1043 2575 potest
1057 2501 1268 2559 ratiocinando
1288 2502 1348 2560 boni

121 2601 237 2674 ideam,
256 2603 366 2656 amotis
393 2598 428 2654 ab
446 2618 477 2656 eo
504 2603 638 2657 caeteris
654 2599 805 2672 omnibus,
827 2598 869 2656 dc
870 2599 900 2672 f
901 2604 914 2654 i
924 2605 967 2655 ui
976 2593 1020 2655 re
1030 2642 1040 2671 ,
1065 2619 1135 2672 nec,
1153 2607 1301 2676 tanquam
1317 2606 1346 2655 in

117 2719 240 2777 pugna,
269 2697 426 2756 amovendo
453 2696 720 2775 redarguendoque
737 2716 793 2772 por
811 2703 912 2754 ornnia
924 2696 1103 2772 procedens,
1123 2717 1182 2754 non
1198 2704 1347 2774 opimone,

123 2797 173 2856 sed
199 2817 233 2854 re
262 2815 395 2874 arguens
421 2815 456 2852 ac
486 2795 645 2870 refelleres,
665 2801 699 2852 in
717 2796 765 2854 iis
782 2797 918 2854 omnihus
936 2795 1039 2852 stabili
1059 2803 1089 2852 et
1107 2801 1287 2854 inconcusso
1303 2816 1347 2854 ro·

122 2901 201 2954 tione
218 2893 382 2972 progredi,
411 2892 490 2951 lurco
510 2879 604 2970 reoque
628 2899 728 2969 ipsum
747 2894 853 2952 bonum
870 2893 949 2953 dices
966 2909 1138 2972 cognoscere
1156 2915 1251 2972 nequo
1268 2894 1349 2952 aliud

121 2993 312 3071 quodcunque
339 2993 445 3056 bonum
455 3013 469 3062 ;
499 2999 673 3068 cerum,'si
692 2993 767 3069 quod
777 2994 866 3067 forte
884 2993 1084 3050 simulacrum
1103 3000 1266 3072 attigerit,
1289 2999 1347 3070 cpi-

49 3069 62 3096 (
119 3100 206 3150 nicus
235 3093 445 3165 bouum,.non
473 3096 620 3166 mionttd,
650 3097 784 3167 assequi,
818 3099 909 3168 atque
928 3091 985 3150 tac
999 3097 1036 3146 'in
1054 3096 1120 3148 aito
1138 3091 1346 3152 dormitantem

113 3194 187 3267 fere
214 3212 249 3250 oc
276 3196 492 3263 somniantem,
508 3197 690 3266 priusquam
708 3189 756 3246 tric
775 3196 1024 3268 expergiscatur,
1045 3188 1085 3245 ad
1102 3191 1221 3264 inferos
1238 3192 1349 3250 usum

121 3291 254 3361 dentem,
269 3297 398 3347 eamme
417 3307 515 3366 sopore
534 3297 709 3366 occupatum
728 3294 782 3346 iri.
805 3284 837 3365 2)
867 3285 925 3345 Sed
945 3285 983 3346 ad
999 3286 1173 3364 Sophistam
1193 3287 1345 3350 redeamus.

121 3386 197 3446 Sunt
226 3385 310 3446 nobis
333 3383 403 3446 inde
421 3385 479 3444 alia
496 3387 565 3446 item
585 3385 738 3460 ducenda,
759 3406 831 3466 quae
852 3384 985 3444 Platonis
998 3384 1051 3444 hac
1071 3384 1212 3446 cernendi
1228 3388 1345 3468 jungen-

120 3485 209 3564 dique
227 3497 287 3544 orte
305 3481 481 3545 efficiuntur.

246 3679 303 3740 De
328 3690 490 3741 ortium
518 3683 906 3766 doctrinarumque
929 3699 1005 3758 per
1029 3681 1231 3758 analysiu

405 3779 678 3838 Platonicam
704 3781 1029 3840 distributione.

159 3975 267 4056 Sponte
287 3990 386 4058 partae
411 3988 479 4036 sunt
506 3995 522 4036 e
552 3974 674 4050 studiis,
695 3975 793 4055 generi
817 3973 947 4034 humano
969 3973 1085 4046 insitis,
1106 3985 1181 4032 actm
1207 3975 1300 4032 omnes
1315 3983 1337 4029 et

117 4073 286 4136 doctrinae:
310 4073 361 4134 sed
389 4088 421 4134 ut
450 4087 534 4134 natae
561 4072 633 4135 inde
660 4073 694 4134 in
710 4073 860 4152 lucemque
881 4072 976 4132 editae
995 4070 1244 4153 distinguerentur
1259 4083 1336 4141 recu,

152 4284 178 4351 l)
202 4283 576 4356 Syrumsslldsssmdlld.
613 4284 661 4338 cu.
677 4285 755 4338 lss'tiu
771 4301 797 4353 p.
814 4283 864 4336 133
885 4301 941 4353 sqq.

152 4370 177 4436 2)
201 4374 239 4424 De
269 4374 330 4442 ltep.
362 4371 416 4424 Vll.
448 4369 506 4424 534.
539 4371 568 4422 Β.
598 4370 626 4424 G.
656 4371 686 4422 D.
727 4370 963 4426 Animadvertenda
996 4378 1080 4423 autem
1112 4372 1139 4423 io
1168 4369 1209 4422 his
1240 4363 1333 4436 proprie

118 4459 174 4519 τοῦ
195 4454 318 4536 ὁρίζειν,
340 4469 486 4534 mendi,
506 4467 670 4536 significatio.
