2872 5122
759 237 798 296 96

168 400 220 459 illa
238 400 271 457 in
291 396 420 456 Phaedro
440 399 576 471 maxime,
605 397 729 456 subinde
749 399 834 456 etiam
852 400 884 456 in
900 397 1067 483 Symposio:
1097 413 1213 478 uterque
1233 418 1299 460 vero
1322 401 1370 460 dia·

167 499 248 578 logus
267 517 301 556 eo
318 497 440 562 maxime
457 496 582 555 consilio
599 498 721 576 scriptus
740 509 782 554 est
791 542 799 571 ,
822 510 853 554 ut
872 499 960 558 amori
979 498 1091 578 vulgari
1112 499 1239 558 Uranins
1265 519 1371 578 oppone-

168 611 247 656 retur
265 614 360 669 amor,
379 595 429 674 qui
449 595 579 675 proxime
599 608 640 652 est
659 615 724 652 cum
744 597 852 654 virtute
872 609 900 654 et
919 595 1020 676 pulcro
1040 585 1139 659 morali
1163 599 1333 675 conjunctus
1350 611 1372 654 et

168 706 312 774 cognatus.
354 695 499 765 Omnino,
521 692 600 770 quod
619 691 716 750 laudat
734 693 814 752 Plato
833 696 1009 773 maximeque
1033 695 1213 764 commendat
1223 741 1231 768 ,
1259 709 1371 790 spectas

167 792 236 852 dum
250 792 326 853 idem
340 790 425 850 nobis
438 792 573 870 proponit
589 793 620 848 in
640 790 817 870 dialogorum
835 794 975 872 personis.
1001 798 1130 855 Amorem
1148 795 1226 854 bunc
1245 794 1372 868 Uraniuu

167 911 226 950 non
241 889 416 970 descriptum
435 901 547 946 tantum
567 890 598 946 in
619 889 679 965 ejus
696 889 782 951 libris
800 889 1044 972 contemplamur,
1066 891 1145 970 quod
1163 892 1276 952 faciunt
1294 891 1372 948 Phae·
1427 921 1429 956 ι

167 989 237 1049 drus
243 1025 252 1062 ,·
262 987 415 1046 Pausanias
424 999 452 1046 et
460 986 535 1044 mira
548 985 687 1066 elegantia
692 1032 701 1060 ,
717 1001 749 1045 ut
764 988 847 1047 modo
862 989 1003 1064 diximus,
1017 990 1139 1070 Agatho,
1157 990 1206 1049 sed
1222 991 1374 1070 exprimunt
1427 975 1429 1036 'ss

167 1107 231 1146 eum
248 1107 340 1151 mores
360 1097 388 1144 et
406 1103 547 1146 sermones
562 1084 702 1158 Socratis,
717 1085 768 1144 scd
787 1088 916 1146 referunt
929 1101 993 1158 eum
1007 1087 1108 1167 plane,
1125 1073 1178 1166 'qui
1195 1103 1259 1145 curn
1274 1087 1374 1147 Socrate
1427 1095 1429 1120 ⁴

143 1202 145 1206 ·
166 1185 389 1263 colloquuntur,
407 1181 609 1244 adolescentes.
636 1185 758 1242 Cernere
778 1183 862 1244 nobis
884 1184 1077 1247 adolescentes
1096 1185 1246 1259 videmur,
1267 1185 1298 1244 in
1316 1186 1374 1263 qni·
1427 1243 1428 1248 ,

164 1283 219 1342 bus
236 1283 348 1346 animus
366 1280 469 1362 pulcer
486 1301 551 1338 cum
568 1281 669 1362 pulcro
689 1301 805 1362 corpore
832 1282 1004 1343 mirabiliter
1030 1285 1189 1342 consentit:
1212 1282 1289 1362 quod
1314 1281 1373 1364 pul-
1430 1355 1431 1368 ,

163 1382 316 1460 eerrimum
334 1399 392 1438 esse
410 1379 604 1459 spectaculum
624 1378 719 1454 dixit,
738 1381 761 1438 si
782 1382 828 1439 eui
850 1380 881 1440 id
897 1381 982 1443 liccat
1002 1395 1137 1462 spectare.
1158 1383 1238 1457 Quid
1250 1382 1373 1462 pulcram
1430 1437 1431 1467 ,

62 1477 65 1488 ’
163 1482 200 1540 sit
217 1481 251 1539 in
268 1478 396 1550 artibus,
414 1476 486 1556 quid
505 1476 630 1539 habeant
653 1479 721 1537 artis
749 1500 834 1559 opera
864 1480 1121 1560 praestantissima,
1141 1500 1198 1559 qno
1227 1478 1373 1551 efficiatur,
1430 1535 1431 1538 ,

164 1591 195 1637 ut
213 1575 407 1657 nobispulcra
418 1573 575 1642 videantur
584 1621 593 1649 ,
613 1574 692 1633 haud
710 1577 867 1656 exquisivit
887 1576 954 1636 data
976 1578 1061 1664 pperl
1079 1574 1176 1636 Plato:
1195 1597 1262 1637 nam
1285 1571 1375 1656 λώβην
1430 1632 1431 1638 ,

164 1675 284 1737 vocabat
301 1695 460 1753 μιμητικην
484 1693 614 1746 omnem,
635 1693 707 1751 quac
726 1675 857 1736 sensibus
881 1674 1097 1754 gratificaretur.
1122 1674 1150 1755 Ι)
1187 1676 1244 1736 Sed
1261 1679 1374 1758 dialogis
1424 1754 1427 1763 Ι

162 1777 223 1856 ipse
241 1777 300 1834 suis
317 1775 451 1856 pulcrum
470 1773 627 1854 expressit,
648 1773 727 1850 quod
752 1773 828 1833 idem
848 1782 919 1833 esse't
944 1771 1052 1832 honum
1062 1775 1222 1854 ,exempla
1241 1781 1352 1883 poetis
1353 1789 1374 1833 et
1427 1767 1431 1860 ι

163 1873 322 1934 oratoribus
348 1872 508 1945 exhibens,
534 1889 606 1949 quae
634 1869 666 1926 hi
695 1871 732 1928 ad
762 1873 872 1950 genesis
899 1871 1018 1930 humani
1047 1871 1201 1936 salutem
1195 1849 1373 1934 imitarentiu·⁴
1426 1878 1431 1935 ³,

100 1989 102 1996 ‘
163 1972 242 2047 Quin
264 1993 320 2051 quo
344 1972 432 2051 magis
451 1983 577 2050 pateret,
599 1971 747 2030 contemni
771 1989 787 2026 a
814 1989 843 2028 se
870 1967 1022 2049 pulcrum,
1042 1969 1120 2048 quod
1140 1991 1198 2028 non
1219 1971 1305 2034 idem
1313 1985 1375 2032 esset
1426 1961 1427 1966 ἵ

162 2071 290 2146 bonum,
311 2071 408 2136 animo
433 2082 527 2127 autom
554 2067 631 2125 hono
659 2087 763 2148 corpus
790 2067 866 2126 effici
885 2067 1108 2148 pulcerrimum,
1134 2062 1325 2130 Tb'acetetum
1339 2073 1374 2134 in·
1430 2124 1431 2153 ,

163 2167 267 2242 duxit,
288 2169 321 2226 in
339 2167 508 2248 cognomine
527 2164 658 2243 dialogo,
688 2165 766 2244 turpi
796 2165 906 2274 specie,
927 2179 1003 2223 certe
1032 2187 1090 2228 non
1119 2166 1258 2242 formosa,
1280 2169 1330 2231 sod
1349 2189 1376 2226 eo
1427 2209 1428 2223 ι

163 2267 300 2352 ingenio,
330 2287 363 2324 eo
390 2267 480 2324 animi
507 2262 650 2336 candore,
680 2283 711 2321 ea
737 2264 857 2322 omnino
880 2263 1073 2338 amabilitate,
1096 2278 1126 2323 ut
1146 2265 1278 2327 nullus
1271 2289 1303 2325 m
1323 2270 1375 2345 ejas
1425 2251 1429 2321 l

164 2364 278 2443 scriptis
295 2362 461 2427 adolescens
485 2361 569 2421 nobis
588 2381 617 2420 se
640 2361 819 2420 commendet
838 2363 934 2440 tnagis.
975 2358 1032 2435 Qui
1052 2376 1115 2442 post
1133 2363 1279 2423 Platonem
1296 2365 1374 2423 exsti
1428 2355 1431 2444 '3

163 2475 262 2520 terunt
280 2459 466 2542 philosophi,
487 2475 636 2541 praecepta
658 2460 789 2542 plerique
808 2459 992 2520 tradiderunt
1015 2459 1063 2518 vel
1082 2461 1149 2520 artis
1168 2461 1216 2521 vcl
1235 2462 1375 2522 doctrinae
1430 2447 1431 2450 Ἰ

162 2559 345 2634 tractandae,
374 2558 452 2638 quod
479 2560 597 2632 minime
626 2581 693 2618 sane
721 2557 850 2638 neglexit
878 2557 975 2633 Plas03
1006 2557 1055 2616 scd
1081 2555 1149 2632 hic,
1170 2558 1324 2620 scribendo
1348 2563 1374 2618 in

162 2660 281 2739 primis,
302 2677 386 2738 opera
407 2659 439 2717 in
458 2657 551 2715 lucem
571 2657 682 2730 edidit,
704 2677 718 2714 e
738 2656 846 2735 quibus
863 2657 919 2737 ipsi
937 2669 1085 2736 praecepta
1104 2671 1270 2736 peteremus.
1295 2657 1375 2731 Quod

164 2771 195 2816 ut
215 2758 247 2815 in
268 2757 381 2815 creticis
398 2757 458 2833 ejus
477 2756 591 2836 scriptis
607 2757 666 2832 jam
695 2755 761 2813 satis
783 2753 866 2812 nobis
893 2753 1005 2834 patuit,
1026 2755 1065 2812 ita
1086 2755 1195 2835 patebit
1223 2754 1329 2817 deinde
1348 2757 1374 2813 in
1428 2799 1429 2802 ,

163 2855 244 2928 illis,
265 2875 336 2932 quae
354 2852 481 2912 studium
499 2854 561 2913 veri
581 2854 687 2913 otveri
707 2850 876 2932 assequendi
896 2865 984 2910 artem
1004 2865 1141 2932 spectant.
1163 2855 1250 2912 Totus
1270 2854 1375 2912 Theae-
1428 2879 1429 2886 ι

162 2967 255 3028 tetus,
277 2966 305 3012 et
328 2950 419 3032 ¹magis
445 2953 529 3014 etiam
557 2950 690 3031 Sophiste
719 2966 746 3010 et
774 2951 929 3024 politicus,
960 2950 1121 3030 exemplum
1146 2963 1186 3010 est
1214 2950 1375 3010 dialecticae

161 3041 339 3110 exercendae
362 3051 449 3125 artis,
469 3069 554 3128 quarn
574 3050 606 3106 in
625 3049 753 3108 Phaedro
773 3063 840 3107 ante
859 3047 1077 3110 adumbraverat
1095 3063 1121 3107 et
1140 3063 1234 3129 postea
1252 3051 1284 3107 in
1301 3049 1375 3109 Poli-

162 3151 203 3209 tia
231 3149 449 3228 diligentissime
479 3147 651 3228 descripsit:
684 3147 861 3205 Theaetetus
882 3168 950 3224 verp
977 3147 1160 3228 disciplinam
1190 3145 1372 3218 Socraticam,

161 3240 341 3328 μαιευτικὴν,
362 3247 442 3326 quasi
460 3248 493 3304 in
510 3243 605 3325 effigie
622 3245 706 3304 nohis
728 3246 871 3325 proponit.
913 3243 959 3302 Sic
982 3243 1080 3316 Plato,
1101 3263 1172 3322 quae
1192 3243 1239 3303 vel
1263 3245 1374 3324 ingenio

161 3350 390 3429 excogitaverat,
410 3343 459 3406 vel
477 3345 572 3402 animo
589 3341 747 3416 sentiebat,
769 3363 828 3400 non
848 3341 997 3403 sententiis
1020 3339 1194 3420 quibusdam
1220 3331 1269 3402 aut
1294 3345 1372 3402 ratio·-

163 3446 289 3507 cinando
308 3461 335 3505 et
353 3441 578 3524 argumentando
588 3486 595 3515 ,
615 3439 684 3514 sed,
705 3445 850 3521 poetarum
878 3441 986 3512 instar,
1009 3441 1117 3515 formet
1139 3441 1292 3522 praecipue
1310 3441 1371 3500 scri·

163 3561 277 3628 ptornm
297 3543 428 3624 exposuit
448 3554 477 3599 et
496 3541 643 3620 expressit.
670 3538 767 3597 Fuisse
786 3538 839 3598 boc
859 3539 1006 3618 proprium
1024 3538 1140 3598 videtur
1149 3539 1238 3619 ipsius
1248 3540 1372 3619 ingenio,

164 3659 196 3704 ut
213 3643 291 3704 nihil
309 3656 374 3702 ante
392 3642 446 3698 rite
466 3637 636 3718 explicitum
654 3638 884 3717 propositumque
903 3635 1107 3716 arbitraretur,
1127 3657 1212 3714 quam
1231 3636 1262 3696 id
1287 3636 1373 3699 oculis

164 3743 330 3820 subiecisset
353 3739 528 3819 legentium,
549 3737 620 3813 quin
648 3737 751 3807 etiam,
773 3748 805 3792 ut
832 3735 864 3793 in
891 3733 1036 3808 dramate,
1056 3736 1145 3794 vitam
1170 3736 1198 3794 ei
1217 3750 1372 3813 motumque

163 3839 296 3900 dedisset.
338 3839 475 3897 Finxerat
494 3836 526 3893 in
546 3833 648 3892 Politia
668 3834 787 3914 optimos
804 3833 929 3892 civitatis
954 3832 1103 3908 custodes,
1124 3834 1244 3914 optimos
1270 3833 1371 3914 princi·

163 3958 231 4020 pes,
251 3938 301 4016 qni
321 3937 429 4017 optima
448 3933 557 3992 ratione
574 3953 633 3990 rem
656 3931 803 4012 publicam
822 3929 1012 3990 defenderent
1033 3945 1117 4010 atquo
1134 3930 1370 3998 administrarent.

162 4035 275 4110 Quibus
292 4035 426 4096 omnibus
445 4046 509 4112 apte
527 4029 678 4110 descriptis
696 4044 724 4088 ct
740 4044 876 4108 tanquam
895 4030 927 4088 in
949 4029 1048 4088 tabula
1075 4029 1249 4090 adumbratis
1275 4051 1306 4088 ac
1324 4029 1371 4088 de

163 4135 268 4220 pictis,
290 4145 401 4192 tantum
422 4129 536 4203 aberat,
558 4143 589 4186 ut
606 4127 660 4186 boc
686 4127 743 4208 ipsi
764 4127 955 4201 satisfaceret,
976 4141 1008 4186 ut
1035 4126 1177 4192 Socratem
1199 4129 1232 4186 in
1260 4129 1371 4186 Timaeo
1430 4147 1431 4158 ι

161 4234 306 4294 dicentem
324 4231 483 4290 induceret.
508 4227 629 4286 «Audite
644 4229 704 4304 ,iam
723 4225 759 4284 de
777 4225 910 4299 civitate,
928 4247 1011 4303 quam
1026 4225 1217 4300 absolvimus,
1236 4223 1369 4304 quomodo
1430 4223 1431 4274 ἶ

163 4391 200 4398 -

155 4498 163 4516 s
197 4473 219 4538 l)
242 4477 278 4526 De
296 4476 356 4542 Rep.
372 4473 401 4524 Χ.
421 4470 478 4522 595.
501 4469 529 4520 B.
