2872 5122
622 253 674 312 131

57 427 104 486 est,
122 435 170 474 nec
191 412 310 492 aequale
331 427 462 487 tantum,
483 414 561 494 quod
585 435 664 474 nune
688 416 772 477 uuioe
797 413 946 490 diximus,
967 415 1017 476 sed
1041 417 1134 497 ipsum
1154 419 1260 500 pariter

56 527 77 570 et
92 511 217 592 pulcrum
232 526 259 570 et
276 511 385 571 bonum
404 525 431 570 et
442 515 552 591 justum
571 527 598 572 et
618 527 763 590 sanctum,
795 513 914 572 omnino
939 513 1083 598 quidquid
1101 517 1261 596 perfectum

55 631 190 689 rerumque
209 623 270 683 est,
291 611 395 689 cuique
414 611 528 690 signum
548 612 608 688 ejus
619 657 627 686 ,
646 609 723 689 quod
742 621 805 686 est,
825 613 905 688 quasi
925 612 1124 693 imprimimus.
1150 615 1261 674 Horum

55 731 95 766 uos
120 709 266 767 scientiam
294 709 463 783 amisimus,
493 730 582 788 quum
610 710 642 768 in
670 708 746 767 hanc
776 708 993 788 procederemus
1011 711 1117 770 vitam':
1144 733 1216 771 mam
1237 713 1261 770 si

55 807 270 880 retinuissemus,
299 807 436 865 sciremus
466 827 545 866 nunc
557 851 565 880 ,
593 828 653 866 non
677 807 880 886 opinaremur,
901 828 961 864 non
979 806 1162 884 falleremur,
1190 829 1262 890 quae

56 889 267 969 nune'conditio
291 917 387 963 nostra
414 917 464 962 est.
507 903 698 978 Quamobrem
717 903 816 962 danda
837 902 921 962 nobis
947 925 1032 984 opera
1052 920 1111 981 est,
1133 923 1183 984 ut,
1205 931 1262 989 quo

55 1003 209 1081 cogitemus,
226 999 410 1078 judicemus,
436 1002 641 1060 ratiocinemur
664 1001 784 1076 melius,
805 1000 930 1082 perfecta
952 1001 1003 1060 illa
1026 1018 1054 1063 et
1082 1025 1169 1082 vera,
1190 1029 1262 1086 quae

55 1099 134 1158 dicere
153 1093 189 1159 td
213 1091 285 1158 ὄντα
304 1099 588 1181 licet,quippequae
608 1115 689 1172 sunt,
708 1121 768 1158 non
787 1098 943 1174 videntur,
964 1101 1034 1160 haec
1044 1099 1149 1182 igitur,
1168 1103 1264 1183 quoad

54 1201 103 1276 ejus
121 1199 180 1259 fieri
208 1201 315 1282 possit,
346 1211 589 1278 repraesentemus
613 1199 726 1256 animo:
760 1196 791 1257 id
812 1197 889 1254 enim
909 1194 1018 1257 discere
1038 1214 1096 1259 est:
1128 1223 1195 1260 nam
1222 1203 1263 1260 sic

54 1299 125 1356 unice
152 1298 219 1357 licet
248 1297 286 1356 ad
316 1317 411 1357 rerum
439 1297 589 1354 seientiam
615 1296 777 1376 pervenire.
825 1294 940 1370 Verbo,
970 1301 1127 1357 recordari
1155 1313 1264 1381 oportet

53 1395 200 1454 hominem:
223 1416 291 1453 nam
308 1395 351 1453 sic
372 1393 488 1452 demum
508 1407 535 1452 et
554 1393 664 1452 discere
683 1407 716 1452 et·
730 1413 831 1453 verum
851 1392 951 1453 ridere
971 1405 998 1454 et
1015 1397 1188 1477 pristinam,
1208 1419 1263 1479 qua

13 1545 14 1574 3
53 1492 168 1552 destituti
188 1513 304 1567 sumus,
325 1491 493 1550 felicitatem
513 1511 680 1570 recuperare
700 1511 870 1571 possumus·
936 1502 939 1518 ¹

81 1591 238 1665 Abhorret,
260 1591 369 1664 fateor,
390 1587 444 1646 hoc
464 1587 603 1668 placitum
618 1588 765 1663 Platonis,
788 1602 819 1647 ut
838 1589 923 1650 modo
941 1589 1025 1665 dixi,
1046 1611 1062 1650 a
1086 1605 1181 1652 nostra
1200 1591 1263 1672 phi·
1323 1588 1326 1597 ’

13 1761 15 1786 ι
51 1686 209 1768 losophaudi
239 1689 349 1747 ratione
361 1696 372 1760 ,'
398 1701 502 1764 atque,
534 1700 565 1744 ut
584 1686 669 1746 dueta
691 1709 728 1746 ex
746 1680 840 1770 μύθῳ
862 1686 969 1748 illude
988 1690 1077 1747 animi
1098 1688 1264 1748 conditione

50 1788 220 1866 pristina'est
230 1833 238 1860 ,
260 1788 300 1845 ita
314 1791 429 1866 poeseos
446 1784 552 1842 habere
567 1787 655 1865 magis
661 1832 669 1860 ,
690 1809 775 1866 quam
793 1787 1007 1869 philosophiae,
1029 1786 1152 1846 colorem
1167 1788 1265 1849 videa·

50 1898 96 1945 tur.
136 1883 193 1944 Sed
213 1885 322 1944 habent
346 1889 445 1964 poetae
470 1882 578 1957 multa,
611 1897 642 1942 ut
660 1886 722 1964 ipse
740 1884 946 1946 animadvertit
964 1884 1063 1959 Plato,
1084 1907 1173 1962 quae,
1197 1907 1264 1964 qua·

13 2021 14 2024 =
51 1984 193 2064 liacunque
212 1983 350 2057 tandem,
372 1983 522 2041 veritatem
540 1995 636 2040 tamen
656 1984 834 2044 contineant.
857 1981 943 2043 Θεΐον
964 1976 1019 2062 δή,
1041 1987 1100 2062 ait,
1121 1978 1158 2042 td
1180 1999 1266 2064 ’ποιη-

13 2067 15 2124 l
51 2077 119 2142 ταδν
140 2077 175 2143 δν
194 2076 276 2162 γένος
296 2073 454 2164 ὑμνῳδοῦν
474 2079 590 2139 πολλῶν
611 2079 672 2140 τῶν
691 2071 755 2142 κατ’
776 2078 920 2166 ἀλήθειαν
941 2078 1116 2164 γιγνομὲνων
1135 2076 1188 2156 ξύν
1209 2103 1266 2145 τισι

51 2180 152 2268 Χάρισι
176 2184 225 2246 καὶ
250 2176 391 2256 Μούσαις
417 2175 577 2262 ἐφάπτηται
605 2177 748 2244 ἑκάστοτε.
774 2185 802 2266 l)
836 2179 921 2262 Quod
948 2188 980 2246 in
1005 2187 1059 2245 hoc
1090 2208 1157 2246 sane
1178 2188 1267 2268 ipsius

14 2319 15 2322 ¹
52 2287 177 2367 placitum
205 2286 347 2366 quadrare
367 2284 483 2344 videtur
501 2285 633 2344 maxime.
666 2287 737 2344 Nam
757 2287 817 2346 sive
837 2287 948 2366 poetice
968 2286 1028 2345 sire
1048 2283 1266 2365 philosophice,

13 2403 17 2468 ᾗ
52 2401 170 2446 naturam
185 2399 261 2444 certe
279 2383 405 2444 hominis
425 2381 585 2441 declaravit
603 2402 635 2441 eo
654 2382 860 2464 philosophus:
883 2405 943 2442 non
957 2403 1015 2441 esse
1031 2383 1121 2463 ipsius
1139 2383 1267 2462 animqm

51 2505 143 2562 perse
172 2502 314 2555 vacuum,
343 2481 425 2560 quasi
454 2479 581 2553 scilicet,
612 2480 756 2559 quidquid
785 2480 921 2555 haberet,
944 2481 976 2539 id
999 2481 1125 2561 corporis
1150 2480 1268 2540 deberet

45 2566 185 2642 sensibus:
208 2581 248 2640 sic
273 2581 350 2638 enim
374 2579 397 2636 si
416 2599 460 2636 res
481 2599 509 2636 se
530 2577 649 2637 haberet
660 2625 668 2654 ,
690 2601 749 2638 non
766 2579 806 2637 ita
825 2593 891 2660 apte
916 2599 1038 2656 vereque
1057 2577 1095 2637 ad
1109 2580 1267 2659 propositas

53 2680 276 2760 interrogationes
303 2698 369 2736 cum
397 2696 512 2737 servum
541 2676 574 2734 in
603 2671 828 2751 Menone,tum
852 2678 884 2736 in
911 2676 1064 2734 Theaeteto
1084 2696 1205 2756 puerum
1220 2699 1267 2736 re-

51 2778 179 2859 spondere
207 2777 351 2858 potuisse,
375 2773 425 2833 sed
449 2775 577 2834 animum
605 2790 752 2851 nostrum,
782 2777 841 2836 acsi
870 2775 995 2833 nutritus
1013 2774 1113 2833 fuisset
1132 2789 1214 2833 antea
1234 2797 1267 2835 ac

52 2877 131 2936 veluti
150 2889 248 2958 pastus
272 2874 304 2932 in
324 2872 453 2934 verit'atis
468 2893 567 2954 campo
577 2919 586 2947 ,
608 2893 640 2932 eo
655 2885 733 2933 nunc
750 2894 807 2933 esse
821 2873 938 2953 vigore,
958 2893 988 2930 ea
1010 2872 1142 2931 discendi
1161 2894 1268 2952 cogno-

33 2970 376 3054 ·seendiquelacultate,
407 2984 457 3045 ut,
488 2969 650 3031 admonitus
679 2971 798 3031 aliunde
827 2985 854 3029 et
884 2971 1041 3045 excitatus,
1072 2969 1133 3050 ipse
1159 2991 1211 3050 per
1238 2992 1267 3029 se

52 3073 156 3132 veritati
173 3069 296 3130 studeat.
317 3069 415 3148 Ipsum
430 3068 501 3127 adeo
511 3068 651 3150 placitum
660 3071 700 3130 ita
716 3079 833 3154 naturae
847 3069 979 3148 congruit
992 3068 1096 3126 mentis
1111 3067 1267 3143 humanae,

13 3185 15 3198 ⁴
53 3184 76 3228 ut
100 3173 131 3230 in
157 3166 367 3228 recentioribus
397 3167 507 3226 suerint
535 3166 709 3242 Platonicis,
746 3168 812 3247 qui¹
830 3168 952 3226 Homero
984 3164 1061 3225 illud
1089 3167 1267 3242 tribuerent,

52 3268 117 3347 apud
136 3287 223 3346 quem
247 3265 381 3350 Phemius
400 3265 433 3322 in
454 3263 579 3344 Odyssea
598 3265 668 3323 haec
687 3264 787 3325 dicens
805 3264 973 3324 inducitur:

215 3358 426 3437 αὐτοδίδακτος
453 3356 481 3422 δ’
505 3360 579 3440 Ιεἰμι’·
602 3358 679 3436 dede
700 3357 736 3423 δέ
755 3385 807 3442 μοι
829 3359 860 3422 ἕν
882 3359 986 3444 φρεσὶν
1006 3356 1092 3439 οἷ’μας

213 3463 353 3539 παντοίας
374 3459 519 3545 ἐνέφυσεν.
542 3461 574 3545 2)

23 3622 26 3632 .
54 3573 189 3632 Caeterum
207 3568 245 3628 de
263 3569 386 3649 pristina
413 3566 465 3627 illa
486 3567 546 3628 vita
570 3587 640 3625 num
668 3565 724 3624 sibi
752 3567 924 3647 persuaserit
947 3565 1046 3642 Plato,
1076 3565 1166 3625 no'lim
1190 3565 1265 3625 diri-

13 3677 15 3738 }
54 3689 132 3728 mere:
154 3667 260 3748 quodsi
280 3665 349 3724 haee
369 3664 456 3724 finxit
476 3666 571 3724 omnia
591 3665 708 3744 ingenio
729 3677 760 3722 ut
778 3664 906 3723 fabulam
922 3664 1087 3738 sublimem,
1107 3685 1266 3726 asseverare

13 3751 14 3764 i
55 3767 174 3844 equidem
193 3786 255 3824 non
275 3762 396 3838 dubito,
417 3761 524 3842 fingere
544 3783 608 3820 eum
628 3759 706 3820 haud
728 3761 814 3820 facile
839 3761 997 3842 quidquam
1015 3763 1159 3842 potuisse,
1189 3761 1267 3840 quud

13 3873 14 3878 ’
55 3877 76 3921 et
100 3866 176 3946 ptius
205 3863 374 3922 conveniret
401 3861 544 3941 praesenti
572 3861 676 3918 mentis
705 3859 886 3935 conditioni,
919 3875 946 3919 et
973 3861 1119 3935 nativam,
1151 3863 1268 3922 insitam

56 3963 126 4021 uobis
153 3961 218 4022 veri
244 3960 433 4040 cupiditatem
464 3956 710 4037 cognoscendique
729 3958 894 4017 facultatem
914 3957 1073 4042 declararet
1092 3958 1265 4033 cridentius.

13 4061 14 4064 ’
56 4059 144 4136 Quod,
164 4081 223 4139 quo
242 4057 412 4137 diligentius
435 4057 496 4134 ejus
519 4057 623 4134 scripta
643 4053 866 4134 perlustramus,
888 4077 920 4115 eo
941 4055 1148 4116 admirabimur
1167 4061 1265 4138 magis.

86 4377 96 4426 1
124 4373 249 4440 Delepq.
266 4367 308 4418 Ill.
326 4365 384 4419 682.
401 4368 432 4419 A.
1284 4431 1294 4449 ἱ

87 4465 109 4532 2)
126 4469 206 4533 Odyss.
225 4479 256 4536 χ.
276 4459 333 4512 stt.
353 4461 411 4512 vtd.
433 4461 497 4512 Max.
516 4459 574 4526 Tyr.
590 4461 654 4512 Dias.
671 4457 735 4512 xvl.
753 4457 781 4526 (I.
797 4475 822 4526 p.
836 4455 894 4511 295.
918 4455 1017 4523 torst.)
1037 4459 1122 4527 ibique
1137 4453 1235 4526 intpp.v

1095 4555 1128 4611 9*
