2898 5120
750 235 808 296 526

161 403 260 460 bertae
286 401 338 474 sit,
368 395 508 460 efficitur:
538 400 615 480 quod
638 417 699 482 'quo
729 401 814 462 nobis
838 403 1017 464 manifestius
1043 399 1112 480 fiat,
1143 406 1289 485 tyrannidi
1309 410 1362 486 janu

160 517 353 579 comparemus
369 498 522 579 pessimum
540 498 688 566 bominum
697 544 708 576 ,
729 500 826 562 virum
846 501 1039 581 tyrannicum.

312 692 370 754 De
399 702 494 754 uiro
521 704 761 774 tyrannico.
813 693 896 775 Quo
926 704 1102 756 ratione
1123 697 1219 773 stt?

195 893 247 954 Uti
263 913 278 952 c
296 889 467 950 democratia
485 890 639 970 tyrannis,
658 892 699 952 itu
720 892 943 954 'edemocratico
972 892 1035 954 viro
1063 897 1235 973 tyrannicus
1254 894 1294 956 lit.
1330 897 1363 956 In

156 993 211 1053 bac
246 1003 340 1048 autern
374 985 575 1066 disquisitione
606 988 687 1050 Plato
714 990 886 1074 cupiditates
913 1010 971 1050 esse
999 1005 1128 1051 accurate
1154 991 1364 1073 distinguendas

156 1089 277 1152 censuit
317 1087 412 1161 Quum
438 1086 474 1145 de
501 1087 611 1148 ratione
630 1081 843 1170 quaerebatur,
873 1087 1112 1165 quemadmodum
1138 1111 1174 1150 ex
1201 1091 1365 1171 eligarcbico

156 1188 271 1248 bomine
298 1184 504 1244 democraticus
534 1187 673 1264 oriretur,
702 1188 735 1246 in
764 1185 935 1248 necessarias
962 1185 1029 1256 illas
1057 1201 1085 1248 et
1115 1211 1175 1250 non
1202 1191 1365 1250 necessarias

157 1285 270 1348 divisit:
301 1281 350 1364 hle
378 1296 471 1342 autem
495 1304 556 1344 non
575 1286 746 1346 necessarias
767 1285 800 1346 in
826 1276 1032 1368 παρανόμους,
1056 1308 1130 1365 quae
1157 1304 1276 1368 possunt
1291 1295 1365 1366 coer·

154 1384 229 1459 ceri,
259 1396 286 1442 et
304 1375 498 1462 ἰσχυροτέρας
505 1430 513 1459 ,
536 1375 782 1460 veliementior-er,
812 1385 975 1467 distinguit.
1025 1386 1261 1447 Vehementiores
1288 1387 1365 1448 basce

154 1483 225 1542 tales
252 1504 311 1544 esse
339 1484 461 1544 maxime
490 1482 582 1568 dicit,
611 1481 710 1561 quales
728 1483 762 1544 in
781 1486 887 1545 somnis
907 1481 1032 1548 subinde
1054 1484 1237 1560 excitantur,
1256 1483 1365 1564 quando

154 1581 264 1661 reliqua
288 1603 353 1663 pars
376 1581 490 1657 animi,
511 1601 584 1660 quae
611 1581 730 1641 rationis
747 1571 800 1642 ⁵est
824 1583 967 1668 particeps
988 1603 1020 1642 ac
1040 1595 1186 1644 mansueta
1204 1582 1365 1666 obtinetque

143 1680 367 1761 principatum,
397 1679 591 1756 obdormivit3
620 1678 673 1738 illa
700 1692 813 1755 autem,
842 1701 916 1760 quae
939 1681 1071 1741 immanis
1096 1695 1139 1740 est
1163 1702 1195 1740 ac
1224 1680 1302 1756 fera,
1322 1679 1365 1740 rel

152 1778 223 1838 rino
242 1777 291 1840 vel
308 1777 374 1838 cibo
392 1777 519 1859 repleta,
539 1775 665 1858 trepidat
681 1776 837 1856 abactoque
855 1799 953 1838 somno
971 1777 1085 1859 longius
1103 1777 1258 1860 procedere
1275 1776 1365 1839 studet

150 1896 257 1954 suoque
275 1876 393 1957 ingenio
413 1877 574 1961 satisfacere
584 1898 593 1952 5
625 1887 686 1935 tum
707 1896 774 1938 nero
789 1875 860 1936 haec
880 1876 924 1937 nil
943 1898 1003 1938 non
1021 1876 1114 1936 lacere
1132 1877 1264 1936 sustinet.
1304 1877 1362 1936 Oru-

150 1974 199 2034 nia
227 1972 296 2032 hnic
322 1975 384 2034 visa
413 1974 606 2053 obJ‘iciuntur,
621 1987 721 2057 ,mente
748 1995 781 2034 uc
808 1974 918 2036 ratione
945 1995 1052 2051 vacua,
1075 1987 1107 2034 ut
1131 1989 1181 2034 aut
1200 1995 1265 2034 cum
1282 1987 1363 2034 matre

149 2093 252 2152 corpus
271 2073 388 2132 miscere
401 2072 549 2148 videatur,
569 2085 619 2132 aut
636 2091 701 2130 cum
721 2074 823 2150 quovis
847 2073 905 2134 alio
924 2073 972 2135 rel
989 2074 1104 2136 homine
1124 2073 1174 2134 vel
1193 2071 1248 2134 deo
1258 2119 1267 2149 ,
1288 2093 1363 2153 saepe

148 2169 264 2230 bellua:
284 2184 368 2250 atque
387 2172 471 2230 etiam
489 2170 634 2231 trucidare
652 2169 777 2249 aliquem
787 2184 815 2260 et
825 2171 912 2252 impie
922 2186 1072 2232 cruentare
1082 2218 1091 2248 ,
1111 2167 1259 2251 multaque
1277 2171 1358 2230 facere

147 2269 257 2348 impure
286 2283 369 2348 atque
398 2283 470 2330 tetre
489 2290 554 2329 cum
577 2269 735 2328 temeritate
750 2283 835 2349 atque
855 2269 1046 2351 impudentia.
1070 2268 1359 2348 .1>atethinc‚qnn

147 2365 301 2427 vehemens
307 2387 410 2444 ,quam
420 2368 657 2445 immane,quaru
675 2366 771 2426 dirum
780 2366 972 2448 cupiditatum
990 2389 1079 2448 genus
1094 2367 1206 2431 bomini
1227 2367 1315 2428 insit:
1333 2366 1362 2426 id

146 2464 270 2524 maxime
283 2463 593 2538 animadvertendum,
614 2463 664 2523 ubi
684 2478 776 2524 ortum
792 2466 935 2546 tyrannici
946 2466 1003 2528 viri
1013 2466 1235 2527 consideramus.
1262 2465 1362 2544 «Finge

140 2564 301 2642 juvenem,
323 2558 505 2624 democratici
525 2563 580 2622 viri
602 2561 714 2638 filium,
735 2563 867 2628 similiter
892 2577 977 2642 atque
1004 2565 1094 2646 ipsius
1118 2577 1246 2646 patrem,
1268 2563 1362 2624 multis

145 2663 288 2743 variisque
309 2660 518 2745 cupiditatibus
536 2661 690 2742 agitatum:
711 2663 836 2743 primum
855 2661 971 2740 quidem
988 2663 1020 2722 in
1040 2683 1137 2722 omnes
1149 2675 1245 2748 partes
1264 2661 1362 2722 distra-

143 2760 245 2820 betur:
276 2761 383 2821 deinde
410 2780 496 2836 vero,
526 2780 614 2840 quum
639 2759 805 2840 tyrannidis
834 2758 960 2822 fautores
987 2759 1197 2828 adolescentem
1221 2760 1361 2820 existima·

102 2937 106 2946 ἱ
144 2861 240 2921 verint
266 2882 325 2920 non
353 2859 410 2918 alia
435 2880 516 2940 posse
544 2858 654 2918 ratione
684 2857 845 2932 contineri,
878 2880 1007 2918 onrnrom
1035 2857 1060 2917 ei
1089 2857 1235 2938 quendam
1265 2853 1360 2920 indeie

143 2958 294 3035 nituntur,
324 2950 493 3041 προστάτην
522 2956 582 3020 τοῖν
611 2951 717 3040 oipyoiu⁴
737 2953 786 3016 xci
814 2950 852 3018 τοὶ
879 2952 983 3036 ἕτοιμα
1009 2950 1227 3036 διανεμομένων
1257 2953 1361 3016 ἐπιθο-

140 3055 233 3134 μιοῖν
259 3058 289 3140 l)
302 3062 473 3140 praesident
499 3069 656 3120 otiosorum
682 3068 772 3136 utque
802 3062 957 3119 libidinem
984 3061 1036 3118 illi
1063 3064 1359 3120 suberinistranlr'um
1446 3117 1447 3144 ,

140 3160 364 3218 desideriorum.
406 3158 466 3217 Ubi
494 3179 561 3219 vero
591 3169 769 3218 susurrantes
794 3159 870 3217 circa
896 3159 990 3240 ipsum
1016 3156 1188 3238 cupiditates
1218 3171 1354 3229 caeterae,

109 3263 111 3272 “
140 3258 260 3316 refertae
290 3255 411 3331 nidore,
441 3257 611 3336 unguentis,
642 3255 754 3314 coronis
780 3277 812 3315 ac
836 3277 932 3330 mero,
952 3269 1092 3335 coaugent
1118 3254 1260 3336 aluntque
1284 3253 1357 3315 desi-

140 3353 251 3414 derium
281 3352 377 3428 illud,
407 3367 469 3413 tum
491 3355 550 3432 jam
576 3352 625 3412 bic
652 3353 741 3412 animi
771 3374 882 3434 praeses
911 3355 984 3414 furit
1012 3353 1130 3430 omnino
1160 3351 1358 3432 dementifque

140 3453 251 3528 fervet,
280 3433 313 3512 ac
342 3452 464 3533 stipatus
490 3451 560 3511 inde
585 3450 758 3511 satellitibus
786 3453 958 3532 stimuloque
984 3451 1129 3533 percitus,
1149 3451 1174 3510 si
1194 3472 1267 3531 quas
1284 3451 1358 3510 intre

137 3571 167 3610 se
196 3550 322 3631 frugales
346 3564 374 3610 et
403 3548 583 3611 verecundas
601 3549 752 3631 opiniones
773 3549 1002 3631 cupiditatesque
1029 3548 1198 3624 offenderit,
1227 3549 1358 3630 protinus
1445 3529 1446 3544 ἵ

138 3651 278 3731 exstirpat
295 3648 488 3730 expellitque,
510 3646 602 3708 donec
628 3649 844 3728 temperantiam
870 3668 982 3709 omnem
1009 3646 1105 3706 animo
1131 3647 1247 3724 ejecerit
1275 3667 1357 3725 seque

137 3769 211 3808 nova
239 3749 351 3808 insania
378 3747 543 3829 repleverit.
585 3747 668 3806 Hanc
689 3745 726 3806 ob
743 3767 880 3806 caussam
909 3767 987 3807 arnor
1003 3754 1156 3824 tyrannus
1174 3743 1273 3806 dietus
1289 3744 1356 3804 olim

64 3915 67 3922 .
135 3859 215 3906 est.»
240 3844 272 3925 2)

174 3944 210 4002 In
230 3942 276 4003 bis
297 3943 398 4019 Plato,
419 3944 461 4004 uti
481 3943 644 4018 cernimus,
664 3942 718 4004 iter
737 3942 863 4003 hominis
881 3940 918 4014 ad
928 3941 1000 4003 vitia
1009 3959 1176 4018 omnemque
1184 3942 1354 4030 pruyitatem

168 4265 198 4329 l)
217 4262 308 4317 Cicero
329 4265 359 4314 de
381 4263 442 4333 Rep.
462 4263 493 4315 ll.
520 4265 537 4315 l
561 4265 607 4318 bas
626 4265 756 4332 respexit,
774 4272 909 4315 τοοτιοοτοο
931 4271 955 4314 et
973 4263 1105 4316 desidiosa
1119 4260 1250 4314 illecebm
1273 4264 1345 4329 eupi-

129 4343 234 4404 ditotum
247 4365 401 4402 memorans.
436 4349 472 4402 ltu
490 4365 522 4400 ex
534 4348 607 4401 fonte
623 4349 849 4418 interpretandus,
869 4350 912 4417 qui
928 4347 1062 4402 Plutonem
1080 4361 1182 4413 super
1198 4345 1332 4416 cogitabat.

165 4432 192 4499 ν)
210 4435 247 4485 oe
259 4435 320 4503 nep.
334 4435 376 4486 rx.
396 4434 453 4486 5⁷1.
471 4433 495 4486 u
512 4460 546 4472 -
563 4433 620 4488 tra.
637 4435 666 4486 ο.
1073 4441 1080 4447 ·
