2838 5120
609 276 668 338 299

41 434 176 516 gendoque
192 434 331 516 procedit.
372 435 412 498 Ut
432 450 527 498 autem
553 439 705 502 inventrix
733 442 804 502 haec
826 454 868 500 est
892 459 989 500 rerum
1012 438 1158 516 omnium,
1180 439 1264 520 ipsa?

41 555 97 592 rum
119 533 174 595 fuit
201 535 306 595 artium
331 535 538 612 maximarum,
569 552 601 598 ut
627 553 694 600 ante
721 541 891 613 docuimus,
915 535 945 617 l)
975 538 1016 597 ita
1042 537 1171 616 ejusdem
1192 554 1256 606 est,

41 625 138 704 τόπους
154 630 221 694 illos
236 632 274 694 ad
294 648 369 696 recte
395 633 629 714 persuadendum
654 637 808 700 invenire:
838 637 973 717 quodque
999 634 1088 696 iidem
1107 635 1256 696 addebant

42 733 173 807 rhetores,
193 731 287 812 primo
305 732 423 794 tractari
442 732 505 792 loco
527 732 560 792 in
587 755 637 794 sua
658 734 816 818 disciplina
853 736 977 817 topicam
1003 734 1126 810 debere,
1157 748 1260 815 utpote·

41 833 135 890 artium
160 831 194 894 in
220 829 273 890 hac
292 827 450 911 disciplina
480 832 608 892 omnium
628 836 832 916 praecipuam,
855 825 889 914 2)
919 831 952 892 id
971 833 1131 892 dialecticis
1148 834 1257 914 pariter
1348 871 1355 881 -

42 941 65 986 et
79 927 256 1009 philosophis
273 926 530 1009 praescribendum
547 951 606 992 esse
623 933 689 1010 quis
707 933 881 1012 negaverit?
908 933 1030 991 Omnem
1049 931 1127 990 enim
1146 945 1174 990 et
1192 931 1256 1012 syl·
1310 967 1312 974 ι

40 1026 187 1105 logisticam
195 1041 223 1086 et
232 1023 378 1106 probandi
396 1025 672 1109 demonstrandique
690 1045 781 1091 artem
795 1032 923 1111 analysis
939 1029 1102 1112 praecedit,
1118 1031 1161 1089 uti
1177 1028 1255 1091 vidi·

40 1145 105 1200 mus,
119 1127 305 1185 inventorum
319 1125 427 1206 quippe
448 1147 566 1206 parens,
587 1124 660 1206 quae
679 1129 785 1209 aliquis
801 1130 923 1211 probare
943 1128 1065 1207 aliisque
1083 1127 1255 1210 persuadere

41 1223 111 1284 velit.
132 1221 164 1304 3)
192 1223 293 1301 Itaque
312 1236 388 1284 recte
405 1225 559 1300 fecerunt,¹
578 1226 630 1305 qui
648 1225 727 1307 apud
755 1229 928 1288 recentiores
949 1227 1122 1286 exstiterunt
1152 1227 1253 1308 optimi

41 1319 149 1386 dicendi
174 1321 321 1402 magistri,
352 1343 441 1401 quum
467 1324 637 1401 juventuti,
665 1324 704 1386 ad
732 1340 808 1386 recte
838 1324 1017 1386 tractandam
1044 1324 1256 1402 eloquentiam,

42 1433 157 1482 veterum
189 1420 272 1482 illam
297 1419 531 1482 commendarent
559 1424 621 1484 sive
648 1425 774 1504 topicam
801 1424 861 1485 sive
890 1421 1064 1485 inveniendi
1093 1435 1200 1480 artem:
1221 1422 1255 1480 in
1344 1444 1346 1450 ·

42 1517 216 1595 quibuscum
236 1519 290 1584 elii
309 1533 370 1580 tum
388 1519 494 1580 Paulus
512 1521 663 1582 Manutius
679 1521 710 1602 lt)
735 1537 820 1602 atque
839 1523 997 1603 Ernestus,
1019 1519 1051 1601 5)
1083 1519 1178 1580 fontes
1195 1540 1256 1578 esse

42 1615 209 1680 intentionis
235 1617 394 1679 uberrimos
416 1617 650 1681 demonstrarunt
672 1621 823 1697 Isocratis,
852 1620 1071 1695 Demosthenis,
1101 1620 1133 1678 in
1154 1618 1256 1699 primis

43 1713 175 1776 Ciceronis
200 1716 317 1796 scripta.
358 1716 527 1798 Philosophi
545 1739 613 1780 vero
637 1719 760 1799 quidni,
781 1720 819 1780 ad
844 1719 1045 1802 philosophiae
1064 1716 1253 1800 provehenda

42 1812 125 1874 studia
134 1859 144 1888 ,
162 1803 242 1876 idem
259 1815 439 1876 instituant?
467 1816 580 1890 Quidni
600 1833 628 1878 et
648 1817 715 1877 aliis
732 1817 914 1899 indagandos
932 1817 1135 1877 commendent
1151 1829 1179 1875 ct
1197 1813 1268 1896 ipsi

43 1908 168 1990 indagent
192 1914 425 1993 investigentque
454 1914 702 1995 philosophandi,
730 1931 761 1976 ut
790 1917 830 1976 ita
855 1916 967 1991 dicam,
989 1915 1066 1975 locos
1086 1914 1255 1994 inscriptis

44 2020 157 2073 veterum
176 2011 424 2092 philosophorum
453 2011 583 2074 obvios?
627 2013 686 2074 Sed
712 2014 869 2074 eorundn
898 2013 1136 2094 philosophorum
1162 2013 1256 2090 majus

43 2106 114 2168 etiem
135 2123 176 2172 est
202 2111 377 2191 graviusque
405 2131 521 2170 munus.
561 2113 644 2174 Latet
673 2113 707 2172 in
735 2111 888 2172 dialectica
908 2126 1038 2174 veterum
1074 2111 1255 2189 maximeque

44 2202 173 2283 Phtonis,
195 2220 228 2268 ut
248 2209 454 2288 cognovimns,
475 2208 544 2291 ipsa
557 2232 602 2270 ars
619 2211 811 2272 inveniendi:
840 2211 916 2270 hanc
946 2224 1042 2272 autem
1066 2231 1126 2270 non
1141 2223 1255 2268 tantum

43 2300 101 2362 iude
116 2306 147 2364 in
165 2306 261 2368 lucem
277 2306 463 2388 protrahere,
482 2307 535 2368 sed
553 2309 693 2369 adhibere
720 2309 841 2369 eandem
870 2330 936 2368 enm
957 2311 1101 2388 juvenum
1127 2307 1257 2388 ingeniis

43 2403 164 2464 acuendis
184 2418 271 2496 atqup
288 2404 471 2482 erudiendis,
491 2420 553 2466 tum
581 2407 692 2468 artibus
722 2408 857 2470 omnibus
883 2421 911 2470 et
936 2408 1079 2469 doctrinis
1098 2405 1257 2486 majoribus

44 2509 66 2556 ct
81 2499 202 2566 colendis
221 2516 252 2563 et
272 2503 402 2564 inventis
421 2503 687 2585 locupletandis-
708 2505 741 2565 id
761 2506 1085 2588 remphilosophorum
1105 2519 1164 2565 est:
1187 2505 1255 2582 plri-

46 2594 233 2678 lotopltor'nm,
266 2601 403 2681 inquam,
424 2624 546 2682 quorum
568 2604 660 2663 omnis
681 2617 812 2666 versatur
830 2605 865 2664 in
884 2605 1004 2666 veritate
1024 2603 1204 2666 invenienda
1226 2615 1256 2661 et

47 2689 143 2774 homine
163 2698 200 2758 ad
221 2700 395 2780 sapientiam
414 2700 566 2762 educendo
587 2722 631 2761 ars
652 2723 685 2760 nc
704 2701 871 2783 disciplina.
901 2702 939 2762 Et
958 2704 998 2762 sie
1019 2702 1136 2780 quidem
1157 2722 1172 2759 e
1192 2698 1257 2761 dia-

47 2786 131 2852 lectica
154 2798 285 2857 Platonis
315 2812 343 2858 et
364 2799 524 2878 antiquitus
545 2801 669 2881 profecit
686 2799 828 2860 rhetorica
840 2845 849 2876 ,
874 2815 903 2860 et
923 2802 1089 2860 etiamnunc
1114 2793 1261 2881 profice're

45 2885 214 2976 pholosophia
231 2910 341 2978 potest:
363 2896 527 2976 eloquentia
547 2911 642 2956 autem
668 2898 692 2957 si
713 2901 869 2977 conjuncta
889 2921 957 2960 cum
980 2897 1166 2980 philosophia
1186 2917 1258 2960 uere·

44 2983 210 3073 abantiquis
231 3003 342 3074 copiose
362 2996 482 3073 loquens
496 3004 648 3075 rapientia
668 2993 700 3077 6)
724 2996 804 3056 dicta
823 3011 885 3073 est,
905 3019 961 3078 qna
981 2997 1100 3058 tandem
1128 2997 1181 3056 illa
1208 3019 1258 3056 nra

43 3083 108 3148 tione
126 3094 219 3172 aptius
239 3092 534 3174 accommodatiusque
550 3094 590 3154 ad
609 3096 721 3175 generis
741 3091 861 3156 hnmani
879 3096 999 3156 salutem
1014 3096 1147 3172 tractari,
1165 3115 1254 3174 quam

44 3181 75 3242 Sic
93 3186 144 3267 ipsi
164 3205 192 3252 et
212 3191 367 3254 detrectet
386 3207 415 3255 et
434 3207 494 3254 arte
515 3193 690 3260 inveniendi
711 3194 904 3276 applicandh,
926 3197 1043 3276 potest?

124 3382 178 3445 De
207 3397 300 3448 arte
330 3389 556 3450 scribendi.
598 3387 702 3468 Quid
732 3403 793 3452 eet
816 3353 1032 3473 cogites-a?
1063 3392 1168 3471 qut'd

366 3487 531 3550 dicere?
562 3491 662 3566 quid
690 3492 911 3550 scribere?
999 3533 1002 3538 <

75 3672 238 3754 Hujusmodi
268 3683 356 3762 igitur
383 3682 553 3744 dialecticae
581 3699 622 3745 est
642 3686 721 3767 apud
740 3686 888 3748 Platonem
907 3710 972 3749 cum
992 3688 1133 3747 rhetorica
1151 3707 1253 3746 neces-

45 3767 141 3834 situdo:
162 3779 240 3840 unde
259 3779 351 3861 ipsius
370 3782 564 3862 eloquentiae,
586 3782 622 3844 de
642 3807 699 3865 qua
717 3784 784 3846 data
803 3789 890 3869 opert
907 3809 993 3870 supra
1012 3787 1139 3870 egimus,
1161 3787 1252 3850 viset

48 3940 283 3967 Ἣ

73 4029 94 4093 ¹l
109 4035 181 4090 inissa
197 4059 222 4109 p.
239 4041 291 4095 2⁴8
308 4060 364 4113 sqq.
382 4043 448 4115 265,
467 4043 525 4097 269.

71 4115 94 4180 ²)
111 4121 161 4175 cre.
179 4129 208 4179 n
224 4129 317 4181 rtem.
336 4129 355 4183 1.
372 4129 397 4183 t.
415 4130 458 4183 uss
473 4134 582 4200 prmum
597 4135 704 4186 menso
718 4143 882 4188 memoratur.

73 4199 95 4266 3)
111 4207 183 4262 ursa
198 4230 224 4280 p.
242 4214 302 4267 etr.

73 4285 312 4353 trudennes.
329 4301 573 4371 spusennes.
590 4305 633 4356 ru.
651 4305 675 4356 t.
694 4321 719 4373 p.
739 4305 798 4358 ros.
1121 4371 1126 4381 ¹

74 4372 96 4437 5l
112 4377 168 4433 Em.
184 4385 245 4438 Ded.
261 4389 296 4438 nd
309 4388 401 4456 Stipite.
419 4405 445 4456 p.
459 4389 536 4441 LXXI
549 4397 576 4442 et
586 4391 694 4444 uxxxt.
714 4393 757 4460 qui
774 4393 842 4446 hune
859 4395 943 4462 ipsum
956 4397 1017 4448 citat
1030 4396 1134 4448 ld'unutii
1149 4395 1244 4447 locum.

73 4455 95 4522 Pl
112 4463 247 4532 Nihilols'nd
258 4483 293 4526 est
305 4475 456 4542 eloquentia,
471 4492 545 4543 qoem
558 4479 652 4546 copiose
663 4478 900 4549 loquemsapt'entr'n.
921 4480 974 4535 cie.
990 4482 1060 4534 Part.
1082 4491 1148 4534 orat.
1166 4498 1187 4532 c.
1206 4479 1247 4534 12.
