2832 5120
629 271 682 334 ltl

60 447 105 494 tem
122 435 246 507 timeret,
268 446 315 508 et,
336 433 448 515 inipso
467 434 544 495 vitae
564 433 713 516 periculo,
734 432 772 494 ad
797 431 994 495 emendandos
1014 431 1146 494 illorum·
1161 435 1273 496 animos

58 553 101 612 pro
118 533 232 592 veritate
252 545 280 590 et
305 532 419 611 justitia
447 531 544 592 dicere
573 533 737 592 sustineret.
779 533 840 592 Hac
868 532 953 592 nohis
980 531 1124 612 Socratem
1144 544 1272 590 utentem
1356 531 1357 540 ’

56 631 188 710 proposuit
203 629 304 706 Plato,
326 645 358 691 ut
375 630 504 692 vidimus
521 651 625 712 supra,
649 629 679 711 l)
697 651 787 710 quum
806 652 858 712 pro
873 629 1025 708 judicibus
1049 629 1175 692 diceret:
1204 651 1271 688 ean·

56 728 162 807 demque
182 729 307 794 eundem
327 731 359 789 in
379 729 485 810 Gorgia
504 725 558 790 hoc
587 729 702 809 dialogi)
722 729 763 788 sic
788 728 999 790 describentem
1018 729 1105 804 lecit,
1128 741 1178 805 ut,
1196 725 1271 807 quid

55 827 105 907 ipse
122 827 258 902 sentiret,
279 829 370 909 ipsius
387 827 485 888 verbis
503 829 684 909 exprimeret.
710 830 833 886 «Amens
850 827 905 886 sim
923 847 953 886 re
973 848 1059 902 vera,
1081 847 1098 886 o
1118 823 1269 900 Callicles,

54 924 86 982 ait
101 923 244 1001 Socrates,
273 927 331 986 nisi
358 939 507 1006 putarem,
538 927 570 988 in
598 927 653 986 hac
681 947 914 1006 unumquemque
943 927 1062 987 civitate
1090 925 1122 985 id
1151 924 1269 1001 subire,

54 1021 119 1100 quod
137 1023 191 1104 ipsi
210 1025 284 1084 forte
303 1025 435 1084 eveniat:
457 1022 535 1084 illud
559 1038 654 1085 autem
678 1037 756 1084 certo
785 1025 844 1084 scio
854 1069 864 1099 ,
884 1025 908 1084 si
936 1023 1055 1104 quando
1073 1024 1106 1084 in
1120 1022 1269 1102 judicium

54 1140 146 1179 renero
155 1165 164 1196 ,
185 1121 222 1180 de
239 1122 325 1183 rebus
339 1121 555 1203 periclitaturus
563 1167 572 1197 ,
588 1143 659 1201 quas
676 1137 709 1181 tu
726 1121 847 1197 dixisti,
861 1121 1025 1204 improbum
1044 1142 1103 1182 esse
1120 1121 1270 1196 futurum,

52 1219 94 1296 qui
110 1239 152 1277 me
162 1221 349 1282 accusaverit
371 1221 444 1280 Nam
461 1222 605 1282 insontem
623 1220 769 1282 hominem
787 1223 853 1301 quis
870 1219 988 1282 tandem
1004 1233 1117 1280 accuset
1134 1219 1267 1301 probus?

52 1317 101 1376 Nec
113 1339 179 1376 vero
189 1332 261 1378 esset
269 1320 390 1393 mirum,
400 1320 425 1386 si
435 1318 645 1380 condemnarer
654 1333 753 1382 morte.
776 1321 847 1380 Vin'
857 1319 913 1380 tibi
923 1318 1030 1394 dicam,
1044 1339 1130 1398 quam
1140 1319 1177 1378 oh
1189 1340 1269 1380 caus·

51 1435 101 1472 sam
109 1413 178 1474 haec
187 1415 228 1476 ita
243 1407 424 1498 exspectem?
446 1417 579 1480 Arbitror
590 1463 599 1493 ,
609 1439 675 1478 cum
690 1420 791 1500 paucis
808 1439 853 1478 me
868 1416 1097 1478 Atheniensibus
1107 1462 1115 1493 ,
1126 1438 1163 1477 ne
1173 1415 1270 1478 dicam

50 1510 150 1588 solum,
163 1534 231 1574 vere
242 1514 409 1574 incumbere
420 1515 452 1574 in
464 1537 509 1576 res
518 1516 652 1598 politicas
664 1528 768 1596 'easque
785 1537 877 1577 unum
891 1536 1010 1590 eorum,
1030 1516 1081 1595 qui
1092 1536 1171 1578 nunc
1183 1528 1269 1590 sunt,

49 1623 168 1671 tractare.
188 1611 398 1688 Quamobrem,
414 1631 481 1674 cum
496 1635 556 1674 non
570 1613 609 1674 ad
627 1616 746 1696 gratiam
771 1614 850 1696 apud
875 1614 954 1674 cives
978 1612 1139 1674 ineundam
1153 1612 1269 1688 dicam,

49 1709 147 1786 quoties
156 1708 223 1770 dico
233 1755 242 1785 ,
252 1710 303 1770 sed
312 1725 436 1791 spectem
448 1710 527 1790 quod
538 1713 678 1792 optimum
688 1759 697 1789 ,
706 1735 767 1774 nou
781 1712 859 1794 quod
873 1712 1079 1773 dulcissimum
1088 1725 1145 1788 est,
1156 1733 1210 1772 nec
1221 1733 1270 1775 ve·

48 1804 92 1864 lim
99 1808 245 1888 praeclara
255 1808 308 1868 illa
318 1853 326 1883 ,
335 1831 408 1889 quae
418 1810 504 1870 modo
514 1813 653 1872 enarrasti
663 1857 672 1886 ,
682 1811 776 1872 facere
787 1856 795 1886 ‚
809 1810 890 1872 haud
903 1831 973 1870 sane
988 1809 1102 1870 habebo
1113 1809 1268 1889 equidem,

48 1906 116 1983 quod
133 1907 295 1985 injudicio
313 1905 417 1968 dicam.
439 1909 520 1968 Idem
538 1908 575 1970 de
593 1930 638 1968 me
660 1909 878 1990 usurpandum,
900 1907 979 1988 quod
997 1909 1066 1969 Polo
1086 1907 1168 1969 dixi:
1185 1908 1268 1988 judi·

47 2003 125 2062 cahos·
142 2005 254 2067 scilicet
263 2051 272 2080 ,
294 2019 325 2065 ut
342 2028 359 2066 a
378 2007 509 2088 puerulis
520 2008 716 2086 judicaretur,
738 2021 889 2068 accusante
904 2029 1011 2086 eoquo,
1026 2008 1167 2066 medicus.
1190 2006 1269 2066 Vide

1 2117 2 2148 1
48 2103 135 2177 emm,
154 2102 226 2182 quid
241 2103 407 2183 hujusmodi
427 2105 521 2180 homo,
538 2105 609 2166 tales
627 2119 729 2166 nactus
742 2105 858 2185 judices
867 2150 876 2179 ,
890 2104 1018 2180 diceret,
1033 2106 1057 2164 si
1073 2125 1181 2184 coquus
1200 2125 1266 2164 eum

48 2199 74 2258 iu
90 2200 166 2262 hunc
186 2201 303 2261 modum
322 2217 484 2284 accusaret:
507 2207 614 2264 multia
632 2227 698 2280 ιιι,
719 2212 844 2281 opuera'
853 2249 862 2279 ,
884 2212 934 2263 ιιι*
954 2206 1036 2263 hicce
1050 2209 1266 2284 grauissimis-

48 2320 94 2374 ιιι
120 2301 208 2358 mulis
235 2300 360 2378 affecit:
392 2324 461 2360 cum
481 2310 687 2380 vosmetipsos,
717 2313 783 2362 ιιιιιι
809 2314 886 2362 nutu
905 2310 1079 2382 minimest
1101 2303 1268 2362 vobiscor·

48 2406 169 2475 rumpit,
191 2405 298 2478 preopapa
327 2402 470 2475 escendo,
500 2403 632 2477 urendo,
663 2403 866 2476 attenuando,
895 2400 1070 2478 suffocando
1098 2400 1211 2481 afficit,
1233 2409 1269 2458 ιιι

1 2513 2 2516 ’
47 2505 177 2575 qusquis
196 2519 226 2557 se
245 2508 364 2573 vertet,
385 2501 671 2577 quidreepoordsat,
696 2507 830 2561 neseiat:
858 2509 924 2559 ιιιιιι
949 2521 1017 2559 vero
1042 2519 1162 2559 amaros
1175 2519 1265 2577 pres·

47 2595 85 2652 let
95 2607 201 2673 potus:
223 2603 342 2654 ιιιιιινι
360 2586 409 2656 obs
423 2607 454 2655 ιι
473 2605 562 2658 sitire
577 2607 676 2680 cogit:
697 2621 756 2658 nou
766 2643 776 2674 ,
791 2607 900 2676 moute·
917 2620 968 2679 ego
983 2599 1082 2656 multa
1100 2599 1179 2656 orbis
1198 2618 1267 2656 ιιιιι·

1 2737 2 2740 ¹
48 2700 88 2750 ain
103 2704 132 2752 st
146 2702 236 2752 ιιινίιι
251 2698 417 2772 praedm,
431 2718 523 2774 pasco
549 2719 598 2756 aas
627 2708 657 2756 ιι
675 2699 791 2758 oblecto.
834 2697 914 2773 Quid
932 2709 1017 2778 putas
1035 2694 1199 2771 medicum,
1219 2693 1268 2755 his

47 2792 264 2855 circumventum
282 2794 440 2876 periculis,
461 2793 609 2856 dicturum
629 2799 713 2857 esse?
735 2798 857 2858 Dicetne
868 2841 877 2870 ,
898 2794 978 2877 quod
995 2815 1096 2858 verum
1114 2807 1173 2854 est:
1194 2794 1266 2854 Ιιιιι

1 2904 4 2937 ῑ
48 2912 88 2970 ego
102 2900 200 2950 omniu
219 2895 315 2967 ochis,
333 2901 443 2970 pueri,
467 2904 502 2952 ιιι
522 2896 709 2971 salutifera,
740 2894 890 2956 adhibui?
911 2897 950 2954 At
968 2914 1037 2955 vero
1055 2907 1195 2973 quantum
1212 2914 1265 2974 pu·

47 3002 80 3048 tas
94 2990 206 3067 judiees
232 2991 301 3050 istos
320 2991 522 3054 reclamaturos
549 3015 627 3069 esse,
659 3015 757 3054 nonne
784 2992 994 3055 vehementer?
1017 2989 1267 3052 -Vehementer

47 3105 112 3148 saue.
138 3121 170 3132 --
201 3090 305 3150 Nonne
336 3091 425 3171 igitur
450 3113 515 3152 eum
543 3105 646 3173 putas,
677 3095 710 3154 in
737 3113 845 3152 summa
869 3089 1063 3172 trepidatione
1093 3087 1266 3167 consiliique

48 3183 149 3268 inopia,
170 3209 227 3267 quo
246 3208 275 3248 se
290 3187 374 3250 modo
389 3189 546 3266 defendat,
568 3213 628 3250 non
647 3206 827 3273 reperturum
842 3192 925 3250 esse?
939 3217 975 3228 -
990 3189 1125 3250 Omnino.
1140 3185 1266 3246 -Idem

2 3310 3 3313 ¹
49 3287 309 3362 re1·omibi,scio,
330 3288 354 3346 si
373 3289 406 3347 in
420 3288 566 3367 judicium
585 3289 731 3366 traherer,
751 3290 890 3351 eveniret.
911 3289 984 3348 Nam
1003 3285 1165 3368 voluptates
1175 3307 1266 3364 ,quas

44 3382 179 3455 judicibus
198 3385 412 3466 praebuissem,
433 3409 560 3467 quasque
585 3387 632 3448 illi
652 3387 794 3448 beneficia
822 3388 1018 3466 utilitatesque
1044 3399 1169 3460 vocant,
1190 3405 1265 3444 com·

48 3499 188 3543 memorare
209 3505 269 3544 non
289 3506 416 3566 possem:
438 3506 489 3566 ego
504 3486 575 3546 adeo
596 3508 648 3546 nec
668 3487 718 3566 qui
737 3485 878 3568 praebent
904 3486 971 3546 illas
998 3485 1086 3546 laudo
1096 3531 1105 3560 ,
1124 3505 1177 3542 nec
1196 3483 1265 3562 qui-

49 3575 92 3638 hus
117 3582 299 3663 praebentur.
342 3583 452 3659 Quodsi
477 3586 542 3664 quis
566 3585 614 3647 vel
634 3586 766 3664 juniores
791 3606 835 3644 me
862 3585 972 3647 diceret
999 3602 1198 3663 corrumpere,
1226 3580 1264 3640 ad
1284 3655 1288 3662 Α

48 3682 178 3757 augustias
196 3702 243 3740 eos
260 3682 453 3764 colloquendo
471 3682 651 3764 adigentem,
673 3684 721 3746 vel
740 3684 867 3744 seniores
882 3665 1111 3766 reprehendere,
1132 3679 1263 3739 acerbius

50 3771 74 3832 in
94 3797 138 3836 eos
159 3779 220 3840 sive
243 3780 379 3860 privatim
394 3781 456 3842 sive
482 3781 600 3864 publice
628 3783 774 3844 dicentem
784 3827 793 3857 ,
815 3803 852 3842 ne
871 3781 920 3842 hle
936 3779 1055 3862 quidem
1071 3779 1161 3854 mihi,
1181 3776 1260 3858 quod

50 3892 134 3934 rerum
153 3891 212 3953 est,
234 3877 331 3938 dicere
355 3879 474 3942 licebit:
506 3903 557 3962 ago
585 3883 656 3940 Ιιιιι
681 3889 782 3942 omnia
800 3889 907 3959 juste,
919 3881 1063 3957 judices,
1085 3888 1115 3938 ιι
1142 3879 1207 3938 dico
1228 3887 1262 3936 ἰι

50 3989 110 4050 ago,
129 3987 278 4053 oestrum,
298 3985 333 4035 ιἰι
353 3979 401 4037 bis
417 3982 622 4056 commodum,
651 4003 710 4039 non
737 3982 825 4040 aliud
843 3987 1017 4058 respiciens.
1067 3977 1259 4053 Quamobrem

3 4079 4 4138 l
51 4065 115 4129 haud
131 4074 189 4132 sine
207 4096 324 4151 caussa,
345 4077 490 4157 quidquid
508 4078 568 4138 fors
587 4078 705 4154 tulerit,
727 4077 759 4139 id
777 4078 880 4160 patiar.
923 4077 979 4136 Hic
1003 4074 1158 4150 Callicles,
1179 4073 1260 4135 vide·

51 4177 121 4227 turne
145 4194 209 4233 vero
233 4173 308 4250 tihi,
338 4197 355 4234 o
384 4175 531 4252 Socrates,
565 4177 640 4236 bene
669 4199 697 4236 se
724 4175 901 4250 haberein
916 4177 1034 4236 civitate
1065 4175 1167 4248 homo,
1206 4172 1259 4251 qui

52 4262 148 4328 sibimet
174 4273 234 4352 ipse
263 4293 321 4332 esse
346 4288 459 4354 praesto
483 4276 604 4354 nequit?
641 4278 694 4338 Cui
724 4275 871 4350 Socrates,
900 4273 985 4336 modo
1009 4273 1063 4336 hoc
1088 4272 1212 4346 habeat,
1240 4292 1260 4330 u

55 4397 286 4421 Ἣ

81 4472 191 4550 larua.
209 4500 234 4550 ρ.
258 4481 323 4547 ιιι,
343 4479 400 4536 ιιι.
