2886 5118
730 265 790 328 oo
853 267 857 272 ,

139 445 269 489 sermone
288 425 475 499 liberaveris,
506 423 651 506 siquidem
679 425 796 488 videtur
817 426 871 486 tibi
892 425 1006 484 animus
1024 425 1083 486 alia
1101 426 1161 506 ipse
1180 447 1232 507 per
1250 445 1295 500 se,
1313 425 1362 488 alia

138 549 190 609 per
210 527 338 607 corporis
357 523 510 584 facultates
529 525 679 604 percipere
698 538 726 584 et
745 523 946 584 considerare:
969 521 1047 584 idem
1067 523 1144 584 enim
1163 523 1237 582 mibi
1255 523 1361 586 videba-

138 639 201 685 tur:
223 623 470 692 volebamlautem
491 620 546 680 tibi
568 641 627 680 esse
647 643 824 702 persuasum.
845 645 881 658 ·-
900 619 976 679 Mihi
997 641 1065 683 vero
1083 635 1252 702 persuasum
1272 638 1319 684 est.
1334 651 1362 663 -

138 723 313 783 Utrorumne
333 721 424 800 igitur
444 720 476 779 in
497 739 618 779 numero
643 719 795 778 essentiam
824 721 946 780 censes?
975 719 1036 778 Hoc
1056 719 1134 779 enim
1153 742 1233 779 nunc
1253 722 1361 780 maxine

137 820 198 880 illis
215 819 352 880 omnibus
368 838 548 896 consequens
558 831 608 878 est.
621 817 791 893 -Eorum,
805 838 878 896 quae
896 817 1011 877 animus
1022 818 1083 898 ipse
1100 838 1152 899 per
1163 839 1193 878 se
1203 821 1317 900 appetit.
1336 859 1359 866 -

137 919 203 979 Non
223 920 292 979 item
312 917 454 978 similest
482 916 645 991 dissimile,
673 915 752 975 idem
770 930 799 975 et
817 916 964 974 alterurn?
985 942 1021 954 -
1041 917 1118 974 Haec
1143 917 1222 976 item.
1244 916 1360 992 -Quid

137 1019 231 1080 vero?
250 1015 387 1096 pulcrum
405 1028 434 1074 et
452 1028 595 1090 taetrum,
613 1014 724 1074 bonnm
742 1027 771 1073 et
789 1013 922 1073 malum?
941 1051 978 1066 --
995 1013 1034 1074 Et
1052 1011 1156 1072 borum
1174 1013 1292 1092 quidem
1308 1035 1359 1073 on-

136 1117 218 1176 nium
238 1113 364 1172 maxime
375 1111 493 1174 ridetur
510 1113 624 1173 animus
634 1113 787 1172 essentiam
805 1111 1000 1192 comparando
1019 1111 1221 1186 considerare,
1240 1126 1359 1194 reputans

136 1233 232 1272 secum
248 1211 403 1292 praeterita
421 1211 641 1292 praesentiaque
661 1224 690 1269 et
709 1231 776 1269 cum
805 1209 912 1268 futuris
939 1210 1102 1268 conferens.
1123 1240 1158 1250 -
1180 1210 1243 1268 Hoc
1262 1231 1358 1290 quoque

136 1310 272 1371 adverte:
291 1309 334 1368 rei
358 1305 449 1367 durae
467 1306 606 1369 duritiem
625 1328 678 1389 per
706 1321 815 1368 tactum
835 1307 940 1368 sentiet
960 1321 990 1366 et
1010 1307 1107 1367 mollis
1123 1306 1259 1366 similiter
1275 1308 1359 1368 molli-

135 1409 228 1468 tiem?
248 1436 285 1450 -·
305 1408 349 1466 Ita
365 1427 443 1466 sane.
466 1430 500 1446 —
521 1406 683 1466 Essentiam
700 1418 795 1465 autem
806 1418 834 1463 et
850 1404 924 1484 quid
934 1403 1019 1464 ambo
1035 1404 1095 1462 sint
1113 1417 1298 1484 mutuamque
1305 1427 1359 1465 con·

135 1508 310 1566 trarietatem
326 1518 354 1564 et
373 1505 464 1585 ipsius
474 1504 687 1564 contrarietatis
706 1503 859 1564 essentiam
869 1504 930 1582 ipse
951 1503 1065 1562 animus
1085 1503 1243 1583 explorans
1263 1518 1359 1564 etcon·

135 1624 241 1684 parans
262 1603 410 1677 invicem,
427 1600 561 1679 judicare
572 1603 717 1661 conatur?
738 1628 773 1638 -
793 1601 931 1660 Omnino.
952 1628 988 1638 -
1008 1599 1111 1658 Nonne
1123 1599 1359 1672 hominibusbru-

135 1701 229 1778 tisque
250 1698 427 1760 animalibus
456 1697 560 1758 natural
580 1697 681 1758 datum
702 1713 744 1758 est
754 1743 764 1774 ‚
794 1711 826 1757 ut
844 1718 1036 1778 quaecunque
1051 1691 1225 1778 παθήματα
1244 1719 1295 1779 per
1311 1719 1358 1758 cor·

136 1817 190 1877 pus
211 1795 249 1855 ad
268 1799 399 1856 animum
425 1795 572 1870 tendunt,
602 1797 698 1856 statim
718 1811 804 1876 atque
830 1797 863 1855 in
883 1796 979 1856 lucem
1008 1797 1200 1878 prodierunt,
1228 1800 1357 1858 sentiant:

137 1893 305 1975 ratiocinari
325 1915 394 1956 vero
414 1893 450 1954 de
470 1915 569 1954 eorum
588 1895 711 1956 essentia
728 1909 757 1955 et
776 1894 922 1970 utilitate,
935 1893 976 1978 id
994 1897 1048 1957 vix
1066 1897 1186 1957 tandem
1197 1897 1284 1977 longo
1299 1911 1357 1955 ten-

138 1991 216 2071 poris
235 1991 392 2051 intervallo
419 1993 622 2073 frequentique
651 1991 748 2052 studio
772 2014 805 2053 ac
834 1992 995 2074 disciplina¹
1020 1995 1058 2054 iis
1083 1996 1248 2076 contingit,
1268 1994 1357 2074 quibus

137 2087 256 2168 quidem
274 2089 449 2169 contingat?
470 2090 569 2148 -Ita
588 2110 714 2171 prorsus.
735 2128 771 2139 -
790 2091 909 2150 Fierine
938 2105 1048 2171 potest,
1069 2107 1102 2153 ut
1119 2093 1270 2153 veritatem
1294 2112 1357 2150 asse-

136 2199 259 2266 quatur,
278 2187 329 2265 qui
350 2207 410 2246 non
428 2199 573 2246 assecutus
590 2188 744 2246 essentiam
764 2191 830 2248 est?
852 2221 887 2231 -
907 2187 973 2246 Non
990 2202 1093 2269 potest.
1113 2217 1149 2228 -·
1170 2193 1260 2269 Cujus
1279 2203 1354 2248 auten

137 2285 179 2344 rei
199 2275 305 2362 aliquis
325 2285 476 2344 veritatem
496 2305 557 2343 non
567 2285 730 2363 assequitur
740 2328 749 2358 ,
769 2283 858 2363 bujus
875 2305 1004 2365 unquam
1016 2289 1167 2347 scientiam
1185 2287 1355 2348 babebit?-

135 2382 200 2456 Quo
228 2379 261 2439 id
281 2380 346 2440 fieri
366 2377 577 2468 pacto-possit?
595 2417 631 2427 -
648 2382 686 2441 In
701 2383 739 2440 iis
757 2403 830 2461 quae
852 2382 942 2443 alicui
957 2371 1114 2462 accidunt,
1132 2383 1164 2446 ἒν
1186 2390 1249 2460 τοῖς
1268 2377 1352 2464 nodd-
1436 2369 1437 2452 i

134 2495 225 2555 μασι,
251 2499 311 2540 non
333 2491 375 2537 est
394 2477 534 2554 scientia5
555 2491 597 2537 est
612 2499 682 2566 vero
697 2480 730 2537 in
750 2479 973 2542 ratiocinatione
994 2481 1031 2542 de
1051 2467 1211 2547 illis..ch
1227 2489 1314 2561 enim,
1328 2498 1352 2542 ut
1436 2473 1437 2476 ¹

135 2591 265 2659 parcet,
284 2576 436 2634 essentiam
447 2577 558 2652 assequi
576 2589 604 2634 et
619 2577 770 2637 veritatem
790 2576 876 2653 licet,
897 2579 928 2640 vi
948 2579 1011 2640 illis
1030 2601 1090 2640 non
1110 2583 1190 2644 licet.
1211 2627 1247 2639 -.
1265 2583 1351 2644 Sitri-

134 2673 229 2734 detur'.
251 2707 286 2719 -
306 2673 382 2731 Num
401 2672 478 2732 idem
497 2671 576 2732 illud
595 2687 624 2733 et
643 2673 699 2733 boc
719 2695 805 2735 vocas
815 2717 825 2750 ,
841 2695 907 2734 cum
926 2674 997 2736 adeo
1015 2678 1075 2737 sint
1094 2700 1110 2738 a
1128 2701 1156 2739 se
1176 2682 1298 2742 invicem
1313 2679 1351 2738 di-

140 2769 385 2831 versal—-Haud
397 2791 465 2829 sane
476 2769 600 2830 deceret.
620 2808 657 2819 -
676 2770 763 2844 Quod
784 2770 874 2851 igitur
892 2773 1064 2855 illi-,tribuis
1083 2797 1208 2853 nomen,
1229 2779 1283 2860 ipsi
1299 2777 1351 2836 dico

133 2871 177 2952 τῷ
199 2869 316 2943 ridere,
344 2866 459 2942 audire,
489 2866 624 2942 odorari,
651 2867 809 2946 frigefieri,
838 2869 988 2931 calefieri?
1008 2897 1044 2911 ···
1065 2874 1191 2938 Sontiro
1219 2875 1349 2955 equidem:

133 2967 206 3048 quid
225 2967 305 3026 enim
323 2964 406 3024 aliud
423 2964 574 3025 tribuam?
590 3005 625 3019 -
644 2964 822 3026 Universum
833 2966 922 3047 igitur
932 2967 987 3028 boc
1007 2991 1127 3032 aeneum
1141 2977 1251 3034 vocas?
1270 2971 1348 3030 -Ne

133 3064 265 3126 cesse-
282 3064 359 3124 Huic
377 3063 535 3124 convenire
556 3062 688 3123 veritatis
705 3063 922 3144 perceptionem
939 3069 1108 3146 negavimus
1118 3114 1127 3145 ,
1146 3071 1254 3151 quippe
1270 3090 1346 3129 essen·

132 3165 191 3224 tiae
199 3185 259 3223 non
279 3161 426 3242 particeps
436 3159 586 3219 ese-Sic
606 3173 658 3221 est.
678 3197 714 3210 -
734 3161 833 3239 Neque
850 3161 988 3222 scientiae
1007 3165 1097 3246 igitur
1114 3189 1233 3248 ‚compos
1250 3171 1306 3228 erit.
1322 3199 1349 3210 -

132 3262 198 3321 Non
217 3280 296 3319 sane.
316 3257 485 3332 —Iccirco,
505 3278 523 3316 o
541 3248 698 3332 Theaeteto
707 3303 716 3332 ,
747 3279 848 3318 sensus
866 3273 895 3318 et
914 3261 1035 3322 scicntia
1063 3285 1124 3324 non
1144 3264 1224 3325 idem
1242 3284 1348 3344 essepo-
1435 3311 1436 3314 ,

132 3372 196 3418 test.
217 3389 252 3400 -
271 3357 338 3416 Non
358 3353 506 3416 videtur.''
532 3353 560 3435 l)

173 3455 255 3516 Stare
274 3452 392 3528 omnia,
410 3450 490 3530 quod
510 3452 596 3512 unice
616 3452 754 3536 placebat
781 3451 938 3531 Eleaticis,
958 3477 1019 3516 non
1035 3457 1178 3538 probabat
1195 3461 1292 3533 Plato,
1307 3454 1348 3516 sed
1423 3481 1426 3488 ¹

132 3553 331 3616 admirabatur
351 3531 521 3630 timebatque
542 3550 576 3608 in
594 3549 777 3631 pbilosophis
806 3549 868 3610 illis
890 3554 950 3612 veri
972 3554 1125 3631 ardorem,
1143 3559 1196 3636 qui
1215 3560 1248 3618 'in
1269 3571 1348 3616 eorum

131 3651 310 3712 carminibus
330 3647 502 3729 scriptisque
523 3646 679 3722 omnibus,
699 3649 733 3707 in
752 3661 811 3707 tota
835 3669 933 3709 eorum
953 3652 1138 3734 philosophia
1153 3654 1347 3715 dominabatur.

131 3750 217 3826 Quod
239 3763 334 3810 autem
345 3745 453 3820 iidem,
472 3744 526 3804 boc
541 3743 630 3803 ·ducti
641 3745 763 3822 ardore,
782 3737 817 3806 rei
839 3737 874 3806 ὅν
889 3747 1109 3811 celebraverant
1126 3773 1159 3811 ac
1180 3753 1276 3827 rebus,
1288 3766 1347 3828 quae

131 3867 191 3906 esse
210 3845 401 3919 riderentur,
418 3855 633 3923 opposuerant,
660 3841 800 3907 laudabat
828 3847 1023 3910 vehementer.
1066 3849 1144 3908 Hinc
1163 3849 1235 3911 adeo
1250 3849 1346 3931 prolec-

131 3960 195 4020 tus,
215 3942 295 4024 quod
314 3942 362 4002 illi
380 3941 589 4021 neglexerant,
608 3941 739 4021 perfecit.
781 3944 852 4004 Nam
872 3943 1034 4027 praeclaras
1053 3946 1171 4024 quidem
1191 3943 1344 4028 pronuncia·

131 4056 235 4106 verant
254 4040 291 4102 de
312 4041 434 4101 veritate
453 4038 629 4114 sententias,
659 4040 767 4119 quibus
786 4042 921 4101 mortales
942 4037 1133 4118 monuerant,
1153 4066 1191 4104 ne
1209 4045 1289 4104 iidem
1304 4040 1345 4098 ha·

129 4142 234 4202 berent
252 4137 402 4212 sensibus,
422 4136 473 4198 sed
494 4134 546 4212 id,
563 4136 642 4215 quod
660 4150 756 4216 estet,
776 4153 1037 4220 persequerentur,
1059 4155 1091 4200 ut
1110 4141 1287 4202 Parmenides
1302 4135 1343 4195 ille
1434 4133 1435 4144 ¹

130 4231 246 4312 αἰδοῖός
266 4259 297 4298 τε
321 4229 385 4314 ἅμα
407 4223 503 4306 δεινός
523 4255 555 4294 τε
579 4240 611 4298 in
631 4238 696 4297 bis:

155 4409 190 4514 'o
214 4451 310 4502 rnna.
329 4448 388 4500 rar.
405 4444 550 4498 n-rec.
571 4444 599 4496 s.
