<?xml version="1.0" encoding="UTF-8"?>
<!DOCTYPE html PUBLIC "-//W3C//DTD XHTML 1.0 Transitional//EN"
    "http://www.w3.org/TR/xhtml1/DTD/xhtml1-transitional.dtd">
<html xmlns="http://www.w3.org/1999/xhtml" xml:lang="en" lang="en">
 <head>
  <title>
</title>
<meta http-equiv="Content-Type" content="text/html;charset=utf-8" />
  <meta name='ocr-system' content='tesseract 3.04.00' />
  <meta name='ocr-capabilities' content='ocr_page ocr_carea ocr_par ocr_line ocrx_word'/>
</head>
<body>
  <div class='ocr_page' id='page_1' title='image "./initiaphilosoph02heusgoog_0256.png"; bbox 0 0 2838 5120; ppageno 0'>
   <div class='ocr_carea' id='block_1_1' title="bbox 606 281 666 342">
    <p class='ocr_par' dir='ltr' id='par_1_1' title="bbox 606 281 666 342">
     <span class='ocr_line' id='line_1_1' title="bbox 606 281 666 342; baseline 0.033 -2"><span class='ocrx_word' id='word_1_1' title='bbox 606 281 666 342; x_wconf 82' lang='lat'><strong>235</strong></span> 
     </span>
    </p>
   </div>
   <div class='ocr_carea' id='block_1_2' title="bbox 35 440 1314 3288">
    <p class='ocr_par' dir='ltr' id='par_1_2' title="bbox 35 440 1314 3288">
     <span class='ocr_line' id='line_1_2' title="bbox 40 440 1247 526; baseline -0.002 -22"><span class='ocrx_word' id='word_1_2' title='bbox 40 445 71 504; x_wconf 89' lang='lat' dir='ltr'><strong>de</strong></span> <span class='ocrx_word' id='word_1_3' title='bbox 96 446 296 506; x_wconf 75' lang='lat' dir='ltr'><strong>mathematicis</strong></span> <span class='ocrx_word' id='word_1_4' title='bbox 323 442 489 526; x_wconf 88' lang='lat' dir='ltr'><strong>disciplinis</strong></span> <span class='ocrx_word' id='word_1_5' title='bbox 516 443 594 522; x_wconf 87' lang='lat' dir='ltr'><strong>quod</strong></span> <span class='ocrx_word' id='word_1_6' title='bbox 622 442 700 502; x_wconf 80' lang='lat' dir='ltr'><strong>dixit</strong></span> <span class='ocrx_word' id='word_1_7' title='bbox 728 441 797 515; x_wconf 91' lang='lat' dir='ltr'><strong>ille,</strong></span> <span class='ocrx_word' id='word_1_8' title='bbox 824 441 968 501; x_wconf 88' lang='lat' dir='ltr'><strong>neminem</strong></span> <span class='ocrx_word' id='word_1_9' title='bbox 997 463 1043 500; x_wconf 88' lang='lat' dir='ltr'><strong>eas</strong></span> <span class='ocrx_word' id='word_1_10' title='bbox 1060 440 1155 502; x_wconf 88' lang='lat' dir='ltr'><strong>adhuc</strong></span> <span class='ocrx_word' id='word_1_11' title='bbox 1173 459 1247 502; x_wconf 85' lang='lat' dir='ltr'><strong>recte</strong></span> 
     </span>
     <span class='ocr_line' id='line_1_3' title="bbox 39 533 1248 624; baseline -0.001 -23"><span class='ocrx_word' id='word_1_12' title='bbox 39 557 176 620; x_wconf 79' lang='lat' dir='ltr'>tractasse,</span> <span class='ocrx_word' id='word_1_13' title='bbox 201 566 258 623; x_wconf 93' lang='lat' dir='ltr'><strong>qno</strong></span> <span class='ocrx_word' id='word_1_14' title='bbox 287 543 404 624; x_wconf 85' lang='lat' dir='ltr'>plenius</span> <span class='ocrx_word' id='word_1_15' title='bbox 432 542 632 622; x_wconf 81' lang='lat' dir='ltr'><strong>intelligatur,</strong></span> <span class='ocrx_word' id='word_1_16' title='bbox 663 541 733 600; x_wconf 89' lang='lat' dir='ltr'><strong>haec</strong></span> <span class='ocrx_word' id='word_1_17' title='bbox 760 533 898 614; x_wconf 84' lang='lat' dir='ltr'><strong>videntur</strong></span> <span class='ocrx_word' id='word_1_18' title='bbox 925 539 961 598; x_wconf 90' lang='lat' dir='ltr'><strong>de</strong></span> <span class='ocrx_word' id='word_1_19' title='bbox 988 561 1085 600; x_wconf 89' lang='lat' dir='ltr'><strong>earnm</strong></span> <span class='ocrx_word' id='word_1_20' title='bbox 1102 543 1248 622; x_wconf 90' lang='lat' dir='ltr'><strong>proposito</strong></span> 
     </span>
     <span class='ocr_line' id='line_1_4' title="bbox 38 638 1247 725; baseline -0.002 -25"><span class='ocrx_word' id='word_1_21' title='bbox 38 641 168 702; x_wconf 88' lang='lat' dir='ltr'><strong>addenda.</strong></span> <span class='ocrx_word' id='word_1_22' title='bbox 211 642 341 702; x_wconf 87' lang='lat' dir='ltr'><strong>Fuerunt</strong></span> <span class='ocrx_word' id='word_1_23' title='bbox 371 641 496 702; x_wconf 85' lang='lat' dir='ltr'><strong>subinde</strong></span> <span class='ocrx_word' id='word_1_24' title='bbox 526 641 739 725; x_wconf 81' lang='lat' dir='ltr'><strong>mathematici,</strong></span> <span class='ocrx_word' id='word_1_25' title='bbox 768 639 818 718; x_wconf 93' lang='lat' dir='ltr'><strong>qui</strong></span> <span class='ocrx_word' id='word_1_26' title='bbox 839 639 933 698; x_wconf 87' lang='lat' dir='ltr'><strong>abditi</strong></span> <span class='ocrx_word' id='word_1_27' title='bbox 949 638 1178 704; x_wconf 80' lang='lat' dir='ltr'><strong>inbibliotheca</strong></span> <span class='ocrx_word' id='word_1_28' title='bbox 1198 659 1247 698; x_wconf 84' lang='lat' dir='ltr'><strong>sna</strong></span> 
     </span>
     <span class='ocr_line' id='line_1_5' title="bbox 38 738 1249 820; baseline -0.001 -23"><span class='ocrx_word' id='word_1_29' title='bbox 38 738 215 800; x_wconf 79' lang='lat' dir='ltr'><strong>excluderent</strong></span> <span class='ocrx_word' id='word_1_30' title='bbox 245 740 315 800; x_wconf 89' lang='lat' dir='ltr'><strong>inde</strong></span> <span class='ocrx_word' id='word_1_31' title='bbox 341 761 438 800; x_wconf 89' lang='lat' dir='ltr'><strong>omnes</strong></span> <span class='ocrx_word' id='word_1_32' title='bbox 448 786 457 816; x_wconf 90' lang='lat'><strong>,</strong></span> <span class='ocrx_word' id='word_1_33' title='bbox 478 753 619 820; x_wconf 87' lang='lat' dir='ltr'><strong>quotquot</strong></span> <span class='ocrx_word' id='word_1_34' title='bbox 645 761 722 812; x_wconf 90' lang='lat' dir='ltr'><strong>non,</strong></span> <span class='ocrx_word' id='word_1_35' title='bbox 744 751 776 796; x_wconf 90' lang='lat' dir='ltr'><strong>nt</strong></span> <span class='ocrx_word' id='word_1_36' title='bbox 796 738 871 817; x_wconf 90' lang='lat' dir='ltr'><strong>ipsi,</strong></span> <span class='ocrx_word' id='word_1_37' title='bbox 892 751 1014 796; x_wconf 88' lang='lat' dir='ltr'><strong>caeteras</strong></span> <span class='ocrx_word' id='word_1_38' title='bbox 1032 739 1110 796; x_wconf 84' lang='lat' dir='ltr'><strong>exosi</strong></span> <span class='ocrx_word' id='word_1_39' title='bbox 1129 752 1202 796; x_wconf 83' lang='lat' dir='ltr'><strong>artes</strong></span> <span class='ocrx_word' id='word_1_40' title='bbox 1220 750 1249 796; x_wconf 88' lang='lat' dir='ltr'><strong>et</strong></span> 
     </span>
     <span class='ocr_line' id='line_1_6' title="bbox 38 834 1247 914; baseline -0.002 -20"><span class='ocrx_word' id='word_1_41' title='bbox 38 836 186 914; x_wconf 75' lang='lat' dir='ltr'><strong>doctrinas,</strong></span> <span class='ocrx_word' id='word_1_42' title='bbox 208 840 240 898; x_wconf 91' lang='lat' dir='ltr'><strong>in</strong></span> <span class='ocrx_word' id='word_1_43' title='bbox 260 838 329 897; x_wconf 89' lang='lat' dir='ltr'><strong>solis</strong></span> <span class='ocrx_word' id='word_1_44' title='bbox 352 839 502 898; x_wconf 89' lang='lat' dir='ltr'><strong>haererent</strong></span> <span class='ocrx_word' id='word_1_45' title='bbox 523 839 612 898; x_wconf 88' lang='lat' dir='ltr'><strong>lineis</strong></span> <span class='ocrx_word' id='word_1_46' title='bbox 637 851 665 896; x_wconf 92' lang='lat' dir='ltr'><strong>et</strong></span> <span class='ocrx_word' id='word_1_47' title='bbox 682 834 816 910; x_wconf 83' lang='lat' dir='ltr'><strong>circulis,</strong></span> <span class='ocrx_word' id='word_1_48' title='bbox 838 836 1013 914; x_wconf 87' lang='lat' dir='ltr'><strong>arcendique</strong></span> <span class='ocrx_word' id='word_1_49' title='bbox 1031 835 1129 894; x_wconf 76' lang='lat' dir='ltr'><strong>canssh</strong></span> <span class='ocrx_word' id='word_1_50' title='bbox 1140 836 1247 912; x_wconf 88' lang='lat' dir='ltr'><strong>januae</strong></span> 
     </span>
     <span class='ocr_line' id='line_1_7' title="bbox 38 927 1246 1015; baseline 0 -23"><span class='ocrx_word' id='word_1_51' title='bbox 38 935 234 1013; x_wconf 82' lang='lat' dir='ltr'><strong>inscriberent,</strong></span> <span class='ocrx_word' id='word_1_52' title='bbox 260 937 410 996; x_wconf 87' lang='lat' dir='ltr'><strong>Platonem</strong></span> <span class='ocrx_word' id='word_1_53' title='bbox 437 933 578 996; x_wconf 87' lang='lat' dir='ltr'><strong>imitaturi</strong></span> <span class='ocrx_word' id='word_1_54' title='bbox 606 936 737 1009; x_wconf 88' lang='lat' dir='ltr'><strong>scilicet,</strong></span> <span class='ocrx_word' id='word_1_55' title='bbox 762 932 869 1015; x_wconf 76' lang='grc' dir='ltr'><strong><em>μηδεὶς</em></strong></span> <span class='ocrx_word' id='word_1_56' title='bbox 893 927 1118 1014; x_wconf 74' lang='grc' dir='ltr'><strong>α’γεωμέτρητος</strong></span> <span class='ocrx_word' id='word_1_57' title='bbox 1139 930 1246 995; x_wconf 78' lang='grc' dir='ltr'><em>εἰσίτω.</em></span> 
     </span>
     <span class='ocr_line' id='line_1_8' title="bbox 38 1033 1247 1117; baseline 0.003 -27"><span class='ocrx_word' id='word_1_58' title='bbox 38 1033 78 1091; x_wconf 86' lang='lat' dir='ltr'><strong>lsti</strong></span> <span class='ocrx_word' id='word_1_59' title='bbox 103 1034 173 1113; x_wconf 88' lang='lat' dir='ltr'><strong>quid</strong></span> <span class='ocrx_word' id='word_1_60' title='bbox 203 1037 379 1117; x_wconf 87' lang='lat' dir='ltr'><strong>spectarint,</strong></span> <span class='ocrx_word' id='word_1_61' title='bbox 409 1037 524 1096; x_wconf 86' lang='lat' dir='ltr'><strong>nescio:</strong></span> <span class='ocrx_word' id='word_1_62' title='bbox 555 1036 609 1096; x_wconf 89' lang='lat' dir='ltr'><strong>hoc</strong></span> <span class='ocrx_word' id='word_1_63' title='bbox 637 1049 766 1112; x_wconf 89' lang='lat' dir='ltr'><strong>constat,</strong></span> <span class='ocrx_word' id='word_1_64' title='bbox 792 1037 936 1096; x_wconf 87' lang='lat' dir='ltr'><strong>aberrasse</strong></span> <span class='ocrx_word' id='word_1_65' title='bbox 959 1057 1006 1095; x_wconf 91' lang='lat' dir='ltr'><strong>eos</strong></span> <span class='ocrx_word' id='word_1_66' title='bbox 1023 1034 1124 1116; x_wconf 82' lang='lat' dir='ltr'><strong>procul</strong></span> <span class='ocrx_word' id='word_1_67' title='bbox 1143 1055 1159 1092; x_wconf 91' lang='lat' dir='ltr'><strong>a</strong></span> <span class='ocrx_word' id='word_1_68' title='bbox 1178 1056 1247 1094; x_wconf 88' lang='lat' dir='ltr'><strong>sen-</strong></span> 
     </span>
     <span class='ocr_line' id='line_1_9' title="bbox 38 1133 1246 1215; baseline 0.003 -27"><span class='ocrx_word' id='word_1_69' title='bbox 38 1133 114 1192; x_wconf 86' lang='lat' dir='ltr'><strong>tentia</strong></span> <span class='ocrx_word' id='word_1_70' title='bbox 130 1133 279 1208; x_wconf 86' lang='lat' dir='ltr'><strong>Platonis,</strong></span> <span class='ocrx_word' id='word_1_71' title='bbox 300 1135 350 1212; x_wconf 93' lang='lat' dir='ltr'><strong>qui</strong></span> <span class='ocrx_word' id='word_1_72' title='bbox 370 1136 498 1197; x_wconf 90' lang='lat' dir='ltr'><strong>omnium</strong></span> <span class='ocrx_word' id='word_1_73' title='bbox 518 1155 577 1194; x_wconf 93' lang='lat' dir='ltr'><strong>esse</strong></span> <span class='ocrx_word' id='word_1_74' title='bbox 594 1133 815 1215; x_wconf 86' lang='lat' dir='ltr'><strong>disciplinarum</strong></span> <span class='ocrx_word' id='word_1_75' title='bbox 833 1148 861 1193; x_wconf 91' lang='lat' dir='ltr'><strong>et</strong></span> <span class='ocrx_word' id='word_1_76' title='bbox 879 1147 1008 1195; x_wconf 89' lang='lat' dir='ltr'><strong>mutuam</strong></span> <span class='ocrx_word' id='word_1_77' title='bbox 1024 1148 1051 1192; x_wconf 90' lang='lat' dir='ltr'><strong>et</strong></span> <span class='ocrx_word' id='word_1_78' title='bbox 1068 1153 1246 1192; x_wconf 88' lang='lat' dir='ltr'><strong>communem</strong></span> 
     </span>
     <span class='ocr_line' id='line_1_10' title="bbox 38 1231 1246 1312; baseline 0.002 -24"><span class='ocrx_word' id='word_1_79' title='bbox 38 1249 90 1287; x_wconf 85' lang='lat' dir='ltr'><strong>cum</strong></span> <span class='ocrx_word' id='word_1_80' title='bbox 117 1232 325 1292; x_wconf 86' lang='lat' dir='ltr'><strong>mathematicis</strong></span> <span class='ocrx_word' id='word_1_81' title='bbox 354 1233 465 1292; x_wconf 83' lang='lat' dir='ltr'><strong>artibus</strong></span> <span class='ocrx_word' id='word_1_82' title='bbox 493 1233 729 1311; x_wconf 88' lang='lat' dir='ltr'><strong>conjunctionem</strong></span> <span class='ocrx_word' id='word_1_83' title='bbox 751 1233 901 1306; x_wconf 86' lang='lat' dir='ltr'><strong>statuebat.</strong></span> <span class='ocrx_word' id='word_1_84' title='bbox 943 1231 1000 1291; x_wconf 87' lang='lat' dir='ltr'><strong>Sed</strong></span> <span class='ocrx_word' id='word_1_85' title='bbox 1022 1232 1171 1292; x_wconf 83' lang='lat' dir='ltr'><strong>doetrinae</strong></span> <span class='ocrx_word' id='word_1_86' title='bbox 1189 1231 1246 1312; x_wconf 89' lang='lat' dir='ltr'><strong>ipsi</strong></span> 
     </span>
     <span class='ocr_line' id='line_1_11' title="bbox 38 1311 1246 1413; baseline 0.004 -31"><span class='ocrx_word' id='word_1_87' title='bbox 38 1345 91 1384; x_wconf 86' lang='lat' dir='ltr'><strong>snae</strong></span> <span class='ocrx_word' id='word_1_88' title='bbox 117 1349 210 1408; x_wconf 89' lang='lat' dir='ltr'><strong>neque</strong></span> <span class='ocrx_word' id='word_1_89' title='bbox 242 1311 453 1390; x_wconf 26' lang='lat' dir='ltr'><strong>excellentiam*</strong></span> <span class='ocrx_word' id='word_1_90' title='bbox 466 1352 519 1391; x_wconf 86' lang='lat' dir='ltr'><strong>nec</strong></span> <span class='ocrx_word' id='word_1_91' title='bbox 540 1332 601 1391; x_wconf 87' lang='lat' dir='ltr'><strong>vim</strong></span> <span class='ocrx_word' id='word_1_92' title='bbox 619 1330 752 1391; x_wconf 81' lang='lat' dir='ltr'><strong>divinam</strong></span> <span class='ocrx_word' id='word_1_93' title='bbox 769 1342 996 1413; x_wconf 64' lang='lat' dir='ltr'><strong>perspexerunt,</strong></span> <span class='ocrx_word' id='word_1_94' title='bbox 1017 1351 1089 1410; x_wconf 89' lang='lat' dir='ltr'><strong>qnae</strong></span> <span class='ocrx_word' id='word_1_95' title='bbox 1099 1375 1107 1405; x_wconf 92' lang='lat'><strong>,</strong></span> <span class='ocrx_word' id='word_1_96' title='bbox 1127 1329 1246 1388; x_wconf 87' lang='lat' dir='ltr'><strong>Platone</strong></span> 
     </span>
     <span class='ocr_line' id='line_1_12' title="bbox 35 1424 1246 1509; baseline 0.005 -29"><span class='ocrx_word' id='word_1_97' title='bbox 35 1424 136 1502; x_wconf 87' lang='lat' dir='ltr'><strong>judice,</strong></span> <span class='ocrx_word' id='word_1_98' title='bbox 158 1449 220 1486; x_wconf 91' lang='lat' dir='ltr'><strong>non</strong></span> <span class='ocrx_word' id='word_1_99' title='bbox 240 1428 333 1488; x_wconf 86' lang='lat' dir='ltr'><strong>s&#39;olum</strong></span> <span class='ocrx_word' id='word_1_100' title='bbox 351 1430 389 1490; x_wconf 87' lang='lat' dir='ltr'><strong>ad</strong></span> <span class='ocrx_word' id='word_1_101' title='bbox 409 1445 548 1490; x_wconf 87' lang='lat' dir='ltr'><strong>astrorum</strong></span> <span class='ocrx_word' id='word_1_102' title='bbox 567 1429 773 1509; x_wconf 84' lang='lat' dir='ltr'><strong>universaeque</strong></span> <span class='ocrx_word' id='word_1_103' title='bbox 791 1444 912 1494; x_wconf 88' lang='lat' dir='ltr'><strong>naturae</strong></span> <span class='ocrx_word' id='word_1_104' title='bbox 930 1429 1127 1490; x_wconf 86' lang='lat' dir='ltr'><strong>conditionem</strong></span> <span class='ocrx_word' id='word_1_105' title='bbox 1146 1428 1246 1508; x_wconf 81' lang='lat' dir='ltr'><strong>explo-</strong></span> 
     </span>
     <span class='ocr_line' id='line_1_13' title="bbox 38 1521 1245 1610; baseline 0.006 -32"><span class='ocrx_word' id='word_1_106' title='bbox 38 1521 141 1583; x_wconf 80' lang='lat' dir='ltr'><strong>rendam</strong></span> <span class='ocrx_word' id='word_1_107' title='bbox 150 1571 158 1600; x_wconf 93' lang='lat'><strong>,</strong></span> <span class='ocrx_word' id='word_1_108' title='bbox 181 1547 283 1586; x_wconf 83' lang='lat' dir='ltr'><strong>verum</strong></span> <span class='ocrx_word' id='word_1_109' title='bbox 303 1529 431 1587; x_wconf 88' lang='lat' dir='ltr'><strong>omnium</strong></span> <span class='ocrx_word' id='word_1_110' title='bbox 450 1531 575 1588; x_wconf 79' lang='lat' dir='ltr'><strong>maxime</strong></span> <span class='ocrx_word' id='word_1_111' title='bbox 596 1521 666 1609; x_wconf 77' lang='grc' dir='ltr'><strong>πρό</strong></span> <span class='ocrx_word' id='word_1_112' title='bbox 674 1552 688 1602; x_wconf 90' lang='grc' dir='ltr'><strong><em>ς</em></strong></span> <span class='ocrx_word' id='word_1_113' title='bbox 710 1522 778 1610; x_wconf 78' lang='grc' dir='ltr'><strong>τήν</strong></span> <span class='ocrx_word' id='word_1_114' title='bbox 797 1527 865 1589; x_wconf 74' lang='grc' dir='ltr'><strong>τοῦ</strong></span> <span class='ocrx_word' id='word_1_115' title='bbox 886 1526 995 1589; x_wconf 80' lang='grc' dir='ltr'><strong><em>καλοῦ</em></strong></span> <span class='ocrx_word' id='word_1_116' title='bbox 1020 1549 1056 1588; x_wconf 74' lang='grc' dir='ltr'><strong>τε</strong></span> <span class='ocrx_word' id='word_1_117' title='bbox 1080 1525 1138 1588; x_wconf 79' lang='grc' dir='ltr'><strong>καὶ</strong></span> <span class='ocrx_word' id='word_1_118' title='bbox 1160 1521 1245 1607; x_wconf 76' lang='lat' dir='ltr'><strong>dyo·</strong></span> 
     </span>
     <span class='ocr_line' id='line_1_14' title="bbox 39 1619 1245 1712; baseline 0.007 -32"><span class='ocrx_word' id='word_1_119' title='bbox 39 1621 98 1682; x_wconf 70' lang='lat' dir='ltr'><strong>tot</strong></span> <span class='ocrx_word' id='word_1_120' title='bbox 135 1619 312 1706; x_wconf 77' lang='grc' dir='ltr'><strong>ζήτησιν,</strong></span> <span class='ocrx_word' id='word_1_121' title='bbox 348 1630 397 1686; x_wconf 85' lang='lat' dir='ltr'><strong>ad</strong></span> <span class='ocrx_word' id='word_1_122' title='bbox 424 1629 577 1705; x_wconf 77' lang='lat' dir='ltr'><strong>puberi</strong></span> <span class='ocrx_word' id='word_1_123' title='bbox 611 1634 792 1712; x_wconf 80' lang='lat' dir='ltr'><strong>donique</strong></span> <span class='ocrx_word' id='word_1_124' title='bbox 830 1635 1188 1712; x_wconf 74' lang='lat' dir='ltr'><strong>disquisitionem</strong></span> <span class='ocrx_word' id='word_1_125' title='bbox 1216 1642 1245 1688; x_wconf 89' lang='lat' dir='ltr'><strong>et</strong></span> 
     </span>
     <span class='ocr_line' id='line_1_15' title="bbox 39 1723 1244 1822; baseline 0.003 -40"><span class='ocrx_word' id='word_1_126' title='bbox 39 1723 101 1784; x_wconf 81' lang='lat' dir='ltr'><strong>salet</strong></span> <span class='ocrx_word' id='word_1_127' title='bbox 128 1740 155 1785; x_wconf 92' lang='lat' dir='ltr'><strong>et</strong></span> <span class='ocrx_word' id='word_1_128' title='bbox 182 1727 335 1788; x_wconf 89' lang='lat' dir='ltr'><strong>tractanda</strong></span> <span class='ocrx_word' id='word_1_129' title='bbox 364 1741 416 1786; x_wconf 88' lang='lat' dir='ltr'><strong>est.</strong></span> <span class='ocrx_word' id='word_1_130' title='bbox 441 1724 470 1807; x_wconf 83' lang='lat' dir='ltr'><strong>l)</strong></span> <span class='ocrx_word' id='word_1_131' title='bbox 509 1727 650 1822; x_wconf 64' lang='lat' dir='ltr'><strong>Exemplo</strong></span> <span class='ocrx_word' id='word_1_132' title='bbox 679 1730 712 1790; x_wconf 88' lang='lat' dir='ltr'><strong>id·</strong></span> <span class='ocrx_word' id='word_1_133' title='bbox 737 1731 960 1812; x_wconf 87' lang='lat' dir='ltr'><strong>comprobarunt</strong></span> <span class='ocrx_word' id='word_1_134' title='bbox 983 1750 1032 1788; x_wconf 92' lang='lat' dir='ltr'><strong>suo</strong></span> <span class='ocrx_word' id='word_1_135' title='bbox 1050 1729 1171 1788; x_wconf 85' lang='lat' dir='ltr'><strong>maximi</strong></span> <span class='ocrx_word' id='word_1_136' title='bbox 1186 1741 1244 1786; x_wconf 89' lang='lat' dir='ltr'><strong>tam</strong></span> 
     </span>
     <span class='ocr_line' id='line_1_16' title="bbox 41 1825 1245 1908; baseline 0.003 -28"><span class='ocrx_word' id='word_1_137' title='bbox 41 1827 142 1901; x_wconf 79' lang='lat' dir='ltr'><strong>veteris,</strong></span> <span class='ocrx_word' id='word_1_138' title='bbox 162 1847 250 1906; x_wconf 86' lang='lat' dir='ltr'><strong>quam</strong></span> <span class='ocrx_word' id='word_1_139' title='bbox 261 1825 437 1887; x_wconf 76' lang='lat' dir='ltr'><strong>recentioris</strong></span> <span class='ocrx_word' id='word_1_140' title='bbox 455 1827 519 1887; x_wconf 87' lang='lat' dir='ltr'><strong>aevi</strong></span> <span class='ocrx_word' id='word_1_141' title='bbox 537 1827 745 1904; x_wconf 84' lang='lat' dir='ltr'><strong>mathematici,</strong></span> <span class='ocrx_word' id='word_1_142' title='bbox 767 1831 817 1908; x_wconf 86' lang='lat' dir='ltr'><strong>qui</strong></span> <span class='ocrx_word' id='word_1_143' title='bbox 833 1831 970 1890; x_wconf 90' lang='lat' dir='ltr'><strong>acerrimo</strong></span> <span class='ocrx_word' id='word_1_144' title='bbox 985 1827 1074 1887; x_wconf 88' lang='lat' dir='ltr'><strong>iidem</strong></span> <span class='ocrx_word' id='word_1_145' title='bbox 1088 1826 1245 1891; x_wconf 78' lang='lat' dir='ltr'><strong>valuerunt</strong></span> 
     </span>
     <span class='ocr_line' id='line_1_17' title="bbox 41 1922 1243 2012; baseline 0.002 -32"><span class='ocrx_word' id='word_1_146' title='bbox 41 1922 116 2000; x_wconf 87' lang='lat' dir='ltr'><strong>pulcri</strong></span> <span class='ocrx_word' id='word_1_147' title='bbox 134 1923 263 2005; x_wconf 88' lang='lat' dir='ltr'><strong>benique</strong></span> <span class='ocrx_word' id='word_1_148' title='bbox 282 1945 382 2000; x_wconf 87' lang='lat' dir='ltr'><strong>sensu,</strong></span> <span class='ocrx_word' id='word_1_149' title='bbox 403 1925 473 2006; x_wconf 90' lang='lat' dir='ltr'><strong>ipsis</strong></span> <span class='ocrx_word' id='word_1_150' title='bbox 494 1939 588 1984; x_wconf 89' lang='lat' dir='ltr'><strong>antem</strong></span> <span class='ocrx_word' id='word_1_151' title='bbox 606 1925 684 1986; x_wconf 85' lang='lat' dir='ltr'><strong>hisce</strong></span> <span class='ocrx_word' id='word_1_152' title='bbox 702 1928 911 1988; x_wconf 90' lang='lat' dir='ltr'><strong>mathematicis</strong></span> <span class='ocrx_word' id='word_1_153' title='bbox 928 1926 1032 1986; x_wconf 85' lang='lat' dir='ltr'><strong>studiis</strong></span> <span class='ocrx_word' id='word_1_154' title='bbox 1046 1926 1150 2012; x_wconf 82' lang='lat' dir='ltr'><strong>eximie</strong></span> <span class='ocrx_word' id='word_1_155' title='bbox 1163 1924 1243 1984; x_wconf 90' lang='lat' dir='ltr'><strong>hunc</strong></span> 
     </span>
     <span class='ocr_line' id='line_1_18' title="bbox 42 2022 1243 2107; baseline 0.003 -29"><span class='ocrx_word' id='word_1_156' title='bbox 42 2041 134 2080; x_wconf 88' lang='lat' dir='ltr'><strong>sensum</strong></span> <span class='ocrx_word' id='word_1_157' title='bbox 160 2038 188 2083; x_wconf 90' lang='lat' dir='ltr'><strong>et</strong></span> <span class='ocrx_word' id='word_1_158' title='bbox 216 2037 356 2083; x_wconf 88' lang='lat' dir='ltr'><strong>acuerunt</strong></span> <span class='ocrx_word' id='word_1_159' title='bbox 385 2037 413 2082; x_wconf 91' lang='lat' dir='ltr'><strong>et</strong></span> <span class='ocrx_word' id='word_1_160' title='bbox 442 2023 641 2085; x_wconf 87' lang='lat' dir='ltr'><strong>excoluerunt.</strong></span> <span class='ocrx_word' id='word_1_161' title='bbox 681 2025 799 2086; x_wconf 84' lang='lat' dir='ltr'><strong>Scilicet</strong></span> <span class='ocrx_word' id='word_1_162' title='bbox 826 2026 897 2105; x_wconf 91' lang='lat' dir='ltr'><strong>quid</strong></span> <span class='ocrx_word' id='word_1_163' title='bbox 924 2025 1059 2107; x_wconf 89' lang='lat' dir='ltr'><strong>pulcrum</strong></span> <span class='ocrx_word' id='word_1_164' title='bbox 1085 2037 1146 2098; x_wconf 91' lang='lat' dir='ltr'><strong>est,</strong></span> <span class='ocrx_word' id='word_1_165' title='bbox 1170 2022 1243 2102; x_wconf 90' lang='lat' dir='ltr'><strong>quid</strong></span> 
     </span>
     <span class='ocr_line' id='line_1_19' title="bbox 43 2114 1258 2205; baseline 0.003 -29"><span class='ocrx_word' id='word_1_166' title='bbox 43 2116 144 2195; x_wconf 85' lang='lat' dir='ltr'><strong>henum,</strong></span> <span class='ocrx_word' id='word_1_167' title='bbox 164 2123 239 2202; x_wconf 90' lang='lat' dir='ltr'><strong>quid</strong></span> <span class='ocrx_word' id='word_1_168' title='bbox 260 2122 293 2182; x_wconf 88' lang='lat' dir='ltr'><strong>in</strong></span> <span class='ocrx_word' id='word_1_169' title='bbox 309 2114 511 2201; x_wconf 81' lang='lat' dir='ltr'><strong>qualicunque</strong></span> <span class='ocrx_word' id='word_1_170' title='bbox 521 2143 552 2180; x_wconf 90' lang='lat' dir='ltr'><strong>re</strong></span> <span class='ocrx_word' id='word_1_171' title='bbox 571 2123 717 2184; x_wconf 83' lang='lat' dir='ltr'><strong>excellens</strong></span> <span class='ocrx_word' id='word_1_172' title='bbox 735 2137 763 2184; x_wconf 88' lang='lat' dir='ltr'><strong>et</strong></span> <span class='ocrx_word' id='word_1_173' title='bbox 781 2124 974 2205; x_wconf 88' lang='lat' dir='ltr'><strong>praeclarum,</strong></span> <span class='ocrx_word' id='word_1_174' title='bbox 995 2124 1051 2183; x_wconf 86' lang='lat' dir='ltr'><strong>nisi</strong></span> <span class='ocrx_word' id='word_1_175' title='bbox 1070 2121 1148 2202; x_wconf 89' lang='lat' dir='ltr'><strong>quod</strong></span> <span class='ocrx_word' id='word_1_176' title='bbox 1165 2121 1258 2203; x_wconf 67' lang='lat' dir='ltr'><strong>idem,</strong></span> 
     </span>
     <span class='ocr_line' id='line_1_20' title="bbox 46 2219 1244 2305; baseline 0.003 -31"><span class='ocrx_word' id='word_1_177' title='bbox 46 2231 73 2276; x_wconf 84' lang='lat' dir='ltr'><strong>et</strong></span> <span class='ocrx_word' id='word_1_178' title='bbox 95 2223 216 2282; x_wconf 72' lang='lat' dir='ltr'><strong>verum?</strong></span> <span class='ocrx_word' id='word_1_179' title='bbox 257 2220 304 2279; x_wconf 81' lang='lat' dir='ltr'><strong>Ad</strong></span> <span class='ocrx_word' id='word_1_180' title='bbox 334 2241 433 2282; x_wconf 81' lang='lat' dir='ltr'><strong>verum</strong></span> <span class='ocrx_word' id='word_1_181' title='bbox 460 2235 553 2280; x_wconf 90' lang='lat' dir='ltr'><strong>autem</strong></span> <span class='ocrx_word' id='word_1_182' title='bbox 580 2222 816 2304; x_wconf 81' lang='lat' dir='ltr'><strong>investigandum</strong></span> <span class='ocrx_word' id='word_1_183' title='bbox 833 2225 982 2305; x_wconf 88' lang='lat' dir='ltr'><strong>pertinent</strong></span> <span class='ocrx_word' id='word_1_184' title='bbox 998 2222 1052 2282; x_wconf 88' lang='lat' dir='ltr'><strong>hae</strong></span> <span class='ocrx_word' id='word_1_185' title='bbox 1070 2219 1244 2302; x_wconf 87' lang='lat' dir='ltr'><strong>discipliuae</strong></span> 
     </span>
     <span class='ocr_line' id='line_1_21' title="bbox 49 2317 1292 2401; baseline 0.005 -27"><span class='ocrx_word' id='word_1_186' title='bbox 49 2317 209 2392; x_wconf 75' lang='lat' dir='ltr'><strong>pissimum.</strong></span> <span class='ocrx_word' id='word_1_187' title='bbox 260 2321 441 2400; x_wconf 85' lang='lat' dir='ltr'><strong>Quapropter</strong></span> <span class='ocrx_word' id='word_1_188' title='bbox 473 2319 554 2379; x_wconf 89' lang='lat' dir='ltr'><strong>Plato</strong></span> <span class='ocrx_word' id='word_1_189' title='bbox 589 2320 753 2380; x_wconf 87' lang='lat' dir='ltr'><strong>tractandas</strong></span> <span class='ocrx_word' id='word_1_190' title='bbox 787 2343 833 2382; x_wconf 92' lang='lat' dir='ltr'><strong>eas</strong></span> <span class='ocrx_word' id='word_1_191' title='bbox 869 2323 998 2399; x_wconf 87' lang='lat' dir='ltr'><strong>censuit,</strong></span> <span class='ocrx_word' id='word_1_192' title='bbox 1029 2343 1090 2380; x_wconf 91' lang='lat' dir='ltr'><strong>non</strong></span> <span class='ocrx_word' id='word_1_193' title='bbox 1118 2322 1245 2401; x_wconf 68' lang='lat' dir='ltr'><strong>ipsarum</strong></span> <span class='ocrx_word' id='word_1_194' title='bbox 1284 2366 1292 2380; x_wconf 88' lang='lat'>.</span> 
     </span>
     <span class='ocr_line' id='line_1_22' title="bbox 49 2403 1238 2501; baseline 0.002 -27"><span class='ocrx_word' id='word_1_195' title='bbox 49 2415 137 2491; x_wconf 74' lang='lat' dir='ltr'><strong>ausa,</strong></span> <span class='ocrx_word' id='word_1_196' title='bbox 167 2439 222 2478; x_wconf 91' lang='lat' dir='ltr'><strong>nec</strong></span> <span class='ocrx_word' id='word_1_197' title='bbox 252 2439 321 2480; x_wconf 88' lang='lat' dir='ltr'><strong>vero</strong></span> <span class='ocrx_word' id='word_1_198' title='bbox 347 2403 460 2492; x_wconf 78' lang='lat' dir='ltr'><strong>solum,</strong></span> <span class='ocrx_word' id='word_1_199' title='bbox 491 2431 523 2476; x_wconf 93' lang='lat' dir='ltr'><strong>ut</strong></span> <span class='ocrx_word' id='word_1_200' title='bbox 552 2417 638 2478; x_wconf 89' lang='lat' dir='ltr'><strong>rebus</strong></span> <span class='ocrx_word' id='word_1_201' title='bbox 668 2419 797 2500; x_wconf 82' lang='lat' dir='ltr'><strong>physicis</strong></span> <span class='ocrx_word' id='word_1_202' title='bbox 817 2420 999 2501; x_wconf 88' lang='lat' dir='ltr'><strong>explicandis</strong></span> <span class='ocrx_word' id='word_1_203' title='bbox 1017 2418 1238 2496; x_wconf 87' lang='lat' dir='ltr'><strong>adhiberentur,</strong></span> 
     </span>
     <span class='ocr_line' id='line_1_23' title="bbox 46 2510 1245 2604; baseline 0.005 -34"><span class='ocrx_word' id='word_1_204' title='bbox 46 2510 81 2570; x_wconf 82' lang='lat' dir='ltr'><strong>set</strong></span> <span class='ocrx_word' id='word_1_205' title='bbox 105 2517 230 2576; x_wconf 89' lang='lat' dir='ltr'><strong>omnium</strong></span> <span class='ocrx_word' id='word_1_206' title='bbox 259 2518 402 2591; x_wconf 82' lang='lat' dir='ltr'><strong>maxime,</strong></span> <span class='ocrx_word' id='word_1_207' title='bbox 433 2528 464 2574; x_wconf 90' lang='lat' dir='ltr'><strong>nt</strong></span> <span class='ocrx_word' id='word_1_208' title='bbox 492 2517 679 2576; x_wconf 88' lang='lat' dir='ltr'><strong>erudirentur</strong></span> <span class='ocrx_word' id='word_1_209' title='bbox 706 2518 743 2576; x_wconf 90' lang='lat' dir='ltr'><strong>iis</strong></span> <span class='ocrx_word' id='word_1_210' title='bbox 766 2519 885 2598; x_wconf 84' lang='lat' dir='ltr'><strong>ingenia</strong></span> <span class='ocrx_word' id='word_1_211' title='bbox 902 2521 1073 2604; x_wconf 74' lang='lat' dir='ltr'><strong>juvenum,</strong></span> <span class='ocrx_word' id='word_1_212' title='bbox 1095 2531 1146 2592; x_wconf 90' lang='lat' dir='ltr'><strong>ut,</strong></span> <span class='ocrx_word' id='word_1_213' title='bbox 1166 2515 1245 2596; x_wconf 89' lang='lat' dir='ltr'><strong>quod</strong></span> 
     </span>
     <span class='ocr_line' id='line_1_24' title="bbox 46 2606 1244 2696; baseline 0.004 -27"><span class='ocrx_word' id='word_1_214' title='bbox 46 2606 190 2674; x_wconf 84' lang='lat' dir='ltr'><strong>inertibus</strong></span> <span class='ocrx_word' id='word_1_215' title='bbox 218 2614 373 2696; x_wconf 89' lang='lat' dir='ltr'><strong>pulcrum,</strong></span> <span class='ocrx_word' id='word_1_216' title='bbox 402 2615 434 2674; x_wconf 89' lang='lat' dir='ltr'><strong>in</strong></span> <span class='ocrx_word' id='word_1_217' title='bbox 461 2613 565 2674; x_wconf 91' lang='lat' dir='ltr'><strong>officiis</strong></span> <span class='ocrx_word' id='word_1_218' title='bbox 592 2615 775 2694; x_wconf 85' lang='lat' dir='ltr'><strong>moribusque</strong></span> <span class='ocrx_word' id='word_1_219' title='bbox 803 2615 953 2676; x_wconf 88' lang='lat' dir='ltr'><strong>honestum</strong></span> <span class='ocrx_word' id='word_1_220' title='bbox 982 2631 1053 2676; x_wconf 89' lang='lat' dir='ltr'><strong>esset</strong></span> <span class='ocrx_word' id='word_1_221' title='bbox 1071 2630 1099 2675; x_wconf 88' lang='lat' dir='ltr'><strong>et</strong></span> <span class='ocrx_word' id='word_1_222' title='bbox 1116 2616 1244 2690; x_wconf 90' lang='lat' dir='ltr'><strong>honum,</strong></span> 
     </span>
     <span class='ocr_line' id='line_1_25' title="bbox 47 2713 1314 2795; baseline 0.008 -34"><span class='ocrx_word' id='word_1_223' title='bbox 47 2724 239 2788; x_wconf 84' lang='lat' dir='ltr'><strong>assequerentur</strong></span> <span class='ocrx_word' id='word_1_224' title='bbox 267 2713 371 2788; x_wconf 90' lang='lat' dir='ltr'><strong>facile,</strong></span> <span class='ocrx_word' id='word_1_225' title='bbox 400 2725 448 2788; x_wconf 92' lang='lat' dir='ltr'><strong>ut,</strong></span> <span class='ocrx_word' id='word_1_226' title='bbox 477 2715 602 2774; x_wconf 85' lang='lat' dir='ltr'><strong>excitato</strong></span> <span class='ocrx_word' id='word_1_227' title='bbox 631 2728 807 2795; x_wconf 84' lang='lat' dir='ltr'><strong>purgatoque</strong></span> <span class='ocrx_word' id='word_1_228' title='bbox 837 2717 927 2774; x_wconf 76' lang='lat' dir='ltr'><strong>enirm</strong></span> <span class='ocrx_word' id='word_1_229' title='bbox 956 2715 1059 2790; x_wconf 91' lang='lat' dir='ltr'><strong>oculo,</strong></span> <span class='ocrx_word' id='word_1_230' title='bbox 1078 2736 1183 2773; x_wconf 83' lang='lat' dir='ltr'><strong>verum</strong></span> <span class='ocrx_word' id='word_1_231' title='bbox 1211 2713 1244 2772; x_wconf 91' lang='lat' dir='ltr'><strong>in</strong></span> <span class='ocrx_word' id='word_1_232' title='bbox 1298 2750 1314 2779; x_wconf 89' lang='lat'><strong>·.·</strong></span> 
     </span>
     <span class='ocr_line' id='line_1_26' title="bbox 50 2801 1245 2893; baseline 0.011 -36"><span class='ocrx_word' id='word_1_233' title='bbox 50 2801 115 2865; x_wconf 87' lang='lat' dir='ltr'><strong>rebus</strong></span> <span class='ocrx_word' id='word_1_234' title='bbox 137 2811 273 2872; x_wconf 89' lang='lat' dir='ltr'><strong>omnibus</strong></span> <span class='ocrx_word' id='word_1_235' title='bbox 283 2858 292 2886; x_wconf 92' lang='lat'><strong>,</strong></span> <span class='ocrx_word' id='word_1_236' title='bbox 323 2813 451 2893; x_wconf 85' lang='lat' dir='ltr'><strong>pulcris,</strong></span> <span class='ocrx_word' id='word_1_237' title='bbox 471 2812 557 2872; x_wconf 90' lang='lat' dir='ltr'><strong>bonis</strong></span> <span class='ocrx_word' id='word_1_238' title='bbox 567 2859 576 2888; x_wconf 91' lang='lat'><strong>,</strong></span> <span class='ocrx_word' id='word_1_239' title='bbox 593 2814 697 2890; x_wconf 87' lang='lat' dir='ltr'><strong>justis,</strong></span> <span class='ocrx_word' id='word_1_240' title='bbox 718 2826 832 2892; x_wconf 89' lang='lat' dir='ltr'><strong>tamque</strong></span> <span class='ocrx_word' id='word_1_241' title='bbox 850 2814 961 2876; x_wconf 81' lang='lat' dir='ltr'><strong>divinis</strong></span> <span class='ocrx_word' id='word_1_242' title='bbox 981 2814 1061 2888; x_wconf 90' lang='lat' dir='ltr'><strong>illis,</strong></span> <span class='ocrx_word' id='word_1_243' title='bbox 1082 2835 1167 2893; x_wconf 91' lang='lat' dir='ltr'><strong>qnam</strong></span> <span class='ocrx_word' id='word_1_244' title='bbox 1187 2811 1245 2871; x_wconf 92' lang='lat' dir='ltr'><strong>hu-</strong></span> 
     </span>
     <span class='ocr_line' id='line_1_27' title="bbox 49 2905 1245 2992; baseline 0.008 -34"><span class='ocrx_word' id='word_1_245' title='bbox 49 2905 133 2980; x_wconf 85' lang='lat' dir='ltr'><strong>manis,</strong></span> <span class='ocrx_word' id='word_1_246' title='bbox 159 2912 245 2988; x_wconf 90' lang='lat' dir='ltr'><strong>qnasi</strong></span> <span class='ocrx_word' id='word_1_247' title='bbox 274 2910 456 2991; x_wconf 85' lang='lat' dir='ltr'><strong>adspicerent</strong></span> <span class='ocrx_word' id='word_1_248' title='bbox 485 2924 590 2971; x_wconf 91' lang='lat' dir='ltr'><strong>mente.</strong></span> <span class='ocrx_word' id='word_1_249' title='bbox 632 2912 695 2984; x_wconf 81' lang='lat' dir='ltr'><strong>Hoc</strong></span> <span class='ocrx_word' id='word_1_250' title='bbox 721 2911 942 2992; x_wconf 88' lang='lat' dir='ltr'><strong>disciplinarum</strong></span> <span class='ocrx_word' id='word_1_251' title='bbox 964 2913 1245 2986; x_wconf 77' lang='lat' dir='ltr'><strong>mathematicasunt,</strong></span> 
     </span>
     <span class='ocr_line' id='line_1_28' title="bbox 47 2997 1245 3091; baseline 0.005 -31"><span class='ocrx_word' id='word_1_252' title='bbox 47 2997 75 3056; x_wconf 87' lang='lat' dir='ltr'><strong>dc</strong></span> <span class='ocrx_word' id='word_1_253' title='bbox 97 3004 216 3068; x_wconf 86' lang='lat' dir='ltr'><strong>Platonis</strong></span> <span class='ocrx_word' id='word_1_254' title='bbox 246 3011 409 3085; x_wconf 87' lang='lat' dir='ltr'><strong>sententia,</strong></span> <span class='ocrx_word' id='word_1_255' title='bbox 439 3031 579 3070; x_wconf 88' lang='lat' dir='ltr'><strong>summum</strong></span> <span class='ocrx_word' id='word_1_256' title='bbox 607 3011 783 3091; x_wconf 86' lang='lat' dir='ltr'><strong>propositum</strong></span> <span class='ocrx_word' id='word_1_257' title='bbox 812 3026 867 3070; x_wconf 91' lang='lat' dir='ltr'><strong>est:</strong></span> <span class='ocrx_word' id='word_1_258' title='bbox 894 3011 927 3070; x_wconf 89' lang='lat' dir='ltr'><strong>id</strong></span> <span class='ocrx_word' id='word_1_259' title='bbox 946 3032 1014 3072; x_wconf 81' lang='lat' dir='ltr'><strong>vero</strong></span> <span class='ocrx_word' id='word_1_260' title='bbox 1032 3009 1166 3072; x_wconf 89' lang='lat' dir='ltr'><strong>ommibus</strong></span> <span class='ocrx_word' id='word_1_261' title='bbox 1185 3009 1245 3067; x_wconf 91' lang='lat' dir='ltr'><strong>fere</strong></span> 
     </span>
     <span class='ocr_line' id='line_1_29' title="bbox 47 3096 1246 3175; baseline 0.005 -15"><span class='ocrx_word' id='word_1_262' title='bbox 47 3096 118 3175; x_wconf 84' lang='lat' dir='ltr'><strong>ipsius</strong></span> <span class='ocrx_word' id='word_1_263' title='bbox 139 3120 228 3166; x_wconf 85' lang='lat' dir='ltr'><strong>aetate</strong></span> <span class='ocrx_word' id='word_1_264' title='bbox 259 3128 366 3169; x_wconf 83' lang='lat' dir='ltr'><strong>novum</strong></span> <span class='ocrx_word' id='word_1_265' title='bbox 395 3107 544 3168; x_wconf 89' lang='lat' dir='ltr'><strong>accidebat</strong></span> <span class='ocrx_word' id='word_1_266' title='bbox 573 3121 601 3166; x_wconf 88' lang='lat' dir='ltr'><strong>et</strong></span> <span class='ocrx_word' id='word_1_267' title='bbox 626 3108 799 3168; x_wconf 90' lang='lat' dir='ltr'><strong>inauditnm.</strong></span> <span class='ocrx_word' id='word_1_268' title='bbox 841 3108 899 3169; x_wconf 89' lang='lat' dir='ltr'><strong>Sed</strong></span> <span class='ocrx_word' id='word_1_269' title='bbox 917 3110 987 3170; x_wconf 90' lang='lat' dir='ltr'><strong>haec</strong></span> <span class='ocrx_word' id='word_1_270' title='bbox 1006 3108 1043 3170; x_wconf 91' lang='lat' dir='ltr'><strong>de</strong></span> <span class='ocrx_word' id='word_1_271' title='bbox 1061 3108 1165 3168; x_wconf 87' lang='lat' dir='ltr'><strong>studiis</strong></span> <span class='ocrx_word' id='word_1_272' title='bbox 1183 3128 1246 3167; x_wconf 87' lang='lat' dir='ltr'><strong>ma-</strong></span> 
     </span>
     <span class='ocr_line' id='line_1_30' title="bbox 47 3191 1206 3288; baseline 0.013 -35"><span class='ocrx_word' id='word_1_273' title='bbox 47 3194 180 3264; x_wconf 87' lang='lat' dir='ltr'><strong>thematicis</strong></span> <span class='ocrx_word' id='word_1_274' title='bbox 197 3203 364 3284; x_wconf 64' lang='lat' dir='ltr'><strong>suffiiant5</strong></span> <span class='ocrx_word' id='word_1_275' title='bbox 387 3228 467 3268; x_wconf 89' lang='lat' dir='ltr'><strong>nunc</strong></span> <span class='ocrx_word' id='word_1_276' title='bbox 486 3206 669 3267; x_wconf 88' lang='lat' dir='ltr'><strong>dialecticam</strong></span> <span class='ocrx_word' id='word_1_277' title='bbox 684 3228 895 3288; x_wconf 86' lang='lat' dir='ltr'><strong>persequamur.</strong></span> <span class='ocrx_word' id='word_1_278' title='bbox 1203 3191 1206 3196; x_wconf 25' lang='grc' dir='ltr'>Ι</span> 
     </span>
    </p>
   </div>
   <div class='ocr_carea' id='block_1_3' title="bbox 47 3349 274 3372">
    <p class='ocr_par' dir='ltr' id='par_1_3' title="bbox 47 3349 274 3372">
     <span class='ocr_line' id='line_1_31' title="bbox 47 3349 274 3372; baseline 0 0"><span class='ocrx_word' id='word_1_279' title='bbox 47 3349 274 3372; x_wconf 35' lang='lat' dir='ltr'><strong>*Q*</strong></span> 
     </span>
    </p>
   </div>
   <div class='ocr_carea' id='block_1_4' title="bbox 69 3435 450 3518">
    <p class='ocr_par' dir='ltr' id='par_1_4' title="bbox 69 3435 450 3518">
     <span class='ocr_line' id='line_1_32' title="bbox 69 3435 450 3518; baseline 0 -14"><span class='ocrx_word' id='word_1_280' title='bbox 69 3435 450 3518; x_wconf 49' lang='lat' dir='ltr'><strong>tmmmmc·</strong></span> 
     </span>
    </p>
   </div>
   <div class='ocr_carea' id='block_1_5' title="bbox 0 0 1424 5120">
    <p class='ocr_par' dir='ltr' id='par_1_5' title="bbox 0 0 1424 5120">
     <span class='ocr_line' id='line_1_33' title="bbox 0 0 1424 5120; baseline 0 0"><span class='ocrx_word' id='word_1_281' title='bbox 0 0 1424 5120; x_wconf 95' lang='lat' dir='ltr'><strong> </strong></span> 
     </span>
    </p>
   </div>
  </div>
 </body>
</html>
