<?xml version="1.0" encoding="UTF-8"?>
<!DOCTYPE html PUBLIC "-//W3C//DTD XHTML 1.0 Transitional//EN"
    "http://www.w3.org/TR/xhtml1/DTD/xhtml1-transitional.dtd">
<html xmlns="http://www.w3.org/1999/xhtml" xml:lang="en" lang="en">
 <head>
  <title>
</title>
<meta http-equiv="Content-Type" content="text/html;charset=utf-8" />
  <meta name='ocr-system' content='tesseract 3.04.00' />
  <meta name='ocr-capabilities' content='ocr_page ocr_carea ocr_par ocr_line ocrx_word'/>
</head>
<body>
  <div class='ocr_page' id='page_1' title='image "./initiaphilosoph02heusgoog_0484.png"; bbox 0 0 2886 5118; ppageno 0'>
   <div class='ocr_carea' id='block_1_1' title="bbox 665 256 1148 338">
    <p class='ocr_par' dir='ltr' id='par_1_1' title="bbox 665 256 1148 365">
     <span class='ocr_line' id='line_1_1' title="bbox 665 256 1148 338; baseline -0.019 0"><span class='ocrx_word' id='word_1_1' title='bbox 665 278 724 338; x_wconf 83' lang='grc' dir='ltr'><strong>ιιι</strong></span> <span class='ocrx_word' id='word_1_2' title='bbox 1099 260 1106 275; x_wconf 90' lang='grc'><strong><em>·</em></strong></span> <span class='ocrx_word' id='word_1_3' title='bbox 1136 256 1148 265; x_wconf 90' lang='grc'><strong>“</strong></span> 
     </span>
    </p>
   </div>
   <div class='ocr_carea' id='block_1_2' title="bbox 79 435 1347 527">
    <p class='ocr_par' dir='ltr' id='par_1_2' title="bbox 79 435 1347 527">
     <span class='ocr_line' id='line_1_2' title="bbox 79 435 1347 527; baseline -0.007 -25"><span class='ocrx_word' id='word_1_4' title='bbox 79 443 181 515; x_wconf 85' lang='lat' dir='ltr'><strong>decus,</strong></span> <span class='ocrx_word' id='word_1_5' title='bbox 205 441 441 522; x_wconf 86' lang='lat' dir='ltr'><strong>gravissimasque</strong></span> <span class='ocrx_word' id='word_1_6' title='bbox 461 453 525 521; x_wconf 81' lang='lat' dir='ltr'><strong>post</strong></span> <span class='ocrx_word' id='word_1_7' title='bbox 546 441 636 502; x_wconf 83' lang='lat' dir='ltr'><strong>uitam</strong></span> <span class='ocrx_word' id='word_1_8' title='bbox 655 455 770 521; x_wconf 76' lang='lat' dir='ltr'><strong>poenas.</strong></span> <span class='ocrx_word' id='word_1_9' title='bbox 812 440 926 498; x_wconf 82' lang='lat' dir='ltr'><strong>Praeter</strong></span> <span class='ocrx_word' id='word_1_10' title='bbox 944 437 1013 496; x_wconf 86' lang='lat' dir='ltr'><strong>haec</strong></span> <span class='ocrx_word' id='word_1_11' title='bbox 1030 435 1190 527; x_wconf 72' lang='lat' dir='ltr'><strong>considera</strong></span> <span class='ocrx_word' id='word_1_12' title='bbox 1203 437 1288 499; x_wconf 84' lang='lat' dir='ltr'><strong>etiam</strong></span> <span class='ocrx_word' id='word_1_13' title='bbox 1299 481 1307 509; x_wconf 89' lang='lat'><strong>,</strong></span> <span class='ocrx_word' id='word_1_14' title='bbox 1329 444 1347 459; x_wconf 83' lang='lat'><strong>&#39;¹</strong></span> 
     </span>
    </p>
   </div>
   <div class='ocr_carea' id='block_1_3' title="bbox 79 535 1413 620">
    <p class='ocr_par' dir='ltr' id='par_1_3' title="bbox 79 535 1413 620">
     <span class='ocr_line' id='line_1_3' title="bbox 79 535 1413 620; baseline -0.007 -20"><span class='ocrx_word' id='word_1_15' title='bbox 79 539 222 615; x_wconf 74' lang='lat' dir='ltr'><strong>Socrates,</strong></span> <span class='ocrx_word' id='word_1_16' title='bbox 251 537 335 598; x_wconf 91' lang='lat' dir='ltr'><strong>aliud</strong></span> <span class='ocrx_word' id='word_1_17' title='bbox 359 536 507 617; x_wconf 82' lang='lat' dir='ltr'><strong>quoddam</strong></span> <span class='ocrx_word' id='word_1_18' title='bbox 534 539 674 598; x_wconf 85' lang='lat' dir='ltr'><strong>orationis</strong></span> <span class='ocrx_word' id='word_1_19' title='bbox 691 559 798 620; x_wconf 74' lang='lat' dir='ltr'><strong>genus,</strong></span> <span class='ocrx_word' id='word_1_20' title='bbox 827 557 884 615; x_wconf 90' lang='lat' dir='ltr'><strong>quo</strong></span> <span class='ocrx_word' id='word_1_21' title='bbox 902 555 1018 610; x_wconf 88' lang='lat' dir='ltr'><strong>omnes,</strong></span> <span class='ocrx_word' id='word_1_22' title='bbox 1037 535 1068 594; x_wconf 76' lang='lat' dir='ltr'><strong>iu</strong></span> <span class='ocrx_word' id='word_1_23' title='bbox 1087 535 1189 616; x_wconf 86' lang='lat' dir='ltr'><strong>primis</strong></span> <span class='ocrx_word' id='word_1_24' title='bbox 1207 541 1307 615; x_wconf 71' lang='lat' dir='ltr'><strong>poetae</strong></span> <span class='ocrx_word' id='word_1_25' title='bbox 1408 563 1413 574; x_wconf 76' lang='lat'><strong>,</strong></span> 
     </span>
    </p>
   </div>
   <div class='ocr_carea' id='block_1_4' title="bbox 6 632 1370 4264">
    <p class='ocr_par' dir='ltr' id='par_1_4' title="bbox 6 632 1370 4264">
     <span class='ocr_line' id='line_1_4' title="bbox 80 632 1308 716; baseline -0.007 -18"><span class='ocrx_word' id='word_1_26' title='bbox 80 642 213 714; x_wconf 86' lang='lat' dir='ltr'><strong>uturitur,</strong></span> <span class='ocrx_word' id='word_1_27' title='bbox 234 637 285 696; x_wconf 83' lang='lat' dir='ltr'><strong>ubi</strong></span> <span class='ocrx_word' id='word_1_28' title='bbox 305 637 343 696; x_wconf 91' lang='lat' dir='ltr'><strong>de</strong></span> <span class='ocrx_word' id='word_1_29' title='bbox 357 637 471 714; x_wconf 78' lang='lat' dir='ltr'><strong>justitia</strong></span> <span class='ocrx_word' id='word_1_30' title='bbox 490 648 576 716; x_wconf 80' lang='lat' dir='ltr'><strong>atque</strong></span> <span class='ocrx_word' id='word_1_31' title='bbox 595 637 740 723; x_wconf 74' lang='lat' dir='ltr'><strong>injustitia</strong></span> <span class='ocrx_word' id='word_1_32' title='bbox 766 649 865 716; x_wconf 49' lang='lat' dir='ltr'><strong>aptant.</strong></span> <span class='ocrx_word' id='word_1_33' title='bbox 906 635 1047 704; x_wconf 82' lang='lat' dir='ltr'><strong>Uniyersi</strong></span> <span class='ocrx_word' id='word_1_34' title='bbox 1074 632 1152 692; x_wconf 91' lang='lat' dir='ltr'><strong>enim</strong></span> <span class='ocrx_word' id='word_1_35' title='bbox 1165 635 1242 690; x_wconf 90' lang='lat' dir='ltr'><strong>uno</strong></span> <span class='ocrx_word' id='word_1_36' title='bbox 1260 651 1308 690; x_wconf 85' lang='lat' dir='ltr'><strong>ore</strong></span> 
     </span>
     <span class='ocr_line' id='line_1_5' title="bbox 78 725 1315 818; baseline -0.006 -22"><span class='ocrx_word' id='word_1_37' title='bbox 78 751 203 818; x_wconf 77' lang='lat' dir='ltr'><strong>canunt,</strong></span> <span class='ocrx_word' id='word_1_38' title='bbox 233 737 304 796; x_wconf 86' lang='lat' dir='ltr'><strong>boni</strong></span> <span class='ocrx_word' id='word_1_39' title='bbox 333 725 406 816; x_wconf 89' lang='lat' dir='ltr'><strong>quid</strong></span> <span class='ocrx_word' id='word_1_40' title='bbox 434 737 667 816; x_wconf 74' lang='lat' dir='ltr'><strong>temperantiam</strong></span> <span class='ocrx_word' id='word_1_41' title='bbox 680 748 766 814; x_wconf 88' lang='lat' dir='ltr'><strong>atque</strong></span> <span class='ocrx_word' id='word_1_42' title='bbox 787 733 931 813; x_wconf 83' lang='lat' dir='ltr'><strong>justitiam</strong></span> <span class='ocrx_word' id='word_1_43' title='bbox 951 746 1030 807; x_wconf 83' lang='lat' dir='ltr'><strong>esse,</strong></span> <span class='ocrx_word' id='word_1_44' title='bbox 1036 729 1173 793; x_wconf 86' lang='lat' dir='ltr'><strong>difficile</strong></span> <span class='ocrx_word' id='word_1_45' title='bbox 1194 751 1263 792; x_wconf 87' lang='lat' dir='ltr'><strong>vero</strong></span> <span class='ocrx_word' id='word_1_46' title='bbox 1282 737 1315 788; x_wconf 80' lang='lat' dir='ltr'><strong>et·</strong></span> 
     </span>
     <span class='ocr_line' id='line_1_6' title="bbox 78 778 1310 943; baseline -0.001 -50"><span class='ocrx_word' id='word_1_47' title='bbox 78 832 263 912; x_wconf 81' lang='lat' dir='ltr'><strong>laboriosum3</strong></span> <span class='ocrx_word' id='word_1_48' title='bbox 290 835 544 943; x_wconf 66' lang='lat' dir='ltr'><strong>intemperantiam</strong></span> <span class='ocrx_word' id='word_1_49' title='bbox 576 855 644 894; x_wconf 84' lang='lat' dir='ltr'><strong>vero</strong></span> <span class='ocrx_word' id='word_1_50' title='bbox 674 848 702 893; x_wconf 86' lang='lat' dir='ltr'><strong>et</strong></span> <span class='ocrx_word' id='word_1_51' title='bbox 730 833 925 911; x_wconf 80' lang='lat' dir='ltr'><strong>injustitiam,</strong></span> <span class='ocrx_word' id='word_1_52' title='bbox 949 778 1115 907; x_wconf 64' lang='lat' dir='ltr'><strong>jucundum</strong></span> <span class='ocrx_word' id='word_1_53' title='bbox 1143 810 1262 907; x_wconf 73' lang='lat' dir='ltr'><strong>qdidem</strong></span> <span class='ocrx_word' id='word_1_54' title='bbox 1281 841 1310 892; x_wconf 66' lang='lat' dir='ltr'><strong>rt</strong></span> 
     </span>
     <span class='ocr_line' id='line_1_7' title="bbox 77 926 1340 1014; baseline -0.009 -19"><span class='ocrx_word' id='word_1_55' title='bbox 77 933 160 997; x_wconf 71' lang='lat' dir='ltr'><strong>uotae</strong></span> <span class='ocrx_word' id='word_1_56' title='bbox 181 945 377 1014; x_wconf 86' lang='lat' dir='ltr'><strong>comparatu,</strong></span> <span class='ocrx_word' id='word_1_57' title='bbox 402 933 541 1012; x_wconf 89' lang='lat' dir='ltr'><strong>opinione</strong></span> <span class='ocrx_word' id='word_1_58' title='bbox 561 941 630 1005; x_wconf 68' lang='lat' dir='ltr'><strong>uero</strong></span> <span class='ocrx_word' id='word_1_59' title='bbox 647 953 692 990; x_wconf 86' lang='lat' dir='ltr'><strong>ae</strong></span> <span class='ocrx_word' id='word_1_60' title='bbox 711 933 772 1012; x_wconf 82' lang='lat' dir='ltr'><strong>lege</strong></span> <span class='ocrx_word' id='word_1_61' title='bbox 798 945 893 1012; x_wconf 81' lang='lat' dir='ltr'><strong>turpe.</strong></span> <span class='ocrx_word' id='word_1_62' title='bbox 935 931 1084 1007; x_wconf 76' lang='lat' dir='ltr'><strong>Caeterum</strong></span> <span class='ocrx_word' id='word_1_63' title='bbox 1112 927 1220 1006; x_wconf 74' lang='lat' dir='ltr'><strong>iniusta</strong></span> <span class='ocrx_word' id='word_1_64' title='bbox 1248 926 1309 984; x_wconf 76' lang='lat' dir='ltr'><strong>fere</strong></span> <span class='ocrx_word' id='word_1_65' title='bbox 1336 935 1340 945; x_wconf 92' lang='grc'><em>“</em></span> 
     </span>
     <span class='ocr_line' id='line_1_8' title="bbox 6 1028 1310 1107; baseline -0.007 -16"><span class='ocrx_word' id='word_1_66' title='bbox 6 1093 7 1096; x_wconf 64' lang='grc'>,</span> <span class='ocrx_word' id='word_1_67' title='bbox 77 1033 191 1095; x_wconf 59' lang='grc' dir='ltr'>ιιιίἰιᾱιι</span> <span class='ocrx_word' id='word_1_68' title='bbox 212 1053 270 1091; x_wconf 89' lang='lat' dir='ltr'><strong>esse</strong></span> <span class='ocrx_word' id='word_1_69' title='bbox 286 1029 391 1092; x_wconf 77' lang='lat' dir='ltr'><strong>dieunt</strong></span> <span class='ocrx_word' id='word_1_70' title='bbox 405 1031 512 1107; x_wconf 75' lang='lat' dir='ltr'><strong>justis,</strong></span> <span class='ocrx_word' id='word_1_71' title='bbox 531 1029 671 1090; x_wconf 56' lang='lat' dir='ltr'><strong>armatus</strong></span> <span class='ocrx_word' id='word_1_72' title='bbox 687 1028 839 1104; x_wconf 73' lang='lat' dir='ltr'><strong>homines„</strong></span> <span class='ocrx_word' id='word_1_73' title='bbox 859 1029 881 1087; x_wconf 90' lang='lat' dir='ltr'><strong>si</strong></span> <span class='ocrx_word' id='word_1_74' title='bbox 902 1028 1017 1088; x_wconf 78' lang='lat' dir='ltr'><strong>divites·</strong></span> <span class='ocrx_word' id='word_1_75' title='bbox 1030 1039 1105 1084; x_wconf 83' lang='lat' dir='ltr'><strong>suut·</strong></span> <span class='ocrx_word' id='word_1_76' title='bbox 1118 1043 1149 1084; x_wconf 87' lang='lat' dir='ltr'><strong>ac</strong></span> <span class='ocrx_word' id='word_1_77' title='bbox 1169 1037 1310 1106; x_wconf 86' lang='lat' dir='ltr'><strong>potentes,</strong></span> 
     </span>
     <span class='ocr_line' id='line_1_9' title="bbox 76 1125 1310 1212; baseline -0.007 -22"><span class='ocrx_word' id='word_1_78' title='bbox 76 1129 171 1190; x_wconf 85' lang='lat' dir='ltr'><strong>beatos</strong></span> <span class='ocrx_word' id='word_1_79' title='bbox 189 1129 379 1212; x_wconf 65' lang='lat' dir='ltr'><strong>praedicant,</strong></span> <span class='ocrx_word' id='word_1_80' title='bbox 399 1129 509 1203; x_wconf 78' lang='lat' dir='ltr'><strong>boues,</strong></span> <span class='ocrx_word' id='word_1_81' title='bbox 537 1129 561 1187; x_wconf 90' lang='lat' dir='ltr'><strong>si</strong></span> <span class='ocrx_word' id='word_1_82' title='bbox 580 1126 793 1190; x_wconf 72' lang='lat' dir='ltr'><strong>imbecilius&#39;ac</strong></span> <span class='ocrx_word' id='word_1_83' title='bbox 820 1143 964 1208; x_wconf 80' lang='lat' dir='ltr'><strong>pauperes</strong></span> <span class='ocrx_word' id='word_1_84' title='bbox 991 1137 1077 1198; x_wconf 86' lang='lat' dir='ltr'><strong>sunt,</strong></span> <span class='ocrx_word' id='word_1_85' title='bbox 1107 1125 1225 1187; x_wconf 87' lang='lat' dir='ltr'><strong>miseros</strong></span> <span class='ocrx_word' id='word_1_86' title='bbox 1256 1126 1310 1182; x_wconf 86' lang='lat' dir='ltr'><strong>vo&#39;-</strong></span> 
     </span>
     <span class='ocr_line' id='line_1_10' title="bbox 77 1219 1312 1306; baseline -0.006 -21"><span class='ocrx_word' id='word_1_87' title='bbox 77 1240 149 1287; x_wconf 89' lang='lat' dir='ltr'><strong>cant.</strong></span> <span class='ocrx_word' id='word_1_88' title='bbox 191 1229 302 1286; x_wconf 84' lang='lat' dir='ltr'><strong>Mirum</strong></span> <span class='ocrx_word' id='word_1_89' title='bbox 322 1241 417 1288; x_wconf 87' lang='lat' dir='ltr'><strong>autem</strong></span> <span class='ocrx_word' id='word_1_90' title='bbox 436 1227 580 1301; x_wconf 79' lang='lat' dir='ltr'><strong>maxime,</strong></span> <span class='ocrx_word' id='word_1_91' title='bbox 596 1227 678 1306; x_wconf 69' lang='lat' dir='ltr'><strong>‚quod</strong></span> <span class='ocrx_word' id='word_1_92' title='bbox 697 1225 734 1285; x_wconf 94' lang='lat' dir='ltr'><strong>de</strong></span> <span class='ocrx_word' id='word_1_93' title='bbox 752 1227 815 1286; x_wconf 91' lang='lat' dir='ltr'><strong>Diis</strong></span> <span class='ocrx_word' id='word_1_94' title='bbox 834 1245 866 1284; x_wconf 85' lang='lat' dir='ltr'><strong>ae</strong></span> <span class='ocrx_word' id='word_1_95' title='bbox 887 1225 994 1283; x_wconf 89' lang='lat' dir='ltr'><strong>virtute</strong></span> <span class='ocrx_word' id='word_1_96' title='bbox 1014 1225 1116 1300; x_wconf 83' lang='lat' dir='ltr'><strong>ajunt,</strong></span> <span class='ocrx_word' id='word_1_97' title='bbox 1147 1223 1222 1282; x_wconf 81' lang='lat' dir='ltr'><strong>Deos</strong></span> <span class='ocrx_word' id='word_1_98' title='bbox 1242 1219 1312 1302; x_wconf 91' lang='lat' dir='ltr'><strong>plu-</strong></span> 
     </span>
     <span class='ocr_line' id='line_1_11' title="bbox 77 1319 1330 1404; baseline -0.006 -22"><span class='ocrx_word' id='word_1_99' title='bbox 77 1325 153 1384; x_wconf 83' lang='lat' dir='ltr'><strong>rimis</strong></span> <span class='ocrx_word' id='word_1_100' title='bbox 170 1326 259 1390; x_wconf 79' lang='lat' dir='ltr'><strong>bonis</strong></span> <span class='ocrx_word' id='word_1_101' title='bbox 275 1324 446 1384; x_wconf 84' lang='lat' dir='ltr'><strong>hominihus</strong></span> <span class='ocrx_word' id='word_1_102' title='bbox 464 1323 613 1385; x_wconf 79' lang='lat' dir='ltr'><strong>infelicem</strong></span> <span class='ocrx_word' id='word_1_103' title='bbox 634 1325 725 1384; x_wconf 79' lang='lat' dir='ltr'><strong>vitam</strong></span> <span class='ocrx_word' id='word_1_104' title='bbox 739 1319 875 1399; x_wconf 89' lang='lat' dir='ltr'><strong>dedisse,</strong></span> <span class='ocrx_word' id='word_1_105' title='bbox 895 1321 979 1380; x_wconf 89' lang='lat' dir='ltr'><strong>malis</strong></span> <span class='ocrx_word' id='word_1_106' title='bbox 997 1341 1067 1382; x_wconf 79' lang='lat' dir='ltr'><strong>vero</strong></span> <span class='ocrx_word' id='word_1_107' title='bbox 1085 1320 1217 1404; x_wconf 68' lang='lat' dir='ltr'><strong>felicem,</strong></span> <span class='ocrx_word' id='word_1_108' title='bbox 1245 1321 1330 1380; x_wconf 91' lang='lat' dir='ltr'><strong>Cir-.</strong></span> 
     </span>
     <span class='ocr_line' id='line_1_12' title="bbox 78 1417 1312 1505; baseline -0.004 -23"><span class='ocrx_word' id='word_1_109' title='bbox 78 1423 215 1486; x_wconf 84' lang='lat' dir='ltr'><strong>eulatores</strong></span> <span class='ocrx_word' id='word_1_110' title='bbox 233 1425 354 1505; x_wconf 91' lang='lat' dir='ltr'><strong>insuper</strong></span> <span class='ocrx_word' id='word_1_111' title='bbox 373 1435 402 1482; x_wconf 93' lang='lat' dir='ltr'><strong>et</strong></span> <span class='ocrx_word' id='word_1_112' title='bbox 419 1424 502 1482; x_wconf 69' lang='lat' dir='ltr'><strong>rates</strong></span> <span class='ocrx_word' id='word_1_113' title='bbox 518 1423 556 1482; x_wconf 87' lang='lat' dir='ltr'><strong>ad</strong></span> <span class='ocrx_word' id='word_1_114' title='bbox 580 1425 687 1502; x_wconf 86' lang='lat' dir='ltr'><strong>januas</strong></span> <span class='ocrx_word' id='word_1_115' title='bbox 706 1417 833 1483; x_wconf 87' lang='lat' dir='ltr'><strong>divitum</strong></span> <span class='ocrx_word' id='word_1_116' title='bbox 855 1419 1044 1494; x_wconf 70' lang='lat' dir='ltr'><strong>mordenter,</strong></span> <span class='ocrx_word' id='word_1_117' title='bbox 1073 1418 1250 1500; x_wconf 87' lang='lat' dir='ltr'><strong>persuadent</strong></span> <span class='ocrx_word' id='word_1_118' title='bbox 1277 1418 1312 1478; x_wconf 90' lang='lat' dir='ltr'><strong>il-</strong></span> 
     </span>
     <span class='ocr_line' id='line_1_13' title="bbox 77 1515 1315 1598; baseline -0.004 -18"><span class='ocrx_word' id='word_1_119' title='bbox 77 1521 128 1598; x_wconf 89' lang='lat' dir='ltr'><strong>lis,</strong></span> <span class='ocrx_word' id='word_1_120' title='bbox 147 1542 178 1581; x_wconf 87' lang='lat' dir='ltr'><strong>se</strong></span> <span class='ocrx_word' id='word_1_121' title='bbox 197 1522 257 1582; x_wconf 77' lang='lat' dir='ltr'><strong>viria</strong></span> <span class='ocrx_word' id='word_1_122' title='bbox 277 1521 392 1595; x_wconf 70' lang='lat' dir='ltr'><strong>hahere</strong></span> <span class='ocrx_word' id='word_1_123' title='bbox 404 1520 550 1580; x_wconf 82' lang='lat' dir='ltr'><strong>divinitus</strong></span> <span class='ocrx_word' id='word_1_124' title='bbox 574 1521 631 1580; x_wconf 84' lang='lat' dir='ltr'><strong>sibi</strong></span> <span class='ocrx_word' id='word_1_125' title='bbox 652 1537 835 1594; x_wconf 77' lang='lat' dir='ltr'><strong>concessam,</strong></span> <span class='ocrx_word' id='word_1_126' title='bbox 857 1533 888 1578; x_wconf 86' lang='lat' dir='ltr'><strong>ut</strong></span> <span class='ocrx_word' id='word_1_127' title='bbox 907 1519 930 1578; x_wconf 93' lang='lat' dir='ltr'><strong>si</strong></span> <span class='ocrx_word' id='word_1_128' title='bbox 951 1517 1029 1596; x_wconf 89' lang='lat' dir='ltr'><strong>quod</strong></span> <span class='ocrx_word' id='word_1_129' title='bbox 1044 1515 1137 1579; x_wconf 85' lang='lat' dir='ltr'><strong>scelus</strong></span> <span class='ocrx_word' id='word_1_130' title='bbox 1155 1518 1201 1576; x_wconf 78' lang='lat' dir='ltr'><strong>sit·</strong></span> <span class='ocrx_word' id='word_1_131' title='bbox 1211 1537 1315 1598; x_wconf 49' lang='lat' dir='ltr'><strong>perpe«.</strong></span> 
     </span>
     <span class='ocr_line' id='line_1_14' title="bbox 78 1614 1312 1701; baseline -0.004 -23"><span class='ocrx_word' id='word_1_132' title='bbox 78 1631 200 1694; x_wconf 80' lang='lat' dir='ltr'><strong>tratum,</strong></span> <span class='ocrx_word' id='word_1_133' title='bbox 231 1621 350 1701; x_wconf 82' lang='lat' dir='ltr'><strong>expient</strong></span> <span class='ocrx_word' id='word_1_134' title='bbox 371 1618 449 1678; x_wconf 85' lang='lat' dir='ltr'><strong>illud</strong></span> <span class='ocrx_word' id='word_1_135' title='bbox 468 1633 496 1679; x_wconf 89' lang='lat' dir='ltr'><strong>et</strong></span> <span class='ocrx_word' id='word_1_136' title='bbox 515 1623 605 1700; x_wconf 78' lang='lat' dir='ltr'><strong>parto</strong></span> <span class='ocrx_word' id='word_1_137' title='bbox 621 1614 743 1699; x_wconf 82' lang='lat' dir='ltr'><strong>&#39;quidem</strong></span> <span class='ocrx_word' id='word_1_138' title='bbox 762 1632 877 1694; x_wconf 88' lang='lat' dir='ltr'><strong>sumtu,</strong></span> <span class='ocrx_word' id='word_1_139' title='bbox 894 1632 969 1677; x_wconf 78' lang='lat' dir='ltr'><strong>‘tutu</strong></span> <span class='ocrx_word' id='word_1_140' title='bbox 994 1620 1102 1693; x_wconf 81' lang='lat' dir='ltr'><strong>etiam,</strong></span> <span class='ocrx_word' id='word_1_141' title='bbox 1129 1617 1153 1676; x_wconf 90' lang='lat' dir='ltr'><strong>si</strong></span> <span class='ocrx_word' id='word_1_142' title='bbox 1172 1617 1312 1696; x_wconf 69' lang='lat' dir='ltr'><strong>quirini·</strong></span> 
     </span>
     <span class='ocr_line' id='line_1_15' title="bbox 76 1714 1318 1796; baseline -0.003 -20"><span class='ocrx_word' id='word_1_143' title='bbox 76 1719 148 1778; x_wconf 84' lang='lat' dir='ltr'><strong>mito</strong></span> <span class='ocrx_word' id='word_1_144' title='bbox 166 1720 231 1779; x_wconf 82' lang='lat' dir='ltr'><strong>sive</strong></span> <span class='ocrx_word' id='word_1_145' title='bbox 245 1717 403 1796; x_wconf 75' lang='lat' dir='ltr'><strong>justo‘sive</strong></span> <span class='ocrx_word' id='word_1_146' title='bbox 423 1717 532 1794; x_wconf 79' lang='lat' dir='ltr'><strong>injusto</strong></span> <span class='ocrx_word' id='word_1_147' title='bbox 552 1731 655 1776; x_wconf 85' lang='lat' dir='ltr'><strong>nocere</strong></span> <span class='ocrx_word' id='word_1_148' title='bbox 676 1716 768 1792; x_wconf 88' lang='lat' dir='ltr'><strong>velit,</strong></span> <span class='ocrx_word' id='word_1_149' title='bbox 787 1737 817 1775; x_wconf 84' lang='lat' dir='ltr'><strong>se</strong></span> <span class='ocrx_word' id='word_1_150' title='bbox 836 1714 868 1775; x_wconf 95' lang='lat' dir='ltr'><strong>id</strong></span> <span class='ocrx_word' id='word_1_151' title='bbox 888 1717 992 1776; x_wconf 85' lang='lat' dir='ltr'><strong>faeere.</strong></span> <span class='ocrx_word' id='word_1_152' title='bbox 1034 1721 1174 1777; x_wconf 68' lang='lat' dir='ltr'><strong>usserunt</strong></span> <span class='ocrx_word' id='word_1_153' title='bbox 1192 1715 1318 1796; x_wconf 66' lang='lat' dir='ltr'><strong>quippe,</strong></span> 
     </span>
     <span class='ocr_line' id='line_1_16' title="bbox 76 1811 1313 1892; baseline -0.003 -16"><span class='ocrx_word' id='word_1_154' title='bbox 76 1819 145 1876; x_wconf 90' lang='lat' dir='ltr'><strong>Deos</strong></span> <span class='ocrx_word' id='word_1_155' title='bbox 165 1837 197 1876; x_wconf 89' lang='lat' dir='ltr'><strong>se</strong></span> <span class='ocrx_word' id='word_1_156' title='bbox 216 1811 292 1876; x_wconf 66' lang='lat' dir='ltr'><strong>euni*</strong></span> <span class='ocrx_word' id='word_1_157' title='bbox 300 1815 533 1892; x_wconf 77' lang='lat' dir='ltr'><strong>blandimentis,</strong></span> <span class='ocrx_word' id='word_1_158' title='bbox 554 1829 616 1874; x_wconf 86' lang='lat' dir='ltr'><strong>tum</strong></span> <span class='ocrx_word' id='word_1_159' title='bbox 636 1815 944 1890; x_wconf 77' lang='lat' dir='ltr'><strong>vinculisiuduee1u‚</strong></span> <span class='ocrx_word' id='word_1_160' title='bbox 974 1830 1006 1874; x_wconf 87' lang='lat' dir='ltr'><strong>ut</strong></span> <span class='ocrx_word' id='word_1_161' title='bbox 1026 1815 1138 1874; x_wconf 79' lang='lat' dir='ltr'><strong>sibi&#39;iu</strong></span> <span class='ocrx_word' id='word_1_162' title='bbox 1165 1813 1213 1874; x_wconf 89' lang='lat' dir='ltr'><strong>his</strong></span> <span class='ocrx_word' id='word_1_163' title='bbox 1232 1813 1313 1872; x_wconf 87' lang='lat' dir='ltr'><strong>ohse-</strong></span> 
     </span>
     <span class='ocr_line' id='line_1_17' title="bbox 78 1893 1311 1996; baseline -0.002 -23"><span class='ocrx_word' id='word_1_164' title='bbox 78 1929 212 1994; x_wconf 87' lang='lat' dir='ltr'><strong>quantur.</strong></span> <span class='ocrx_word' id='word_1_165' title='bbox 235 1942 238 1951; x_wconf 92' lang='lat'><em>·</em></span> <span class='ocrx_word' id='word_1_166' title='bbox 254 1914 301 1975; x_wconf 77' lang='lat' dir='ltr'><strong>Ad</strong></span> <span class='ocrx_word' id='word_1_167' title='bbox 317 1913 506 1977; x_wconf 80' lang='lat' dir='ltr'><strong>haecomnia</strong></span> <span class='ocrx_word' id='word_1_168' title='bbox 526 1921 675 1996; x_wconf 73' lang='lat' dir='ltr'><strong>poetarum</strong></span> <span class='ocrx_word' id='word_1_169' title='bbox 695 1912 933 1988; x_wconf 28' lang='lat' dir='ltr'><strong>afferuntrdieta&#39;,</strong></span> <span class='ocrx_word' id='word_1_170' title='bbox 964 1910 1150 1974; x_wconf 79' lang='lat' dir='ltr'><strong>Homericum</strong></span> <span class='ocrx_word' id='word_1_171' title='bbox 1168 1893 1311 1970; x_wconf 81' lang='lat' dir='ltr'><strong>tiraxime:</strong></span> 
     </span>
     <span class='ocr_line' id='line_1_18' title="bbox 526 2006 1160 2096; baseline -0.008 -21"><span class='ocrx_word' id='word_1_172' title='bbox 526 2049 567 2060; x_wconf 91' lang='lat'><strong>-·-</strong></span> <span class='ocrx_word' id='word_1_173' title='bbox 582 2011 721 2096; x_wconf 73' lang='grc' dir='ltr'>στριιιτοι</span> <span class='ocrx_word' id='word_1_174' title='bbox 743 2007 779 2074; x_wconf 79' lang='grc' dir='ltr'><strong>δι’</strong></span> <span class='ocrx_word' id='word_1_175' title='bbox 798 2033 829 2074; x_wconf 79' lang='grc' dir='ltr'><strong>τι</strong></span> <span class='ocrx_word' id='word_1_176' title='bbox 850 2011 900 2074; x_wconf 77' lang='lat' dir='ltr'><strong>aui</strong></span> <span class='ocrx_word' id='word_1_177' title='bbox 921 2010 991 2074; x_wconf 70' lang='grc' dir='ltr'><strong>θεοὶ</strong></span> <span class='ocrx_word' id='word_1_178' title='bbox 1013 2006 1106 2072; x_wconf 72' lang='grc' dir='ltr'><em>αὐτοί.</em></span> <span class='ocrx_word' id='word_1_179' title='bbox 1120 2009 1160 2094; x_wconf 93' lang='lat' dir='ltr'><strong>l)</strong></span> 
     </span>
     <span class='ocr_line' id='line_1_19' title="bbox 77 2103 1312 2195; baseline -0.002 -21.962"><span class='ocrx_word' id='word_1_180' title='bbox 77 2103 175 2176; x_wconf 80' lang='lat' dir='ltr'><strong>libius</strong></span> <span class='ocrx_word' id='word_1_181' title='bbox 195 2113 393 2177; x_wconf 85' lang='lat' dir='ltr'><strong>adeoMusaei</strong></span> <span class='ocrx_word' id='word_1_182' title='bbox 413 2127 442 2172; x_wconf 82' lang='lat' dir='ltr'><strong>et</strong></span> <span class='ocrx_word' id='word_1_183' title='bbox 461 2115 571 2195; x_wconf 81' lang='lat' dir='ltr'><strong>Orphei</strong></span> <span class='ocrx_word' id='word_1_184' title='bbox 591 2115 820 2189; x_wconf 76' lang='lat' dir='ltr'><strong>eireuinferunt,</strong></span> <span class='ocrx_word' id='word_1_185' title='bbox 852 2111 1012 2174; x_wconf 80' lang='lat' dir='ltr'><strong>seeundum</strong></span> <span class='ocrx_word' id='word_1_186' title='bbox 1031 2135 1103 2192; x_wconf 87' lang='lat' dir='ltr'><strong>quos</strong></span> <span class='ocrx_word' id='word_1_187' title='bbox 1131 2135 1210 2173; x_wconf 86' lang='lat' dir='ltr'><strong>sacra</strong></span> <span class='ocrx_word' id='word_1_188' title='bbox 1238 2112 1312 2174; x_wconf 81' lang='lat' dir='ltr'><strong>rele-</strong></span> 
     </span>
     <span class='ocr_line' id='line_1_20' title="bbox 69 2182 1332 2294; baseline -0.001 -24"><span class='ocrx_word' id='word_1_189' title='bbox 69 2213 178 2293; x_wconf 71' lang='lat' dir='ltr'><strong>vbraut</strong></span> <span class='ocrx_word' id='word_1_190' title='bbox 200 2182 408 2293; x_wconf 65' lang='lat' dir='ltr'><strong>persuadentes</strong></span> <span class='ocrx_word' id='word_1_191' title='bbox 428 2233 488 2272; x_wconf 88' lang='lat' dir='ltr'><strong>non</strong></span> <span class='ocrx_word' id='word_1_192' title='bbox 508 2213 631 2294; x_wconf 87' lang='lat' dir='ltr'><strong>privatis</strong></span> <span class='ocrx_word' id='word_1_193' title='bbox 650 2214 761 2291; x_wconf 88' lang='lat' dir='ltr'><strong>solum,</strong></span> <span class='ocrx_word' id='word_1_194' title='bbox 783 2205 834 2274; x_wconf 88' lang='lat' dir='ltr'><strong>se&#39;d</strong></span> <span class='ocrx_word' id='word_1_195' title='bbox 852 2215 937 2274; x_wconf 89' lang='lat' dir='ltr'><strong>etiam</strong></span> <span class='ocrx_word' id='word_1_196' title='bbox 961 2213 1149 2287; x_wconf 86' lang='lat' dir='ltr'><strong>civitatibus,</strong></span> <span class='ocrx_word' id='word_1_197' title='bbox 1170 2193 1332 2292; x_wconf 81' lang='lat' dir='ltr'><strong>expiatio·-</strong></span> 
     </span>
     <span class='ocr_line' id='line_1_21' title="bbox 79 2307 1313 2392; baseline -0.004 -20"><span class='ocrx_word' id='word_1_198' title='bbox 79 2331 126 2372; x_wconf 84' lang='lat' dir='ltr'><strong>nes</strong></span> <span class='ocrx_word' id='word_1_199' title='bbox 145 2311 286 2370; x_wconf 86' lang='lat' dir='ltr'><strong>scelerum</strong></span> <span class='ocrx_word' id='word_1_200' title='bbox 306 2331 358 2392; x_wconf 86' lang='lat' dir='ltr'><strong>per</strong></span> <span class='ocrx_word' id='word_1_201' title='bbox 375 2311 516 2370; x_wconf 77' lang='lat' dir='ltr'><strong>sacrificia</strong></span> <span class='ocrx_word' id='word_1_202' title='bbox 535 2311 726 2391; x_wconf 70' lang='lat' dir='ltr'><strong>[sudorumque</strong></span> <span class='ocrx_word' id='word_1_203' title='bbox 751 2313 962 2372; x_wconf 86' lang='lat' dir='ltr'><strong>oblectamenta</strong></span> <span class='ocrx_word' id='word_1_204' title='bbox 981 2311 1045 2370; x_wconf 86' lang='lat' dir='ltr'><strong>fieri</strong></span> <span class='ocrx_word' id='word_1_205' title='bbox 1065 2325 1123 2371; x_wconf 88' lang='lat' dir='ltr'><strong>tam</strong></span> <span class='ocrx_word' id='word_1_206' title='bbox 1142 2307 1313 2371; x_wconf 84' lang='lat' dir='ltr'><strong>viventibus</strong></span> 
     </span>
     <span class='ocr_line' id='line_1_22' title="bbox 77 2405 1370 2491; baseline -0.002 -24"><span class='ocrx_word' id='word_1_207' title='bbox 77 2430 159 2488; x_wconf 90' lang='lat' dir='ltr'><strong>quam</strong></span> <span class='ocrx_word' id='word_1_208' title='bbox 180 2411 321 2485; x_wconf 76' lang='lat' dir='ltr'><strong>mortuis}</strong></span> <span class='ocrx_word' id='word_1_209' title='bbox 342 2410 551 2491; x_wconf 83' lang='lat' dir='ltr'><strong>praetermissis</strong></span> <span class='ocrx_word' id='word_1_210' title='bbox 569 2405 952 2491; x_wconf 75' lang='lat' dir='ltr'><strong>veru²sarrtfieiis‚&#39;gravia</strong></span> <span class='ocrx_word' id='word_1_211' title='bbox 983 2428 1036 2470; x_wconf 89' lang='lat' dir='ltr'><strong>nos</strong></span> <span class='ocrx_word' id='word_1_212' title='bbox 1064 2429 1190 2469; x_wconf 87' lang='lat' dir='ltr'><strong>manere.</strong></span> <span class='ocrx_word' id='word_1_213' title='bbox 1232 2409 1313 2475; x_wconf 81' lang='lat' dir='ltr'><strong>Haeo</strong></span> <span class='ocrx_word' id='word_1_214' title='bbox 1361 2442 1370 2456; x_wconf 87' lang='lat'>·</span> 
     </span>
     <span class='ocr_line' id='line_1_23' title="bbox 78 2503 1338 2588; baseline -0.001 -22"><span class='ocrx_word' id='word_1_215' title='bbox 78 2509 191 2582; x_wconf 88' lang='lat' dir='ltr'><strong>omnia,</strong></span> <span class='ocrx_word' id='word_1_216' title='bbox 213 2529 232 2566; x_wconf 95' lang='lat' dir='ltr'><strong>o</strong></span> <span class='ocrx_word' id='word_1_217' title='bbox 249 2507 395 2583; x_wconf 79' lang='lat' dir='ltr'><strong>Socrates,</strong></span> <span class='ocrx_word' id='word_1_218' title='bbox 416 2509 487 2568; x_wconf 84' lang='lat' dir='ltr'><strong>talia</strong></span> <span class='ocrx_word' id='word_1_219' title='bbox 501 2521 546 2567; x_wconf 84' lang='lat' dir='ltr'><strong>&#39;ao</strong></span> <span class='ocrx_word' id='word_1_220' title='bbox 566 2521 667 2584; x_wconf 90' lang='lat' dir='ltr'><strong>tanta,</strong></span> <span class='ocrx_word' id='word_1_221' title='bbox 697 2509 734 2570; x_wconf 87' lang='lat' dir='ltr'><strong>de</strong></span> <span class='ocrx_word' id='word_1_222' title='bbox 761 2512 869 2570; x_wconf 85' lang='lat' dir='ltr'><strong>virtute</strong></span> <span class='ocrx_word' id='word_1_223' title='bbox 900 2531 933 2568; x_wconf 82' lang='lat' dir='ltr'><strong>ae</strong></span> <span class='ocrx_word' id='word_1_224' title='bbox 961 2510 1052 2585; x_wconf 71' lang='lat' dir='ltr'><strong>uitio,</strong></span> <span class='ocrx_word' id='word_1_225' title='bbox 1084 2503 1338 2588; x_wconf 74' lang='lat' dir='ltr'><strong>deorumque-et,</strong></span> 
     </span>
     <span class='ocr_line' id='line_1_24' title="bbox 80 2603 1312 2690; baseline 0.001 -28"><span class='ocrx_word' id='word_1_226' title='bbox 80 2605 227 2665; x_wconf 88' lang='lat' dir='ltr'><strong>hominum</strong></span> <span class='ocrx_word' id='word_1_227' title='bbox 246 2604 282 2664; x_wconf 94' lang='lat' dir='ltr'><strong>de</strong></span> <span class='ocrx_word' id='word_1_228' title='bbox 305 2605 351 2664; x_wconf 91' lang='lat' dir='ltr'><strong>his</strong></span> <span class='ocrx_word' id='word_1_229' title='bbox 369 2609 583 2668; x_wconf 84' lang='lat' dir='ltr'><strong>existimatione</strong></span> <span class='ocrx_word' id='word_1_230' title='bbox 602 2608 756 2685; x_wconf 71' lang='lat' dir='ltr'><strong>feruntur,</strong></span> <span class='ocrx_word' id='word_1_231' title='bbox 778 2603 852 2687; x_wconf 62' lang='lat' dir='ltr'><strong>‘quid</strong></span> <span class='ocrx_word' id='word_1_232' title='bbox 871 2630 939 2668; x_wconf 89' lang='lat' dir='ltr'><strong>vero</strong></span> <span class='ocrx_word' id='word_1_233' title='bbox 958 2621 1091 2690; x_wconf 88' lang='lat' dir='ltr'><strong>putemus</strong></span> <span class='ocrx_word' id='word_1_234' title='bbox 1111 2621 1223 2666; x_wconf 88' lang='lat' dir='ltr'><strong>acturos</strong></span> <span class='ocrx_word' id='word_1_235' title='bbox 1241 2606 1312 2664; x_wconf 85' lang='lat' dir='ltr'><strong>haee</strong></span> 
     </span>
     <span class='ocr_line' id='line_1_25' title="bbox 6 2695 1312 2787; baseline 0.002 -27"><span class='ocrx_word' id='word_1_236' title='bbox 6 2727 7 2732; x_wconf 45' lang='lat'>¹</span> <span class='ocrx_word' id='word_1_237' title='bbox 78 2703 385 2782; x_wconf 76' lang='lat' dir='ltr'><strong>audientesjrrvenum</strong></span> <span class='ocrx_word' id='word_1_238' title='bbox 404 2707 537 2781; x_wconf 87' lang='lat' dir='ltr'><strong>animos,</strong></span> <span class='ocrx_word' id='word_1_239' title='bbox 556 2707 606 2786; x_wconf 92' lang='lat' dir='ltr'><strong>qui</strong></span> <span class='ocrx_word' id='word_1_240' title='bbox 625 2707 746 2777; x_wconf 78' lang='lat' dir='ltr'><strong>solertes</strong></span> <span class='ocrx_word' id='word_1_241' title='bbox 760 2707 879 2787; x_wconf 85' lang='lat' dir='ltr'><strong>ingenio</strong></span> <span class='ocrx_word' id='word_1_242' title='bbox 899 2715 927 2765; x_wconf 79' lang='lat' dir='ltr'><strong>et</strong></span> <span class='ocrx_word' id='word_1_243' title='bbox 946 2705 983 2765; x_wconf 89' lang='lat' dir='ltr'><strong>ad</strong></span> <span class='ocrx_word' id='word_1_244' title='bbox 1003 2705 1099 2764; x_wconf 89' lang='lat' dir='ltr'><strong>omnia</strong></span> <span class='ocrx_word' id='word_1_245' title='bbox 1119 2703 1200 2771; x_wconf 81' lang='lat' dir='ltr'><strong>dieta</strong></span> <span class='ocrx_word' id='word_1_246' title='bbox 1218 2695 1312 2763; x_wconf 71' lang='lat' dir='ltr'><strong>reluti</strong></span> 
     </span>
     <span class='ocr_line' id='line_1_26' title="bbox 80 2795 1313 2885; baseline 0.002 -27"><span class='ocrx_word' id='word_1_247' title='bbox 80 2802 260 2878; x_wconf 84' lang='lat' dir='ltr'><strong>involantes,</strong></span> <span class='ocrx_word' id='word_1_248' title='bbox 291 2823 328 2860; x_wconf 86' lang='lat' dir='ltr'><strong>ex</strong></span> <span class='ocrx_word' id='word_1_249' title='bbox 357 2803 394 2862; x_wconf 89' lang='lat' dir='ltr'><strong>iis</strong></span> <span class='ocrx_word' id='word_1_250' title='bbox 423 2825 496 2882; x_wconf 86' lang='lat' dir='ltr'><strong>quae</strong></span> <span class='ocrx_word' id='word_1_251' title='bbox 518 2801 664 2863; x_wconf 64' lang='lat' dir='ltr'><strong>‘dicuntur</strong></span> <span class='ocrx_word' id='word_1_252' title='bbox 684 2805 849 2864; x_wconf 81' lang='lat' dir='ltr'><strong>ratiocinari</strong></span> <span class='ocrx_word' id='word_1_253' title='bbox 871 2815 1011 2885; x_wconf 87' lang='lat' dir='ltr'><strong>possunt,</strong></span> <span class='ocrx_word' id='word_1_254' title='bbox 1032 2802 1147 2882; x_wconf 88' lang='lat' dir='ltr'><strong>qualem</strong></span> <span class='ocrx_word' id='word_1_255' title='bbox 1166 2795 1233 2861; x_wconf 78' lang='lat' dir='ltr'><strong>eum</strong></span> <span class='ocrx_word' id='word_1_256' title='bbox 1254 2819 1313 2862; x_wconf 87' lang='lat' dir='ltr'><strong>esse</strong></span> 
     </span>
     <span class='ocr_line' id='line_1_27' title="bbox 79 2897 1314 2985; baseline -0.001 -27"><span class='ocrx_word' id='word_1_257' title='bbox 79 2897 176 2960; x_wconf 65' lang='lat' dir='ltr'><strong>deet‘at</strong></span> <span class='ocrx_word' id='word_1_258' title='bbox 206 2914 234 2959; x_wconf 87' lang='lat' dir='ltr'><strong>et</strong></span> <span class='ocrx_word' id='word_1_259' title='bbox 261 2922 346 2981; x_wconf 91' lang='lat' dir='ltr'><strong>quam</strong></span> <span class='ocrx_word' id='word_1_260' title='bbox 374 2903 452 2963; x_wconf 85' lang='lat' dir='ltr'><strong>viam</strong></span> <span class='ocrx_word' id='word_1_261' title='bbox 479 2902 614 2984; x_wconf 80' lang='lat' dir='ltr'><strong>ingredi,</strong></span> <span class='ocrx_word' id='word_1_262' title='bbox 642 2905 693 2983; x_wconf 92' lang='lat' dir='ltr'><strong>qui</strong></span> <span class='ocrx_word' id='word_1_263' title='bbox 723 2903 830 2985; x_wconf 88' lang='lat' dir='ltr'><strong>optime</strong></span> <span class='ocrx_word' id='word_1_264' title='bbox 860 2905 948 2965; x_wconf 84' lang='lat' dir='ltr'><strong>v&#39;itam</strong></span> <span class='ocrx_word' id='word_1_265' title='bbox 968 2904 1057 2983; x_wconf 75' lang='lat' dir='ltr'><strong>agat?</strong></span> <span class='ocrx_word' id='word_1_266' title='bbox 1078 2899 1126 2960; x_wconf 88' lang='lat' dir='ltr'><strong>Sic</strong></span> <span class='ocrx_word' id='word_1_267' title='bbox 1143 2901 1229 2959; x_wconf 83' lang='lat' dir='ltr'><strong>facile</strong></span> <span class='ocrx_word' id='word_1_268' title='bbox 1247 2897 1314 2979; x_wconf 86' lang='lat' dir='ltr'><strong>quis</strong></span> 
     </span>
     <span class='ocr_line' id='line_1_28' title="bbox 6 2997 1313 3078; baseline 0.002 -24"><span class='ocrx_word' id='word_1_269' title='bbox 6 3061 7 3070; x_wconf 26' lang='grc'>1</span> <span class='ocrx_word' id='word_1_270' title='bbox 79 2997 210 3076; x_wconf 90' lang='lat' dir='ltr'><strong>loquetur</strong></span> <span class='ocrx_word' id='word_1_271' title='bbox 229 2997 335 3058; x_wconf 83' lang='lat' dir='ltr'><strong>&#39;seorim</strong></span> <span class='ocrx_word' id='word_1_272' title='bbox 366 3001 527 3061; x_wconf 86' lang='lat' dir='ltr'><strong>secuudum</strong></span> <span class='ocrx_word' id='word_1_273' title='bbox 558 3003 736 3062; x_wconf 88' lang='lat' dir='ltr'><strong>Pindarum:</strong></span> <span class='ocrx_word' id='word_1_274' title='bbox 778 3003 945 3060; x_wconf 79' lang='lat' dir='ltr'><strong>arduum&#39;rie</strong></span> <span class='ocrx_word' id='word_1_275' title='bbox 963 3003 1014 3060; x_wconf 80' lang='lat' dir='ltr'><strong>&#39;ad</strong></span> <span class='ocrx_word' id='word_1_276' title='bbox 1031 3007 1183 3078; x_wconf 78' lang='lat' dir='ltr'><strong>‘justitiae</strong></span> <span class='ocrx_word' id='word_1_277' title='bbox 1211 3019 1313 3056; x_wconf 83' lang='lat' dir='ltr'><strong>arram</strong></span> 
     </span>
     <span class='ocr_line' id='line_1_29' title="bbox 78 3097 1313 3177; baseline 0 -24"><span class='ocrx_word' id='word_1_278' title='bbox 78 3103 153 3156; x_wconf 82' lang='lat' dir='ltr'><strong>rium</strong></span> <span class='ocrx_word' id='word_1_279' title='bbox 186 3101 364 3177; x_wconf 75' lang='lat' dir='ltr'><strong>ingredior,</strong></span> <span class='ocrx_word' id='word_1_280' title='bbox 392 3110 428 3158; x_wconf 83' lang='lat' dir='ltr'><strong>ut</strong></span> <span class='ocrx_word' id='word_1_281' title='bbox 447 3108 491 3159; x_wconf 81' lang='lat' dir='ltr'><strong>eir</strong></span> <span class='ocrx_word' id='word_1_282' title='bbox 511 3110 652 3160; x_wconf 78' lang='lat' dir='ltr'><strong>munitur</strong></span> <span class='ocrx_word' id='word_1_283' title='bbox 668 3109 749 3160; x_wconf 80' lang='lat' dir='ltr'><strong>recta</strong></span> <span class='ocrx_word' id='word_1_284' title='bbox 769 3109 888 3176; x_wconf 82' lang='lat' dir='ltr'><strong>uirum,</strong></span> <span class='ocrx_word' id='word_1_285' title='bbox 909 3109 950 3157; x_wconf 82' lang='grc' dir='ltr'>ιιιι.</span> <span class='ocrx_word' id='word_1_286' title='bbox 970 3101 1011 3158; x_wconf 80' lang='lat' dir='ltr'><strong>ud</strong></span> <span class='ocrx_word' id='word_1_287' title='bbox 1020 3101 1157 3176; x_wconf 82' lang='lat' dir='ltr'><strong>frauder</strong></span> <span class='ocrx_word' id='word_1_288' title='bbox 1175 3120 1221 3156; x_wconf 85' lang='lat' dir='ltr'><strong>mr</strong></span> <span class='ocrx_word' id='word_1_289' title='bbox 1237 3097 1313 3156; x_wconf 74' lang='lat' dir='ltr'><strong>otle-</strong></span> 
     </span>
     <span class='ocr_line' id='line_1_30' title="bbox 65 3194 1312 3278; baseline 0 -26"><span class='ocrx_word' id='word_1_290' title='bbox 65 3194 149 3271; x_wconf 70' lang='lat' dir='ltr'><strong>1qua‘s</strong></span> <span class='ocrx_word' id='word_1_291' title='bbox 165 3198 363 3256; x_wconf 65' lang='lat' dir='ltr'><strong>rauranum?</strong></span> <span class='ocrx_word' id='word_1_292' title='bbox 404 3199 496 3273; x_wconf 88' lang='lat' dir='ltr'><strong>Nam,</strong></span> <span class='ocrx_word' id='word_1_293' title='bbox 517 3201 592 3258; x_wconf 87' lang='lat' dir='ltr'><strong>sicut</strong></span> <span class='ocrx_word' id='word_1_294' title='bbox 613 3201 714 3278; x_wconf 89' lang='lat' dir='ltr'><strong>ajunt,</strong></span> <span class='ocrx_word' id='word_1_295' title='bbox 731 3202 810 3277; x_wconf 83' lang='lat' dir='ltr'><strong>justo</strong></span> <span class='ocrx_word' id='word_1_296' title='bbox 829 3200 917 3275; x_wconf 85' lang='lat' dir='ltr'><strong>mihi,</strong></span> <span class='ocrx_word' id='word_1_297' title='bbox 946 3200 970 3258; x_wconf 86' lang='lat' dir='ltr'><strong>si</strong></span> <span class='ocrx_word' id='word_1_298' title='bbox 991 3219 1052 3258; x_wconf 90' lang='lat' dir='ltr'><strong>non</strong></span> <span class='ocrx_word' id='word_1_299' title='bbox 1081 3194 1201 3271; x_wconf 82' lang='lat' dir='ltr'><strong>videar,</strong></span> <span class='ocrx_word' id='word_1_300' title='bbox 1234 3194 1312 3255; x_wconf 88' lang='lat' dir='ltr'><strong>nihil</strong></span> 
     </span>
     <span class='ocr_line' id='line_1_31' title="bbox 83 3293 1360 3379; baseline 0.003 -30"><span class='ocrx_word' id='word_1_301' title='bbox 83 3293 171 3352; x_wconf 87' lang='lat' dir='ltr'><strong>virtus</strong></span> <span class='ocrx_word' id='word_1_302' title='bbox 190 3295 461 3375; x_wconf 88' lang='lat' dir='ltr'><strong>proderit,&#39;eontra</strong></span> <span class='ocrx_word' id='word_1_303' title='bbox 480 3297 593 3357; x_wconf 90' lang='lat' dir='ltr'><strong>labores</strong></span> <span class='ocrx_word' id='word_1_304' title='bbox 610 3298 638 3357; x_wconf 76' lang='lat' dir='ltr'><strong>et</strong></span> <span class='ocrx_word' id='word_1_305' title='bbox 657 3319 767 3379; x_wconf 86' lang='lat' dir='ltr'><strong>poenae</strong></span> <span class='ocrx_word' id='word_1_306' title='bbox 787 3299 916 3375; x_wconf 82' lang='lat' dir='ltr'><strong>instant3</strong></span> <span class='ocrx_word' id='word_1_307' title='bbox 938 3299 1048 3376; x_wconf 86' lang='lat' dir='ltr'><strong>injusto</strong></span> <span class='ocrx_word' id='word_1_308' title='bbox 1068 3296 1155 3370; x_wconf 73' lang='lat' dir='ltr'><strong>iero,</strong></span> <span class='ocrx_word' id='word_1_309' title='bbox 1180 3295 1204 3354; x_wconf 88' lang='lat' dir='ltr'><strong>si</strong></span> <span class='ocrx_word' id='word_1_310' title='bbox 1228 3295 1313 3376; x_wconf 88' lang='lat' dir='ltr'><strong>justi·</strong></span> <span class='ocrx_word' id='word_1_311' title='bbox 1358 3305 1360 3310; x_wconf 88' lang='lat'>&#39;</span> 
     </span>
     <span class='ocr_line' id='line_1_32' title="bbox 79 3391 1312 3477; baseline 0.003 -29"><span class='ocrx_word' id='word_1_312' title='bbox 79 3391 132 3448; x_wconf 86' lang='lat' dir='ltr'><strong>tiae</strong></span> <span class='ocrx_word' id='word_1_313' title='bbox 152 3393 278 3472; x_wconf 87' lang='lat' dir='ltr'><strong>speciem</strong></span> <span class='ocrx_word' id='word_1_314' title='bbox 298 3395 443 3471; x_wconf 87' lang='lat' dir='ltr'><strong>induero,</strong></span> <span class='ocrx_word' id='word_1_315' title='bbox 463 3397 524 3456; x_wconf 77' lang='lat' dir='ltr'><strong>vita</strong></span> <span class='ocrx_word' id='word_1_316' title='bbox 542 3397 641 3455; x_wconf 79' lang='lat' dir='ltr'><strong>futura</strong></span> <span class='ocrx_word' id='word_1_317' title='bbox 663 3393 766 3457; x_wconf 73' lang='lat' dir='ltr'><strong>di&#39;v&#39;in&#39;a</strong></span> <span class='ocrx_word' id='word_1_318' title='bbox 788 3411 839 3457; x_wconf 88' lang='lat' dir='ltr'><strong>est.</strong></span> <span class='ocrx_word' id='word_1_319' title='bbox 882 3399 1081 3477; x_wconf 84' lang='lat' dir='ltr'><strong>Quapropter,</strong></span> <span class='ocrx_word' id='word_1_320' title='bbox 1103 3417 1169 3456; x_wconf 88' lang='lat' dir='ltr'><strong>oum</strong></span> <span class='ocrx_word' id='word_1_321' title='bbox 1190 3394 1312 3477; x_wconf 64' lang='lat' dir='ltr'><strong>specim,</strong></span> 
     </span>
     <span class='ocr_line' id='line_1_33' title="bbox 80 3491 1312 3573; baseline 0.006 -29"><span class='ocrx_word' id='word_1_322' title='bbox 80 3501 109 3546; x_wconf 91' lang='lat' dir='ltr'><strong>ut</strong></span> <span class='ocrx_word' id='word_1_323' title='bbox 126 3491 212 3568; x_wconf 87' lang='lat' dir='ltr'><strong>ajunt</strong></span> <span class='ocrx_word' id='word_1_324' title='bbox 227 3493 377 3572; x_wconf 77' lang='lat' dir='ltr'><strong>&#39;sapientes</strong></span> <span class='ocrx_word' id='word_1_325' title='bbox 387 3539 396 3568; x_wconf 94' lang='lat'><strong>,</strong></span> <span class='ocrx_word' id='word_1_326' title='bbox 417 3495 568 3555; x_wconf 83' lang='lat' dir='ltr'><strong>veritatem</strong></span> <span class='ocrx_word' id='word_1_327' title='bbox 586 3495 687 3555; x_wconf 86' lang='lat' dir='ltr'><strong>vincat</strong></span> <span class='ocrx_word' id='word_1_328' title='bbox 706 3507 791 3573; x_wconf 86' lang='lat' dir='ltr'><strong>atque</strong></span> <span class='ocrx_word' id='word_1_329' title='bbox 811 3495 850 3553; x_wconf 87' lang='lat' dir='ltr'><strong>ad</strong></span> <span class='ocrx_word' id='word_1_330' title='bbox 869 3495 981 3555; x_wconf 79' lang='lat' dir='ltr'><strong>beatam</strong></span> <span class='ocrx_word' id='word_1_331' title='bbox 1000 3497 1091 3558; x_wconf 77' lang='lat' dir='ltr'><strong>vitam</strong></span> <span class='ocrx_word' id='word_1_332' title='bbox 1110 3491 1197 3555; x_wconf 86' lang='lat' dir='ltr'><strong>unice</strong></span> <span class='ocrx_word' id='word_1_333' title='bbox 1207 3493 1312 3568; x_wconf 81' lang='lat' dir='ltr'><strong>valeat,</strong></span> 
     </span>
     <span class='ocr_line' id='line_1_34' title="bbox 78 3583 1313 3673; baseline 0.006 -31"><span class='ocrx_word' id='word_1_334' title='bbox 78 3583 131 3644; x_wconf 91' lang='lat' dir='ltr'><strong>huc</strong></span> <span class='ocrx_word' id='word_1_335' title='bbox 151 3608 197 3645; x_wconf 87' lang='lat' dir='ltr'><strong>me</strong></span> <span class='ocrx_word' id='word_1_336' title='bbox 216 3600 320 3648; x_wconf 69' lang='lat' dir='ltr'><strong>totumt</strong></span> <span class='ocrx_word' id='word_1_337' title='bbox 329 3606 505 3652; x_wconf 80' lang='lat' dir='ltr'><strong>convertam</strong></span> <span class='ocrx_word' id='word_1_338' title='bbox 547 3593 766 3667; x_wconf 82' lang='lat' dir='ltr'><strong>Veruntamen,</strong></span> <span class='ocrx_word' id='word_1_339' title='bbox 787 3591 866 3653; x_wconf 90' lang='lat' dir='ltr'><strong>dicat</strong></span> <span class='ocrx_word' id='word_1_340' title='bbox 893 3594 1018 3673; x_wconf 90' lang='lat' dir='ltr'><strong>aliquis,</strong></span> <span class='ocrx_word' id='word_1_341' title='bbox 1046 3591 1126 3653; x_wconf 79' lang='lat' dir='ltr'><strong>haud</strong></span> <span class='ocrx_word' id='word_1_342' title='bbox 1155 3591 1242 3651; x_wconf 79' lang='lat' dir='ltr'><strong>facile</strong></span> <span class='ocrx_word' id='word_1_343' title='bbox 1270 3603 1313 3650; x_wconf 90' lang='lat' dir='ltr'><strong>est</strong></span> 
     </span>
     <span class='ocr_line' id='line_1_35' title="bbox 80 3682 1313 3804; baseline 0.007 -64"><span class='ocrx_word' id='word_1_344' title='bbox 80 3682 185 3760; x_wconf 88' lang='lat' dir='ltr'><strong>latere,</strong></span> <span class='ocrx_word' id='word_1_345' title='bbox 207 3686 259 3745; x_wconf 88' lang='lat' dir='ltr'><strong>uhi</strong></span> <span class='ocrx_word' id='word_1_346' title='bbox 281 3689 407 3782; x_wconf 69' lang='lat' dir='ltr'><strong>injustus</strong></span> <span class='ocrx_word' id='word_1_347' title='bbox 427 3692 526 3751; x_wconf 87' lang='lat' dir='ltr'><strong>fueris.</strong></span> <span class='ocrx_word' id='word_1_348' title='bbox 568 3694 606 3752; x_wconf 82' lang='lat' dir='ltr'><strong>At</strong></span> <span class='ocrx_word' id='word_1_349' title='bbox 623 3699 692 3753; x_wconf 85' lang='lat' dir='ltr'><strong>vero</strong></span> <span class='ocrx_word' id='word_1_350' title='bbox 711 3713 828 3768; x_wconf 89' lang='lat' dir='ltr'><strong>eorum,</strong></span> <span class='ocrx_word' id='word_1_351' title='bbox 857 3715 930 3804; x_wconf 64' lang='lat' dir='ltr'><strong>puae</strong></span> <span class='ocrx_word' id='word_1_352' title='bbox 957 3713 1059 3772; x_wconf 83' lang='lat' dir='ltr'><strong>magna</strong></span> <span class='ocrx_word' id='word_1_353' title='bbox 1087 3703 1155 3750; x_wconf 92' lang='lat' dir='ltr'><strong>sunt</strong></span> <span class='ocrx_word' id='word_1_354' title='bbox 1178 3704 1206 3749; x_wconf 91' lang='lat' dir='ltr'><strong>et</strong></span> <span class='ocrx_word' id='word_1_355' title='bbox 1233 3709 1313 3771; x_wconf 84' lang='lat' dir='ltr'><strong>prae-</strong></span> 
     </span>
     <span class='ocr_line' id='line_1_36' title="bbox 79 3778 1313 3871; baseline 0.006 -32"><span class='ocrx_word' id='word_1_356' title='bbox 79 3779 172 3858; x_wconf 81' lang='lat' dir='ltr'><strong>clara,</strong></span> <span class='ocrx_word' id='word_1_357' title='bbox 194 3785 251 3843; x_wconf 82' lang='lat' dir='ltr'><strong>nil</strong></span> <span class='ocrx_word' id='word_1_358' title='bbox 259 3800 301 3844; x_wconf 88' lang='lat' dir='ltr'><strong>est</strong></span> <span class='ocrx_word' id='word_1_359' title='bbox 319 3787 416 3848; x_wconf 88' lang='lat' dir='ltr'><strong>facile.</strong></span> <span class='ocrx_word' id='word_1_360' title='bbox 459 3778 658 3871; x_wconf 87' lang='lat' dir='ltr'><strong>Quapropter,</strong></span> <span class='ocrx_word' id='word_1_361' title='bbox 679 3791 703 3849; x_wconf 90' lang='lat' dir='ltr'><strong>si</strong></span> <span class='ocrx_word' id='word_1_362' title='bbox 730 3790 807 3849; x_wconf 89' lang='lat' dir='ltr'><strong>beati</strong></span> <span class='ocrx_word' id='word_1_363' title='bbox 827 3791 886 3850; x_wconf 88' lang='lat' dir='ltr'><strong>ess&#39;e</strong></span> <span class='ocrx_word' id='word_1_364' title='bbox 915 3790 1055 3864; x_wconf 83' lang='lat' dir='ltr'><strong>velimus,</strong></span> <span class='ocrx_word' id='word_1_365' title='bbox 1087 3790 1160 3848; x_wconf 85' lang='lat' dir='ltr'><strong>illuc</strong></span> <span class='ocrx_word' id='word_1_366' title='bbox 1190 3788 1313 3848; x_wconf 88' lang='lat' dir='ltr'><strong>tenden-</strong></span> 
     </span>
     <span class='ocr_line' id='line_1_37' title="bbox 77 3878 1313 3968; baseline 0.007 -31"><span class='ocrx_word' id='word_1_367' title='bbox 77 3878 164 3956; x_wconf 89' lang='lat' dir='ltr'><strong>dum,</strong></span> <span class='ocrx_word' id='word_1_368' title='bbox 184 3903 242 3961; x_wconf 88' lang='lat' dir='ltr'><strong>quo</strong></span> <span class='ocrx_word' id='word_1_369' title='bbox 261 3887 424 3944; x_wconf 84' lang='lat' dir='ltr'><strong>&#39;sermonum</strong></span> <span class='ocrx_word' id='word_1_370' title='bbox 439 3889 564 3968; x_wconf 79' lang='lat' dir='ltr'><strong>vosti&#39;gi&#39;a</strong></span> <span class='ocrx_word' id='word_1_371' title='bbox 587 3889 695 3949; x_wconf 79' lang='lat' dir='ltr'><strong>ferunt.</strong></span> <span class='ocrx_word' id='word_1_372' title='bbox 733 3889 778 3948; x_wconf 89' lang='lat' dir='ltr'><strong>Ut</strong></span> <span class='ocrx_word' id='word_1_373' title='bbox 798 3889 954 3964; x_wconf 90' lang='lat' dir='ltr'><strong>lateamus,</strong></span> <span class='ocrx_word' id='word_1_374' title='bbox 984 3889 1198 3966; x_wconf 84' lang='lat' dir='ltr'><strong>conjurationes</strong></span> <span class='ocrx_word' id='word_1_375' title='bbox 1226 3889 1313 3947; x_wconf 88' lang='lat' dir='ltr'><strong>socie·</strong></span> 
     </span>
     <span class='ocr_line' id='line_1_38' title="bbox 77 3980 1310 4068; baseline 0.007 -33"><span class='ocrx_word' id='word_1_376' title='bbox 77 3989 201 4058; x_wconf 88' lang='lat' dir='ltr'><strong>tatesque</strong></span> <span class='ocrx_word' id='word_1_377' title='bbox 219 3980 379 4044; x_wconf 88' lang='lat' dir='ltr'><strong>ineundae.</strong></span> <span class='ocrx_word' id='word_1_378' title='bbox 421 3985 497 4058; x_wconf 78' lang='lat' dir='ltr'><strong>Sunt</strong></span> <span class='ocrx_word' id='word_1_379' title='bbox 516 3987 585 4046; x_wconf 89' lang='lat' dir='ltr'><strong>item</strong></span> <span class='ocrx_word' id='word_1_380' title='bbox 605 3987 803 4068; x_wconf 85' lang='lat' dir='ltr'><strong>persuasionis</strong></span> <span class='ocrx_word' id='word_1_381' title='bbox 821 3987 967 4067; x_wconf 83' lang='lat' dir='ltr'><strong>magistri,</strong></span> <span class='ocrx_word' id='word_1_382' title='bbox 988 4007 1110 4067; x_wconf 88' lang='lat' dir='ltr'><strong>quorum</strong></span> <span class='ocrx_word' id='word_1_383' title='bbox 1129 4007 1182 4068; x_wconf 86' lang='lat' dir='ltr'><strong>ope</strong></span> <span class='ocrx_word' id='word_1_384' title='bbox 1198 3985 1310 4067; x_wconf 47' lang='lat' dir='ltr'><strong>*populo</strong></span> 
     </span>
     <span class='ocr_line' id='line_1_39' title="bbox 78 4075 1313 4163; baseline 0.009 -31"><span class='ocrx_word' id='word_1_385' title='bbox 78 4095 108 4132; x_wconf 86' lang='lat' dir='ltr'><strong>ac</strong></span> <span class='ocrx_word' id='word_1_386' title='bbox 132 4075 285 4154; x_wconf 87' lang='lat' dir='ltr'><strong>judicibus</strong></span> <span class='ocrx_word' id='word_1_387' title='bbox 315 4095 381 4140; x_wconf 85' lang='lat' dir='ltr'><strong>cum</strong></span> <span class='ocrx_word' id='word_1_388' title='bbox 407 4083 648 4163; x_wconf 88' lang='lat' dir='ltr'><strong>persuadebimus</strong></span> <span class='ocrx_word' id='word_1_389' title='bbox 668 4096 729 4144; x_wconf 90' lang='lat' dir='ltr'><strong>tum</strong></span> <span class='ocrx_word' id='word_1_390' title='bbox 749 4086 809 4144; x_wconf 88' lang='lat' dir='ltr'><strong>vim</strong></span> <span class='ocrx_word' id='word_1_391' title='bbox 830 4075 1007 4160; x_wconf 80' lang='lat' dir='ltr'><strong>inferemus,</strong></span> <span class='ocrx_word' id='word_1_392' title='bbox 1030 4099 1062 4144; x_wconf 95' lang='lat' dir='ltr'><strong>ut</strong></span> <span class='ocrx_word' id='word_1_393' title='bbox 1079 4085 1177 4145; x_wconf 89' lang='lat' dir='ltr'><strong>nullas</strong></span> <span class='ocrx_word' id='word_1_394' title='bbox 1198 4085 1313 4144; x_wconf 87' lang='lat' dir='ltr'><strong>facino-</strong></span> 
     </span>
     <span class='ocr_line' id='line_1_40' title="bbox 78 4177 1360 4264; baseline 0.009 -34"><span class='ocrx_word' id='word_1_395' title='bbox 78 4192 139 4231; x_wconf 88' lang='lat' dir='ltr'><strong>rum</strong></span> <span class='ocrx_word' id='word_1_396' title='bbox 158 4195 266 4256; x_wconf 87' lang='lat' dir='ltr'><strong>poeuas</strong></span> <span class='ocrx_word' id='word_1_397' title='bbox 285 4177 407 4240; x_wconf 87' lang='lat' dir='ltr'><strong>luamus.</strong></span> <span class='ocrx_word' id='word_1_398' title='bbox 450 4180 579 4256; x_wconf 88' lang='lat' dir='ltr'><strong>Verum,</strong></span> <span class='ocrx_word' id='word_1_399' title='bbox 601 4183 717 4261; x_wconf 86' lang='lat' dir='ltr'><strong>inquit,</strong></span> <span class='ocrx_word' id='word_1_400' title='bbox 738 4183 812 4242; x_wconf 94' lang='lat' dir='ltr'><strong>Deos</strong></span> <span class='ocrx_word' id='word_1_401' title='bbox 832 4181 924 4263; x_wconf 72' lang='lat' dir='ltr'><strong>niaque</strong></span> <span class='ocrx_word' id='word_1_402' title='bbox 945 4184 1034 4243; x_wconf 87' lang='lat' dir='ltr'><strong>latere</strong></span> <span class='ocrx_word' id='word_1_403' title='bbox 1051 4182 1144 4263; x_wconf 83' lang='lat' dir='ltr'><strong>neque</strong></span> <span class='ocrx_word' id='word_1_404' title='bbox 1162 4184 1192 4244; x_wconf 84' lang='lat' dir='ltr'><strong>v&#39;i</strong></span> <span class='ocrx_word' id='word_1_405' title='bbox 1210 4189 1305 4264; x_wconf 81' lang='lat' dir='ltr'><strong>aggre&#39;·</strong></span> <span class='ocrx_word' id='word_1_406' title='bbox 1356 4229 1360 4236; x_wconf 85' lang='lat'><em>.</em></span> 
     </span>
    </p>
   </div>
   <div class='ocr_carea' id='block_1_5' title="bbox 80 4361 334 4376">
    <p class='ocr_par' dir='ltr' id='par_1_5' title="bbox 80 4361 334 4376">
     <span class='ocr_line' id='line_1_41' title="bbox 80 4361 334 4376; baseline -0.004 -4"><span class='ocrx_word' id='word_1_407' title='bbox 80 4361 334 4376; x_wconf 48' lang='lat' dir='ltr'><strong>mm..-</strong></span> 
     </span>
    </p>
   </div>
   <div class='ocr_carea' id='block_1_6' title="bbox 111 4463 1256 4559">
    <p class='ocr_par' dir='ltr' id='par_1_6' title="bbox 111 4463 1256 4559">
     <span class='ocr_line' id='line_1_42' title="bbox 111 4463 1256 4559; baseline 0.018 -43"><span class='ocrx_word' id='word_1_408' title='bbox 111 4465 139 4532; x_wconf 85' lang='grc'>1)</span> <span class='ocrx_word' id='word_1_409' title='bbox 158 4469 188 4521; x_wconf 86' lang='lat' dir='ltr'><strong>tt.</strong></span> <span class='ocrx_word' id='word_1_410' title='bbox 206 4463 233 4531; x_wconf 76' lang='grc' dir='ltr'>ι’,</span> <span class='ocrx_word' id='word_1_411' title='bbox 252 4486 291 4524; x_wconf 81' lang='lat' dir='ltr'><strong>rs.</strong></span> <span class='ocrx_word' id='word_1_412' title='bbox 310 4471 369 4524; x_wconf 80' lang='lat' dir='ltr'><strong>tre.</strong></span> <span class='ocrx_word' id='word_1_413' title='bbox 388 4473 478 4542; x_wconf 87' lang='lat' dir='ltr'><strong>Eurip.</strong></span> <span class='ocrx_word' id='word_1_414' title='bbox 490 4476 586 4527; x_wconf 79' lang='lat' dir='ltr'><strong>Medea.</strong></span> <span class='ocrx_word' id='word_1_415' title='bbox 600 4493 640 4528; x_wconf 87' lang='lat' dir='ltr'><strong>vs.</strong></span> <span class='ocrx_word' id='word_1_416' title='bbox 655 4475 712 4529; x_wconf 74' lang='lat'>964.</span> <span class='ocrx_word' id='word_1_417' title='bbox 731 4472 848 4540; x_wconf 74' lang='grc' dir='ltr'>πείθειν</span> <span class='ocrx_word' id='word_1_418' title='bbox 869 4475 955 4559; x_wconf 74' lang='grc' dir='ltr'><strong>δῶρα</strong></span> <span class='ocrx_word' id='word_1_419' title='bbox 977 4475 1025 4538; x_wconf 77' lang='grc' dir='ltr'><strong>καὶ</strong></span> <span class='ocrx_word' id='word_1_420' title='bbox 1043 4467 1137 4549; x_wconf 58' lang='lat' dir='ltr'><strong>&amp;eruic</strong></span> <span class='ocrx_word' id='word_1_421' title='bbox 1161 4469 1256 4556; x_wconf 76' lang='grc' dir='ltr'><em>λόγος.</em></span> 
     </span>
    </p>
   </div>
   <div class='ocr_carea' id='block_1_7' title="bbox 0 0 1448 5118">
    <p class='ocr_par' dir='ltr' id='par_1_7' title="bbox 0 0 1448 5118">
     <span class='ocr_line' id='line_1_43' title="bbox 0 0 1448 5118; baseline 0 0"><span class='ocrx_word' id='word_1_422' title='bbox 0 0 1448 5118; x_wconf 95' lang='lat' dir='ltr'><strong> </strong></span> 
     </span>
    </p>
   </div>
  </div>
 </body>
</html>
