2838 5120
79 460 119 520 sut
143 461 241 522 valent.
263 497 296 508 -
323 457 431 519 Valent
457 455 585 514 omnino.
615 475 649 490 -
675 438 974 534 dluttyttxtiu'igitur,
997 457 1140 531 sariendo·
1167 472 1284 586 ortem,

78 569 216 627 summatim
245 565 297 626 illa
318 564 519 626 dieamus-
533 559 622 620 Sit
614 573 689 622 tta
689 591 723 600 -
757 553 804 620 To*
828 555 872 644 δη
899 560 1116 643 μαθηματικόν
1140 551 1180 628 od
1207 565 1283 647 perci

77 671 149 734 coito
169 667 243 748 εἶδος
265 665 335 734 ὅλον
355 667 404 732 uui
428 690 462 732 το
489 669 543 751 τῆς
564 664 804 750 prouolutum,
766 694 801 732 το
827 695 857 734 τε
878 695 1112 756 χρηματιστικον
1132 677 1180 739 καὶ
1202 676 1281 764 dym-

76 780 185 846 νιοτικόν
207 808 253 846 και
279 775 474 866 θηρευτικον,
503 774 604 860 ἐπειδη
637 765 851 862 duntovoyii
835 781 893 863 μὲν
920 780 1008 848 οὐδὲν
1028 776 1154 866 codrum,
1184 788 1223 854 cti
1248 790 1283 854 di

76 887 136 956 rimu
153 895 199 957 uni
213 888 363 978 γεγονότα,
379 887 417 954 cd
431 889 488 973 μὲν
506 889 657 973 χειροῦται
678 885 776 973 λογοις
797 893 845 954 καὶ
866 889 999 976 πράξεσι,
1020 893 1058 960 cd
1080 897 1116 964 de*
1136 905 1197 977 τοῗς
1217 927 1282 984 χει

74 1001 209 1113 ρονμὲνοις
230 1003 281 1068 οὐκ
303 997 466 1086 introitui,
488 991 605 1082 μάλιστ
630 993 666 1062 iv
692 1025 750 1064 που
772 999 823 1065 deii
844 1007 937 1068 τοῦτο
958 1003 1124 1079 ξυνάγοντα
1145 1037 1182 1076 τα
1175 1008 1282 1098 μέρη

74 1112 151 1198 τέχνη
172 1141 213 1192 τις
232 1141 350 1199 uturum]
344 1109 553 1197 κςλεχθεῖσα
539 1107 576 1174 οἷν
598 1107 785 1194 διατρέψειν·
816 1139 913 1199 genui
939 1131 1040 1180 autom
1060 1125 1165 1184 deinde
1183 1147 1307 1204 omne„

73 1232 139 1306 quod
156 1232 194 1290 od
219 1231 393 1289 discendum
422 1239 451 1311 et
478 1227 709 1308 eognoeoendum
732 1237 888 1305 pertimet,
920 1230 1053 1308 quodque
1080 1236 1222 1308 refertum
1247 1238 1286 1294 od

74 1339 230 1406 quesitum,
260 1331 300 1388 od
326 1335 513 1398 uertentium,
534 1326 574 1382 ad
600 1332 806 1399 venationem,
829 1343 920 1404 putem
940 1328 1047 1388 borum
1077 1333 1160 1390 nitet
1178 1337 1288 1409 faeiat

73 1429 242 1515 quidquam,
264 1429 314 1486 eod
330 1449 364 1486 ee
391 1447 466 1505 quae
486 1425 599 1483 adeunt
618 1433 648 1481 et
660 1425 758 1500 faeie
778 1435 868 1499 eunt,
887 1434 1003 1504 purtim
1029 1435 1211 1492 sermonibus
1225 1437 1295 1521 su·¹

73 1533 173 1603 otioque
192 1527 249 1582 itte
264 1528 424 1632 predicet,
441 1529 560 1602 partim
581 1521 808 1582 vindicantibus
836 1545 893 1584 non
913 1524 1070 1602 ooraeeedot,
1087 1541 1214 1608 propter
1233 1533 1287 1591 hoe

72 1630 270 1700 moiuetpn'uu
285 1635 391 1702 partire
410 1612 669 1701 optimumque-ip,
692 1642 758 1680 ore
778 1625 1021 1702 acquirendi,
1044 1627 1144 1701 dieto,
1166 1649 1288 1690 eoeom-

73 1741 116 1780 nee
132 1723 345 1799 complectetur
360 1743 395 1780 oe
413 1724 606 1800 deflniot.
571 1721 674 1781 Sic
694 1719 794 1780 deceat
812 1722 939 1781 omnino.
950 1724 1091 1782 -Cum
1084 1729 1172 1806 igitur
1191 1747 1288 1789 omnes

72 1819 112 1878 tel
127 1820 163 1880 ad
181 1815 319 1902 κτητοτήν
340 1818 387 1884 vel
407 1824 444 1885 ad
471 1813 622 1903 ποιητικήν
652 1819 830 1894 referentur,
853 1820 910 1880 utri
940 1839 1036 1880 eurum
1049 1869 1057 1897 ,
1077 1846 1093 1884 ο
1113 1827 1306 1902 Theaeteto„

73 1911 280 2004 οἷοοαλιτοτνκήν
300 1923 485 1986 tribuamus?
514 1951 549 1966 -·-
582 1916 719 2002 Κτητικῇ
740 1937 816 1978 sane.
839 1943 873 1956 ⁴-
899 1919 1053 2002 Κτητνκῆς
1071 1937 1166 1984 autern
1191 1947 1290 1985 nonne

72 2018 221 2098 duaesunt
240 2028 372 2107 species?
394 2009 502 2098 altera,
522 2043 595 2102 quae
617 2015 782 2084 voluntarii
801 2022 1011 2098 permutatione
1030 2021 1079 2098 fit,
1102 2017 1195 2099 dono,
1215 2045 1291 2084 vcn-

76 2116 195 2195 ditione,
217 2123 364 2184 mercede:
387 2122 499 2201 reliqua
525 2123 633 2204 species
661 2117 709 2180 vel
729 2116 806 2175 facto
826 2117 875 2176 vel
894 2138 1023 2180 sermone
1043 2119 1098 2180 sibi
1117 2122 1290 2201 vindicans,

73 2214 220 2302 χειροντνκή
247 2223 350 2282 sit...
370 2222 450 2280 Patet
478 2241 494 2278 e
521 2219 682 2280 dictis.-
713 2209 896 2298 Χειρωτονην
918 2234 1012 2278 autem
1030 2236 1128 2279 nonne
1152 2216 1292 2302 bipartito

73 2316 312 2413 dividamusl-
276 2321 395 2395 Qua
405 2317 622 2380 ratione?-Sr
639 2314 735 2398 palam
745 2315 802 2376 nbi
821 2319 971 2395 vindicat,
992 2318 1146 2394 certando,
1168 2321 1291 2395 siclam,

74 2399 199 2480 venando
219 2441 282 2480 eam
305 2417 565 2500 procederentque
591 2437 651 2476 esse
677 2411 856 2497 dpoeoeiuriv
875 2437 1025 2500 ponamus.
1045 2457 1081 2472 ..-
1100 2419 1294 2479 Omnino-⁴

73 2511 247 2600 Θηρεοτικήν
267 2532 363 2577 autern
382 2515 540 2576 absurdum
569 2525 642 2574 esset
671 2537 731 2576 non
761 2517 898 2599 bipartito
926 2514 1125 2577 dividere.-
1145 2519 1217 2592 Dic,
1237 2538 1293 2597 qua

73 2619 456 2682 rationet-Itiscernentes
477 2613 597 2672 alteram
612 2614 737 2694 speciem
754 2636 848 2676 rerum
868 2635 928 2675 non
946 2616 1153 2689 animatorum,
1175 2615 1294 2676 alteram

78 2716 266 2778 animatarum.
288 2741 322 2750 -·
343 2710 478 2789 Quidni?
500 2709 575 2770 Sunt
603 2711 681 2770 enim
709 2712 808 2772 ambre
827 2714 881 2774 bae
908 2714 1025 2795 speeies.
1046 2755 1081 2764 -
1106 2711 1181 2771 Sunt
1205 2735 1294 2788 sane,

77 2822 100 2868 et
115 2813 188 2876 decet
209 2837 264 2876 nos
282 2836 344 2874 nou
362 2811 553 2871 animatorum
571 2809 714 2890 speciem,
735 2812 843 2893 quippe
863 2793 980 2872 nomine
1008 2824 1170 2885 carentem,
1191 2808 1293 2871 dimit-

77 2919 140 2988 tere,
166 2929 316 2997 praeterea
343 2929 397 2970 nec
417 2903 581 2970 natantium
601 2906 739 2988 quasdam
757 2925 852 2990 partes
872 2925 900 2970 et
917 2910 975 2969 alia
987 2905 1152 2980 istiusmodi
1172 2911 1292 2990 exigna3

74 3007 117 3067 sed
134 3009 255 3072 alteram
272 3010 408 3091 speciem,
430 3005 685 3085 quaeritantium
704 3020 745 3065 est
764 3009 936 3100 animalium
947 3010 1079 3081 venatio,
1101 3003 1295 3090 ζωοθηρικήν

73 3109 207 3188 appellere
227 3121 350 3192 oportet.
370 3136 405 3146 —
425 3106 502 3168 Esto.
524 3132 559 3142 -
578 3105 780 3187 Ζωοθηροτῆς
800 3122 894 3167 autem
918 3125 1017 3166 nonne
1044 3106 1157 3190 duplex
1186 3113 1295 3191 species
1353 3133 1355 3138 ·

68 3203 125 3279 jure
144 3207 279 3283 dicatur,
301 3207 390 3268 altera
419 3204 560 3286 pedestris
589 3209 719 3287 generis,
742 3208 830 3269 variis
862 3207 963 3265 formis
993 3207 1216 3288 nominibusque
1245 3210 1295 3270 di-

70 3303 184 3383 stincta,
215 3297 421 3387 πεζοθηρική,
452 3301 542 3363 altera
570 3307 734 3380 natantium
768 3305 939 3366 animalium
951 3351 959 3380 ,
992 3297 1230 3390 ἕνογροθηρννή;
1260 3335 1295 3350 -*

69 3400 198 3468 Omnino.
219 3443 257 3456 -
277 3407 409 3469 Natantis
427 3403 539 3486 generis
559 3416 670 3482 partem
690 3419 789 3464 natare
807 3423 859 3485 por
878 3409 971 3463 uicem·
982 3449 990 3480 ,
1011 3408 1074 3468 sive
1094 3394 1192 3470 vilare
1203 3458 1211 3486 ,
1226 3429 1296 3493 par-

69 3510 119 3560 tem
146 3523 199 3586 per
227 3493 331 3586 aquam
363 3518 461 3566 natare
474 3499 631 3564 'videmus
660 3527 695 3536 -
726 3503 864 3578 Quidni?
894 3529 928 3539 -
959 3505 996 3564 Et
1023 3507 1149 3568 volantis
1176 3510 1295 3588 quidem

69 3603 174 3674 generis
191 3607 288 3666 omnis
309 3604 425 3666 venatio
444 3595 716 3682 ὄρνιθοθηρεντινή
736 3601 854 3676 dicitur.
876 3628 910 3640 -·
930 3603 1045 3663 Dicitur
1060 3627 1138 3667 sane.
1156 3611 1295 3686 *Aque-

69 3695 160 3759 tiliutn
181 3723 251 3764 vero
270 3705 404 3764 universe
424 3704 484 3762 fere
509 3693 664 3782 οἱλιοντική.
685 3729 719 3740 -
740 3700 876 3760 Omnino.
898 3727 931 3738 ·-
952 3701 1055 3776 Quid?
1085 3705 1169 3764 Hanc
1195 3723 1294 3766 rursus

69 3798 251 3860 venationem
278 3823 379 3862 nonne
407 3802 440 3862 in
469 3801 543 3862 duos
572 3804 711 3864 maximas
738 3812 833 3880 partes
860 3798 1045 3862 dividimus?
1075 3827 1110 3840 ··-
1143 3806 1294 3879 Quaenam

69 3889 156 3956 istae?
177 3929 214 3940 -
234 3901 341 3960 Partim
368 3900 417 3960 htc
447 3901 634 3978 retinaculis,
665 3900 770 3983 partim
798 3898 981 3978 percussione
1005 3919 1153 3964 venamur.
1174 3907 1294 3980 -Qua

70 4003 219 4082 utrumque
249 4000 360 4060 ratione
388 3999 568 4080 distinguis?
589 4035 625 4044 -
644 4000 794 4071 Alterum,
820 3995 957 4074 quoniam
976 3997 1122 4078 quidquid
1142 4003 1294 4063 coircendi

69 4093 154 4168 giutid
174 4094 292 4183 aliquid
309 4097 583 4180 comprehendendo
599 4098 732 4170 cohibet,
754 4093 947 4154 retinaculum
966 4113 1094 4160 vocatur.
1109 4105 1249 4164 -Rectn
1260 4127 1296 4140 -··

69 4187 184 4268 Nessus,
207 4196 298 4271 retia,
329 4196 462 4276 laquens,
489 4197 651 4272 verriculo,
672 4210 782 4255 caetera
812 4193 976 4280 huiusmodi
1010 4216 1107 4282 nonne
1135 4203 1296 4264 rutinaculu

71 4289 198 4350 vocanda
218 4297 368 4354 suntl-
388 4294 462 4354 Sunt
481 4297 665 4356 0mnino.-
691 4295 774 4352 Hanc
794 4292 882 4372 igitur
900 4295 1062 4356 venationis
1081 4314 1190 4382 partem
1211 4296 1296 4383 iono-

71 4382 198 4469 θηρικην
219 4391 268 4451 vel
297 4392 385 4452 simili
414 4393 531 4452 nomine
548 4391 848 4475 appellabimus?-
868 4391 1006 4452 Omnino
1039 4421 1073 4432 -
1101 4398 1197 4462 Altera
1227 4423 1298 4467 vero

71 4489 188 4567 species,
210 4513 284 4570 quae
301 4491 393 4553 hamis
413 4505 441 4550 et
462 4491 584 4550 luscinis
597 4504 707 4572 captat,
728 4481 869 4570 minuturi
888 4491 1024 4551 universo
1043 4497 1300 4565 nominedicenda
