2924 5132
720 248 779 310 560

131 413 203 493 ἴσως
222 407 254 478 σι
279 410 351 478 θεία
369 408 444 497 πρός
462 408 499 475 τό
521 401 675 496 &auctor
695 409 759 497 ἅγια
777 413 866 496 τιμᾶν
892 415 942 478 aa
953 501 956 510 Ι
967 414 1096 496 νομίζειν
1115 411 1200 479 εἶναι*
1230 425 1372 477 virorum

40 583 47 596 .
131 530 259 610 optime,
288 521 442 593 dicamur,
471 529 587 578 notare
624 521 770 600 quosdam
798 522 959 580 divinitati
993 531 1121 602 captate
1149 523 1189 581 ad
1214 545 1281 583 rem
1315 527 1374 582 ribi

131 628 325 698 conjunctum
354 618 569 698 affirmandum
597 620 805 698 colendumque
835 620 921 678 ducit
932 665 939 694 ,
958 643 1051 698 quum
1069 619 1149 681 Deos
1168 645 1228 682 aare
1244 631 1372 683 οιτονὶι.

131 719 190 779 Sed
218 709 413 800 improborum
431 717 661 798 injustorumque
680 719 830 778 hominurn
853 718 970 800 publice
989 719 1183 801 privatimque
1201 743 1373 797 successus,

131 820 201 899 qui,
223 817 292 878 licet
311 839 342 876 re
369 837 438 877 vera
464 815 565 876 felices
594 839 653 876 uon
682 819 766 896 sint,
787 818 874 898 vulgo
899 832 998 878 tamen
1026 818 1126 879 felices
1151 819 1302 879 habentur
1315 867 1325 895 ,
1347 835 1376 879 et

131 917 311 978 carminibus
329 915 496 994 frequenter
515 936 547 974 ac
568 915 748 976 sermonibus
766 915 972 991 extolluntur,
993 929 1098 977 temere
1123 917 1161 977 ad
1189 919 1376 1000 impietatem

132 1031 160 1077 te
187 1015 374 1098 praecipitem
401 1026 510 1094 agunt:
533 1014 705 1090 ueletiam,
727 1036 792 1074 cum
821 1014 955 1074 scelestos
980 1015 1112 1075 homines
1139 1003 1240 1079 videas
1267 1019 1313 1078 sie
1336 1015 1376 1076 ad

47 1183 54 1194 .
132 1126 308 1176 senectutem
333 1114 505 1196 pervenire,
527 1126 558 1173 ut
584 1113 660 1174 filios
685 1127 770 1194 atque
795 1121 912 1195 nepotes
937 1114 1070 1174 maximis
1088 1114 1295 1176 condecoratus
1317 1117 1378 1176 ho-

132 1213 254 1274 noribus
278 1211 465 1293 relinquant,
494 1233 633 1295 perquam
659 1212 795 1274 turbaris
836 1214 987 1293 Propterea
1017 1234 1082 1273 oum
1102 1215 1177 1274 Deos
1195 1215 1305 1273 harum
1326 1235 1379 1273 re-

122 1297 198 1372 ¹rum
216 1325 344 1372 auctores
364 1333 422 1372 esse
434 1325 579 1394 ,propter
594 1313 685 1394 ipsam
704 1333 769 1370 curn
790 1311 871 1370 illis
868 1301 1085 1393 cognationem,
1107 1313 1239 1372 incusare
1250 1313 1378 1392 ,inque

134 1431 181 1471 eos
210 1431 328 1492 peccare
353 1410 453 1486 nolis,
479 1409 537 1470 huc
566 1410 685 1470 tandem
710 1400 845 1491 delapsus
870 1431 918 1486 es,
949 1424 999 1488 ut,
1029 1412 1099 1472 lieet
1117 1411 1192 1471 Deos
1210 1432 1271 1470 esse
1290 1412 1378 1472 arbi-

121 1525 210 1598 trere
220 1556 229 1585 ,
250 1509 391 1570 humanas
409 1523 506 1570 tamen
527 1531 571 1570 res
589 1510 626 1569 ab
645 1511 706 1570 illis
725 1509 834 1591 negligi
856 1457 966 1572 credas.
1007 1512 1050 1570 Ne
1069 1511 1157 1592 igitur
1177 1510 1249 1569 haec
1267 1512 1378 1592 opinio

133 1607 172 1668 ad
196 1593 356 1688 graviorem
383 1623 412 1668 te
439 1608 527 1668 ducat
552 1609 709 1690 impietatis
730 1608 879 1686 morbum,
901 1610 1072 1684 remedium,
1093 1630 1146 1690 pro
1164 1607 1280 1668 viribus
1307 1611 1378 1690 opi-

134 1708 252 1766 nionem
271 1706 347 1766 banc
370 1708 547 1783 refutantes,
568 1707 790 1768 adhibeamus.»
813 1705 859 1795 l)‘

173 1804 314 1866 Proficere
349 1827 385 1865 ex
405 1803 465 1866 'his
497 1807 626 1868 Platonis
664 1807 735 1867 locis
772 1808 859 1869 Stoici
897 1807 1078 1880 debuerant,
1110 1826 1200 1886 quum
1230 1803 1376 1866 adversus

133 1903 290 1984 Epicureos
318 1908 492 1968 sententiam
516 1927 595 1966 suam
620 1906 656 1967 de
676 1907 739 1967 Diis
760 1927 914 1987 eorumque
933 1904 1119 1986 providentia
1139 1915 1374 1985 propugnarent.

130 2000 298 2084 ιΗιιιιιιιιὶιιι
317 2023 385 2063 sane
412 2017 440 2063 et
465 2005 595 2085 prolecto
612 2007 667 2084 maj
670 2027 717 2064 ore
738 2027 803 2065 cum
821 2005 1006 2087 persuasione
1025 2001 1179 2062 dixissent.
1220 2003 1281 2060 Nec
1303 2023 1377 2062 vero

133 2099 234 2175 Plato,
255 2101 370 2179 quod
361 2122 451 2182 ipsam
479 2103 584 2162 attinet
600 2103 643 2162 rei
661 2103 952 2178 demonstrationem,
971 2093 1096 2176 minore,
1117 2100 1288 2200 quantilli,
1311 2099 1376 2160 dis

134 2200 259 2280 putandi
288 2199 442 2280 diligentia
471 2221 538 2260 usus
566 2214 618 2262 est.
668 2203 841 2265 Praeivit''
822 2225 858 2264 us
885 2204 1041 2304 optimam,
1070 2222 1156 2280 quam
1181 2215 1377 2280 sequerentur

134 2317 167 2358 ae
195 2311 347 2373 tenerent,
377 2301 464 2360 viam.
505 2299 553 2384 Sic
583 2298 662 2381 apud
689 2323 754 2361 eum
781 2323 866 2384 porro
895 2295 1012 2382 hospes
1025 2299 1094 2375 ille,
1116 2298 1199 2360 vel
1191 2320 1255 2380 rpse
1273 2299 1375 2382 potius
1456 2323 1457 2328 ¹

134 2416 233 2455 senex.
280 2397 372 2479 «Non
398 2398 453 2457 erit
479 2375 577 2458 forsan
606 2397 728 2480 difficile
754 2400 969 2476 demonstrare,
990 2401 1064 2459 Deos
1089 2421 1148 2458 non
1168 2399 1268 2457 minus
1288 2399 1370 2457 mini·

137 2487 247 2554 marum
271 2515 385 2572 rerum,
406 2517 492 2574 quam
517 2497 727 2574 maximarum,
747 2520 845 2558 curam
873 2499 989 2558 habere.
1032 2503 1109 2578 Age,
1130 2515 1228 2556 nonne
1259 2508 1365 2578 tempe-

121 2607 245 2654 rantem
270 2615 330 2655 esse
355 2615 387 2654 ac
413 2595 589 2676 sapientem,
611 2598 713 2658 virtuti
739 2597 898 2673 tribuitur,
918 2597 1097 2657 eontrarium
1123 2615 1190 2655 vero
1210 2589 1325 2656 'vitiol
1340 2621 1369 2631 ··

136 2696 227 2756 Certe.
255 2736 274 2746 -
318 2693 421 2770 Quid'r
451 2714 550 2754 nonne
581 2695 721 2756 fortitudo
744 2697 830 2756 etiam
858 2695 998 2756 tribuitur
1026 2695 1148 2769 virtuti,
1178 2693 1300 2774 ignavia
1331 2695 1376 2755 ri-

135 2795 200 2854 tio?
219 2823 235 2832 ·
272 2793 408 2870 Quidni?
430 2837 465 2858 ,-
484 2793 530 2854 Ex
548 2794 585 2853 iis
605 2783 682 2860 liaec.
695 2796 810 2877 turpia,
840 2795 891 2866 illa
918 2785 986 2855 vero
1013 2793 1132 2854 honesta
1158 2791 1378 2854 dicuntur?-

136 2892 291 2954 Dicuntur.
310 2933 346 2944 -
363 2890 429 2953 Καὶ
448 2892 509 2953 τῶν
529 2889 586 2970 μὲν
606 2887 763 2974 προσήκειν
783 2887 870 2976 ἡμῖν,
891 2889 988 2972 sinac,
1007 2885 1106 2953 ὁπόσα
1128 2891 1264 2973 φλαῦρα·
1289 2893 1380 2964 &soie

136 2986 173 3052 δὲ
204 2986 269 3077 οὔτε
299 2988 377 3075 μέγα
409 2988 475 3056 odite
498 2988 621 3075 σμικρδν
641 2995 702 3057 τῶν
723 2990 864 3057 τοιούτων
890 2977 982 3075 pratris*
1002 2993 1146 3078 ε’ροῦμιν;
1179 3007 1209 3056 et
1234 3015 1313 3074 quae
1342 3003 1376 3052 in

136 3096 185 3154 bia
212 3103 289 3156 vitio
319 3108 409 3173 aunt,
438 3100 520 3159 achis
548 3107 644 3158 ιἰιιιιι
666 3121 749 3178 porse
759 3122 773 3170 ,·
794 3097 875 3160 Dece
895 3121 962 3158 vcro
981 3121 1082 3158 eorum
1098 3109 1267 3178 participer
1284 3101 1373 3158 nullo

137 3194 218 3253 modo
237 3196 394 3256 dicemur?
414 3231 449 3244 -
466 3197 504 3256 Et
521 3197 590 3256 haec
607 3198 705 3277 quiris
723 3199 905 3259 concesserit.
924 3231 959 3241 -
978 3199 1125 3278 Numquid
1144 3197 1375 3280 negligentiam,

138 3290 298 3370 desidiam,
319 3294 458 3370 delicias,
480 3297 570 3356 animi
590 3297 727 3357 virtutem
753 3297 938 3378 putabimus,
959 3319 997 3356 an
1021 3299 1221 3358 contrarium?
1241 3337 1275 3348 -
1292 3299 1378 3358 Con-

136 3393 267 3452 trarium.
293 3435 328 3446 -
354 3395 412 3468 Qui
442 3394 576 3470 deliciis,
611 3395 803 3480 negligentiae
838 3395 1023 3475 desidiaeque
1054 3396 1170 3456 deditus
1197 3409 1258 3471 est,
1286 3418 1378 3476 quem

137 3497 219 3572 poe'ta
248 3493 363 3572 ignavis
390 3495 513 3554 maxime
542 3495 617 3574 fucis
647 3493 771 3556 similem
806 3495 966 3555 rectissime
992 3494 1084 3570 dicit,
1120 3493 1153 3611 2)
1179 3515 1277 3554 nonne
1307 3495 1380 3556 odio

138 3588 222 3649 nobis
239 3590 482 3666 babendusl-
511 3567 709 3653 Omnino-
731 3587 846 3654 Οὐκοῦν
868 3585 924 3676 τόν
949 3616 981 3674 γε
1009 3587 1086 3656 θεον
1112 3617 1147 3656 ov
1139 3589 1317 3678 'p‘qtdor’'
1296 3617 1382 3677 εχιιι

137 3688 218 3775 ἦθος
242 3695 376 3758 τοιοῦτον
406 3719 422 3758 ο
452 3692 488 3779 ye'
511 3696 556 3758 τοι
583 3687 676 3773 αὐτός
705 3699 798 3778 μιοιῖ·
828 3697 874 3784 aqi
901 3691 937 3758 τὲ
965 3722 993 3760 τι
1020 3696 1152 3760 τοιοῦτον
1179 3693 1381 3781 φθέγγεσθαι

137 3793 309 3885 πειρωμένῳ
333 3794 386 3862 οὐκ
407 3794 606 3884 ἐπιτρεπτέον·
630 3823 688 3862 non
715 3823 784 3884 ergo
811 3801 955 3860 dicendus
982 3799 1144 3861 Deael
1085 3803 1144 3859 tol
1143 3823 1173 3861 ιι
1199 3823 1297 3860 morae
1326 3806 1379 3866 Ιιπ-
1456 3779 1457 3796 i

137 3903 223 3976 bere,
253 3925 324 3980 quoa
350 3911 414 3981 ipse
441 3907 522 3963 odit:
553 3927 605 3962 rrec
633 3889 848 3963 concedendum
875 3901 935 3958 alta
960 3909 1005 3959 eat
1030 3907 1078 3958 ita
1107 3901 1214 3976 dicere.
1232 3933 1268 3944 -
1282 3901 1381 3962 Nullo

138 3999 287 4060 modo-
304 4001 391 4061 Porro
400 4002 541 4082 ,quod
533 4024 629 4063 rerum
649 4003 836 4073 minimarum
854 4019 953 4058 curam
981 3998 1105 4074 attinet,
1126 4000 1149 4056 si
1169 4000 1216 4058 cui
1236 4019 1379 4080 magnum

138 4099 285 4180 negotium
318 4100 528 4182 perficiendum
558 4114 615 4176 est,
646 4101 671 4160 is
709 4119 778 4160 vero
805 4097 929 4156 maxima
964 4097 1095 4177 quaeque
1123 4112 1222 4173 curat,
1252 4097 1379 4159 minima

174 4367 201 4432 l)
220 4372 258 4422 De
274 4371 385 4438 Leqq
363 4370 551 4424 108991)-
564 4369 660 4423 9000.

175 4451 207 4518 2)
220 4455 327 4508 Hesiod.
343 4457 387 4523 Op.
403 4459 499 4508 etds'er.
515 4473 554 4508 vs.
571 4455 630 4507 300.
649 4455 688 4508 Cf.
704 4453 807 4506 bullula.
819 4455 854 4505 ad
870 4417 930 4506 l'r'm
924 4470 970 4523 p.
984 4452 1041 4506 157.
