2872 5122
386 1275 1147 1387 orrurenrseirrrra

194 1955 284 2025 Viae,
315 1969 399 2029 quam
429 1949 547 2007 iniimus
564 1947 602 2007 ad
622 1948 749 2008 Platonis
769 1946 943 2029 explicanda
959 1947 995 2008 de
1009 1947 1112 2027 pulcro
1129 1946 1249 2028 placita,
1271 1961 1368 2030 parton
1424 1951 1426 2024 l

150 2057 209 2133 jam
239 2049 390 2108 maximam
419 2047 601 2105 confecimus.
644 2047 752 2105 Tenuit
777 2067 828 2105 nos
848 2068 933 2104 umor
959 2046 1116 2120 continuo,
1137 2047 1187 2125 qui
1219 2045 1257 2106 ad
1284 2045 1368 2127 pulcri

153 2153 315 2233 adspectum
345 2144 530 2216 accenditur,
559 2144 700 2222 semelque
730 2164 864 2203 aecensus
892 2143 1060 2233 acerrimum
1089 2144 1120 2202 in
1148 2145 1243 2203 animo
1273 2145 1369 2202 excitat
1424 2169 1426 2206 ς

154 2249 247 2331 pulcri
267 2243 451 2305 desiderium.
492 2240 577 2315 Quod
595 2255 763 2322 postquam,
784 2240 858 2300 duee
876 2241 1014 2316 Platone,
1029 2243 1139 2322 poetica
1159 2243 1289 2301 oratione
1307 2241 1368 2300 cela·
1424 2207 1426 2266 l

153 2347 316 2416 bravimus,
335 2340 373 2400 ad
392 2339 604 2420 diligentiorem
624 2338 693 2398 inde
721 2341 860 2420 progressi
884 2362 981 2399 sumus
1004 2339 1039 2399 de
1059 2349 1174 2399 musico
1193 2351 1369 2418 caeteraeque

153 2445 271 2504 ortibus
287 2438 535 2518 disquisitionem,
556 2457 675 2516 quarum
694 2435 731 2496 ad
748 2437 923 2497 erudiendos
938 2437 1107 2517 honestique
1126 2439 1223 2499 studio
1247 2440 1369 2498 imbuen-

153 2542 204 2603 dos
221 2540 308 2622 cives¹
317 2556 470 2618 permagna
489 2535 521 2594 in
539 2535 657 2595 civitate
679 2536 723 2595 vis
748 2550 798 2595 est.
840 2537 877 2596 Et
904 2535 952 2595 hle
980 2536 1096 2614 quidem
1119 2551 1216 2617 patere
1243 2537 1370 2597 omnihus
1424 2559 1425 2574 ¹

152 2639 323 2700 arbitramur
339 2657 400 2694 non
419 2647 530 2693 tantum
550 2632 754 2692 sublimitatem
774 2634 923 2693 doctrinae
942 2634 1125 2708 Platonicae,
1140 2634 1190 2693 sed
1209 2633 1369 2716 amplitudi-

153 2758 218 2798 nem
237 2737 304 2794 item
325 2747 352 2792 et
369 2733 545 2806 ubertatem,
564 2732 672 2816 quippe
691 2752 763 2810 quae
782 2745 809 2790 et
827 2733 948 2811 primam
968 2731 1114 2790 contineat
1141 2730 1268 2793 hominis
1296 2732 1369 2792 insti·

152 2836 291 2895 tutionem
312 2846 339 2890 et
356 2829 470 2888 moralis
487 2828 676 2910 politicaeque
697 2829 870 2909 disciplinae
890 2829 1055 2909 primordia.
1097 2830 1205 2889 Verum
1226 2833 1258 2890 in
1281 2831 1369 2913 pulcri

153 2932 352 3013 disquisitione
372 2928 443 2986 illuc
461 2929 584 2987 maxime
594 2926 765 3009 philosopho
781 2927 1016 2987 contendendum
1034 2941 1075 2986 est
1080 2973 1088 3002 ,
1111 2943 1142 2988 ut
1160 2929 1198 2988 ad
1217 2937 1370 2988 scientium
1423 2947 1424 2986 ξ

153 3031 302 3113 perueniat
320 3027 423 3110 pulcri.
465 3027 536 3084 Nam
554 3024 755 3107 philosophia,
777 3046 848 3104 quae
869 3025 995 3111 studium
1016 3041 1057 3085 est
1076 3028 1288 3106 cognoscendi,
1309 3049 1370 3107 qua·

153 3130 306 3207 liacunquc
330 3124 447 3185 tandem
471 3124 600 3204 exploret
629 3136 657 3182 et
684 3123 853 3202 investiget,
874 3145 973 3184 verum
997 3126 1029 3182 in
1049 3125 1183 3183 omnihus
1207 3129 1317 3206 assequi
1342 3146 1369 3182 ac

154 3247 247 3285 rerum
266 3239 363 3284 tenere
383 3222 531 3281 scientiam
551 3220 656 3280 studet.
698 3220 762 3295 Quo
782 3235 814 3280 ut
831 3223 1031 3303 perveniamus
1049 3222 1226 3302 aliquando,
1254 3225 1371 3284 interior
1422 3237 1423 3328 p

154 3345 232 3384 nunc
251 3321 334 3381 nohis
352 3319 468 3379 tandem
490 3317 669 3378 instituenda
697 3332 739 3376 est
765 3339 829 3376 cum
858 3321 978 3394 amoris,
998 3335 1059 3379 turn
1085 3334 1202 3379 naturae
1232 3319 1370 3380 humanae
1422 3349 1423 3421 p

153 3420 359 3504 pervestigatio.
400 3419 476 3498 Age,
495 3417 643 3508 redeamus
664 3417 696 3474 in
715 3416 872 3495 Agathonis
891 3419 1068 3477 convivium.
1110 3417 1198 3477 Adest
1217 3417 1299 3493 illic,
1324 3419 1368 3497 qui

152 3519 281 3580 noudum
301 3516 431 3589 dixerat,
452 3529 479 3573 et
498 3536 574 3572 unus
594 3513 722 3573 omnium
741 3515 847 3594 optime
867 3529 894 3573 et
909 3515 1004 3574 dicere
1023 3516 1059 3575 de
1078 3536 1171 3575 amore
1191 3529 1219 3575 et
1235 3517 1295 3576 vim
1314 3522 1370 3594 ejus

151 3617 296 3678 declarare
322 3627 450 3696 poterat,
481 3611 625 3686 Socrates,
647 3603 666 3670 ὁ
687 3605 912 3689 ἕρωτικιότατος.
943 3615 1022 3688 Quae
1042 3613 1126 3674 nohis
1143 3613 1307 3694 quaerenda
1326 3635 1369 3672 re-

151 3729 240 3789 stant,
258 3715 328 3773 haec
349 3735 400 3771 nos
418 3710 469 3769 ille
493 3709 626 3782 docebit,
648 3726 676 3771 et
704 3712 862 3794 explicabit
890 3711 993 3786 simul,
1019 3710 1099 3790 quod
1127 3711 1257 3772 nondum
1286 3710 1368 3794 plane

151 3827 244 3894 patet,
267 3813 371 3870 mirum
399 3809 475 3869 illud
505 3800 652 3887 μάθημα,
683 3833 739 3890 quo
760 3832 818 3869 uno
836 3809 944 3869 solebat
959 3809 1097 3888 gloriari,
1126 3806 1188 3869 τῶν
1209 3806 1366 3892 ἒρωτικῶνε

150 3911 268 3970 omnino
288 3909 391 3968 amoris
412 3908 496 3967 nohis
516 3908 702 3989 disciplinam
725 3907 836 3982 tradet,
854 3927 926 3987 quae
946 3907 982 3967 ad
997 3908 1091 3989 pulcri
1110 3909 1192 3971 ducit
1211 3912 1365 3972 scientiam.

149 4007 207 4069 Sed
236 4009 268 4068 in
285 4006 452 4067 convivium
471 4005 626 4066 redeamus.
844 4013 847 4019 '

289 4201 337 4263 De
358 4203 520 4279 disciplina
540 4210 670 4277 omorio,
691 4224 765 4280 quoe
784 4204 824 4261 od
840 4203 944 4279 pulcri
961 4203 1046 4261 ducit
1065 4210 1232 4263 seientiam.

191 4401 272 4460 Dixit
290 4414 353 4481 post
372 4398 588 4478 Aristophanem
607 4399 733 4478 Agatho,
753 4399 835 4475 cujus
854 4399 942 4459 oratio
961 4399 1000 4456 sic
1022 4398 1134 4478 placuit
1156 4398 1288 4458 omnihus
1297 4443 1306 4472 ,
1326 4398 1363 4456 sic

150 4519 246 4558 omnes
266 4500 296 4557 in
311 4498 438 4557 'dicentis
455 4495 672 4576 admirationem
691 4496 803 4575 rapuit,
823 4509 854 4554 ut
876 4496 977 4577 plausu
997 4516 1061 4554 eum
1082 4508 1109 4556 ct
1131 4497 1246 4555 summis
1275 4494 1363 4555 laudi-
