2832 5120
624 255 681 314 185

921 317 937 356 ο

64 407 172 494 epulavit
186 415 305 495 legisset.
328 411 464 472 Continet
483 413 551 472 haec
571 415 670 475 fabula
684 413 829 494 judicium
849 410 1000 494 Euripidis
1010 411 1041 468 in
1053 411 1164 468 inferis.
1193 408 1267 468 Sub*

59 518 181 592 jiciuntur
198 526 291 572 autem
309 512 390 588 quasi
411 511 501 570 oculis
511 559 519 586 ,
539 535 612 590 quae
632 515 664 572 in
685 532 752 572 orco
770 526 838 572 sunt
856 510 1002 590 insignia,
1022 508 1180 581 Cerberus,
1201 506 1266 587 sty-

61 615 112 693 giae
130 613 215 672 undae
226 658 233 685 ‚
255 609 367 669 Charon
397 623 573 668 mortuorum
594 613 734 692 portitor,
756 612 811 692 ipsi
837 610 960 682 mortui,
981 621 1042 665 tum
1058 606 1175 684 judices
1186 651 1193 678 ,
1215 606 1266 685 qui

60 711 90 768 de
113 711 221 770 mortuis
246 707 391 786 judicium
419 709 633 788 pronunciant,
660 709 725 768 aliar
768 711 896 783 Quorum
925 705 1132 785 descriptiones
1162 704 1265 762 ductae

59 807 178 864 videntur
202 826 238 863 ex
265 806 368 864 iisdem
396 807 505 886 poetis,
528 827 541 863 e
563 807 668 884 quibus
698 821 725 866 et
754 806 834 865 Plato
861 825 927 864 mox
953 816 981 861 et
999 816 1096 881 postea
1122 800 1266 880 Virgilius

59 905 192 979 desumsit3
215 905 265 964 sed
284 904 362 984 apud
380 904 600 985 Aristophanem
618 906 754 965 dramatis
774 919 814 963 est
838 906 948 976 forma,
968 915 1028 960 tum
1049 901 1176 976 iocorum
1196 913 1265 958 sunt

59 1002 139 1060 omnia
164 1016 191 1060 et
217 1003 385 1062 facetiarum
412 1001 517 1083 plena,
548 1004 651 1062 chorus
681 1003 798 1066 auditur
826 1023 960 1062 ranarum
978 984 1154 1080 βρεκέκεκὲξς
1181 993 1265 1071 κοάξ,

57 1094 121 1171 κοάξ·
146 1098 173 1179 l)
195 1099 320 1160 ridicula
338 1101 426 1181 plane
445 1103 597 1160 Charontis
626 1123 746 1182 persona
772 1115 822 1160 est.
863 1101 1040 1160 Peculiarem
1062 1100 1132 1158 hinc
1161 1101 1267 1159 Lucia-
1322 1171 1325 1182 ι

58 1224 116 1277 nus,
134 1199 292 1260 Promethei
318 1200 466 1277 cujusdam
493 1202 603 1275 instar,
631 1199 810 1280 dialogorum
840 1199 1007 1258 informavit
1034 1199 1267 1276 rationem,‚qua

15 1343 17 1380 3
58 1301 158 1372 umbrae
187 1301 219 1358 in
249 1309 315 1356 orco
344 1298 553 1356 inducerentur
578 1319 673 1356 seeum
699 1299 826 1357 invicem
841 1296 1063 1383 ,colloquentem
1095 1317 1267 1374 quamquam

57 1397 203 1475 hujusmodi
226 1395 279 1455 illa
299 1397 374 1470 fuit,
398 1409 428 1454 nt
448 1417 500 1454 uec
521 1397 696 1456 comoediam
724 1387 886 1476 legentibus
916 1395 1065 1474 antiquam
1093 1395 1191 1469 illam,
1213 1415 1265 1452 nec

58 1517 111 1554 vero
127 1494 339 1576 philosophiam
359 1508 582 1574 repraesentaret
602 1496 750 1574 integram.

88 1595 158 1653 Haec
179 1591 225 1651 de·
233 1593 369 1651 Lucieno.
411 1592 447 1651 In
467 1593 589 1673 dialogis
608 1592 749 1650 Platonis
774 1605 905 1666 exstant,
926 1591 1109 1673 quaeplane
1133 1593 1191 1649 sint
1211 1591 1266 1649 Lu·

57 1693 150 1752 cianeis
168 1691 292 1764 similia,
314 1711 379 1749 cum
399 1691 431 1748 in
454 1691 580 1750 moribus
603 1691 832 1772 perstringendis
850 1690 1032 1764 mortalium,
1054 1702 1115 1748 tum
1136 1691 1168 1748 in
1188 1689 1266 1749 vitae

56 1790 217 1870 praeceptis,
240 1788 290 1847 sed
309 1809 448 1866 nusquam
466 1788 654 1869 philosophus
673 1791 813 1846 comicum
838 1801 911 1868 agat.
953 1787 1069 1846 Placide
1095 1787 1173 1868 apud
1204 1808 1268 1845 eum

56 1908 182 1946 sermones
199 1886 367 1968 profluunt,
388 1887 420 1944 in
439 1899 572 1944 neutram
590 1902 699 1968 partem
718 1887 861 1966 insignes:
885 1907 938 1944 nec
958 1900 1055 1966 crepat
1072 1885 1169 1945 ubivis
1190 1885 1267 1944 vitae
1351 1932 1355 1939 .

15 2001 16 2004 ’
57 1987 254 2059 austeritatem,
276 1997 307 2068 ut
324 1986 469 2065 propriam
488 1985 610 2059 virtuti,
631 2005 684 2042 nec
712 2005 780 2044 vero
810 1983 927 2043 levitate
957 1985 1018 2063 ipse
1046 2003 1078 2041 ac
1102 1981 1264 2063 petulantid

57 2083 189 2142 exsultans
209 2083 329 2157 comici,
350 2082 382 2142 id
401 2085 553 2143 committit
581 2085 613 2141 in
643 2082 769 2142 moribus
793 2081 1037 2162 opinionibusque
1065 2081 1265 2161 exagitandis,

56 2181 121 2257 qnod
138 2181 197 2239 fere
217 2181 357 2240 commisit
373 2183 517 2242 Lucianus
526 2227 534 2256 ,
558 2195 588 2240 ut
607 2201 649 2244 ne¹
661 2180 721 2240 illis
740 2180 857 2260 quidem
866 2165 1012 2260 parceret,
1030 2189 1102 2257 qnae
1126 2193 1271 2237 cumsan-

56 2278 123 2337 sihus
148 2291 241 2338 essent
270 2278 390 2338 excelsis
414 2279 554 2358 rebusque
583 2281 688 2338 sanctis
717 2281 883 2357 conjuncta.
936 2278 1082 2352 Socrates,
1113 2287 1144 2336 ut
1168 2279 1268 2358 paucis

16 2397 17 2428 1
57 2373 155 2450 dicam,
177 2379 208 2435 in
228 2379 289 2454 ejus
306 2377 428 2458 dialogis
455 2392 550 2458 partes
576 2377 682 2452 habet,
703 2400 763 2436 non
791 2377 957 2458 Menippus.
999 2377 1105 2435 Orcum
1123 2376 1268 2452 Lucienus

15 2501 17 2504 ·
57 2484 134 2530 totum
153 2489 180 2533 et
197 2474 310 2534 fabulas
329 2474 364 2534 de
383 2475 441 2534 diis
462 2489 490 2534 et
508 2475 644 2535 heroibus
664 2477 705 2535 sic
726 2475 809 2534 nobis
831 2476 996 2556 proposuit,
1019 2489 1050 2533 ut
1069 2474 1162 2554 legere
1182 2473 1265 2534 nobis

15 2625 16 2632 ,
57 2576 153 2648 poetam
171 2574 311 2630 comicum
326 2573 489 2648 videamur,
511 2595 542 2632 ac
562 2572 705 2633 rideamus
723 2557 902 2647 identidem,
926 2587 957 2630 ut
975 2572 1058 2653 plebs
1077 2573 1171 2631 ridere
1182 2571 1268 2631 athe-

58 2667 187 2736 niensium
207 2669 333 2744 solebat,
356 2671 514 2730 comoedias
531 2685 671 2751 spectans.
724 2672 830 2751 Tangit
848 2670 960 2730 easdem
978 2670 1092 2729 fabulas
1115 2670 1214 2744 Plato,
1237 2683 1269 2727 ut

17 2817 19 2820 ,
57 2766 129 2826 modo
147 2769 180 2826 in
197 2767 303 2848 Gorgia
322 2769 436 2849 dialogo
459 2770 604 2844 vidimus,
625 2784 654 2830 et
672 2791 739 2832 vero
760 2769 1049 2828 celebratissimorum
1067 2769 1100 2827 in
1119 2767 1268 2848 republica

18 2891 20 2894 ’
58 2863 170 2923 virorum
188 2867 312 2948 ineptias
331 2869 474 2948 exagitat3
496 2865 546 2925 sed
564 2869 604 2927 sic
615 2869 685 2926 lacit
696 2881 866 2946 utrumque,
887 2880 918 2925 ut
928 2865 1061 2948 prodesse
1070 2867 1203 2942 civibus,
1218 2865 1267 2926 So-

20 3012 26 3027 ,
59 2964 130 3021 cratis
147 2965 257 3040 instar,
278 2965 345 3024 ‘non
365 2965 497 3046 placere,
528 2988 587 3024 non
606 2965 782 3045 gratificari,
803 2986 863 3024 uon
891 2965 979 3023 risum
1004 2985 1116 3024 movere
1146 2964 1269 3024 studeat.

19 3033 27 3129 l
60 3058 184 3134 absurdis
211 3062 328 3121 fabellis
355 3063 500 3122 meliorem
528 3063 677 3124 substituit
705 3063 791 3123 simul
811 3063 847 3122 de
868 3063 970 3120 inferis
988 3062 1147 3141 divinaque
1166 3075 1269 3122 natura

61 3155 223 3233 doctrinam,
245 3162 276 3218 in
295 3160 522 3241 perstringendis
541 3175 636 3220 autem
654 3161 729 3222 viris
752 3160 907 3242 praeclaris
930 3158 1010 3218 haud
1029 3173 1137 3241 spectat
1164 3161 1270 3236 unice,

60 3255 125 3329 quod
149 3259 321 3317 comicorum
348 3273 406 3333 est,
437 3261 561 3318 ridendo
588 3261 687 3318 dicere
718 3282 841 3333 aarum,
873 3257 923 3318 sed
952 3260 1012 3318 reri
1039 3260 1187 3338 justique,
1219 3259 1281 3320 sedi

61 3356 136 3412 sancti
147 3401 155 3428 ,
176 3357 207 3414 in
226 3358 288 3437 ipsa
308 3358 400 3415 ironia
421 3379 547 3417 caussam
566 3373 594 3417 et
612 3359 805 3439 patrocinium
822 3371 928 3417 tuetur.
971 3358 1041 3416 Nam
1061 3341 1154 3416 ironia
1174 3357 1271 3418 domi-

61 3465 133 3509 natur
150 3454 181 3511 in
201 3456 262 3532 ejus
280 3455 402 3534 dialogis
422 3454 582 3531 Socratica,
604 3479 664 3516 non
683 3458 785 3517 comici
811 3459 981 3538 protervitas
1000 3470 1049 3516 aut
1069 3458 1269 3517 contumacia:

15 3597 17 3602 .
63 3548 135 3606 risum
151 3551 236 3610 nobis
255 3554 361 3611 excitat
380 3555 456 3612 inter
476 3553 629 3634 legendum
653 3557 812 3630 Lucianus,
834 3555 913 3615 haud
938 3576 1018 3614 secus
1048 3569 1133 3632 atque
1157 3555 1270 3614 Aristo-

15 3713 16 3716 ,
62 3644 172 3724 phanes:
194 3653 227 3708 in
247 3650 365 3710 Platone
382 3651 504 3732 legendo
524 3653 714 3715 subridemus.

94 3745 139 3806 Est
166 3749 253 3832 igitur
282 3749 338 3807 alia
367 3750 506 3828 quaedam
534 3752 674 3832 longeque
701 3753 737 3811 ab
767 3753 928 3813 Aristotelis
957 3766 984 3811 et
1008 3752 1128 3810 Luciani
1158 3752 1269 3810 ratione

62 3839 161 3903 diversa
178 3846 335 3906 Platonici
354 3847 461 3928 dialogi
481 3863 591 3912 natura.
634 3851 719 3926 Quod
743 3865 837 3910 autem
856 3851 974 3910 formam
993 3851 1096 3909 attinet
1115 3849 1269 3926 dramatis,

63 3943 137 4020 magis
159 3944 210 4002 ille
239 3944 434 4025 Sophronam,
456 3968 540 4025 quam
569 3953 690 4009 comicos
718 3952 845 4010 imitatus
875 3948 999 4011 videtur.
1042 3949 1128 4008 Hunc
1161 3962 1270 4028 quanto

15 4069 17 4084 ι
65 4035 115 4096 loeo
131 4039 280 4117 habuerit,
301 4057 441 4104 testantur
461 4060 579 4108 veteres.
621 4049 645 4108 E
665 4047 765 4107 Sicilia
786 4051 847 4127 eius
866 4048 969 4106 mimos
984 4048 1113 4107 Athenas
1133 4047 1269 4107 detulisse

15 4179 16 4212 ,
66 4133 158 4198 dicitur
181 4163 282 4221 eosque
311 4143 350 4202 sic
379 4145 530 4225 probasse,
560 4162 592 4207 ut
614 4149 793 4227 octogenario
818 4149 906 4226 major
933 4147 1093 4229 suppositos
1117 4144 1269 4226 pulvinari

67 4231 201 4314 hahuerit,
222 4248 254 4298 in
275 4244 350 4320 quod
369 4245 578 4306 obdom'mentta
597 4254 626 4307 o'e
643 4247 895 4320 illamdivinam,
917 4259 949 4304 ut
971 4245 1013 4305 ait
1038 4244 1269 4319 Valckenarius,

71 4369 303 4392 Nm—

99 4443 120 4494 ¹l
136 4450 206 4503 Arist.
225 4455 289 4506 lima
308 4471 345 4506 vs.
365 4455 422 4508 209.
