2908 5114
716 291 774 353 ³56

127 461 201 520 fecta
220 472 289 518 sunt
305 455 401 538 pulcri
421 454 574 534 exempla,
596 453 646 511 sed
665 452 743 522 hanc
753 451 790 510 oh
801 469 939 525 caussam,
959 447 1038 528 quod
1060 456 1186 527 speeiem
1206 453 1362 528 pulcritn-
1443 528 1447 543 .

127 561 210 618 dinis
229 555 532 631 erimianaquandam
551 560 676 610 intuens
696 559 729 608 in
749 572 840 628 eaque
862 551 997 626 dejicias,
1017 547 1057 606 ad
1072 549 1161 606 illius
1180 550 1362 606 similitudi-

126 680 193 715 nem
207 666 305 713 ortem
322 665 351 712 et
370 674 495 710 manum
513 653 674 731 dirigebat.
696 648 732 707 ld
752 649 855 708 melius
875 648 994 720 Cicero,
1020 647 1103 724 cujus
1121 647 1199 719 haec,
1212 661 1279 704 sunt
1298 667 1361 706 ver·

125 754 179 829 ha,
204 751 232 831 l)
262 773 348 831 quam
368 749 535 809 Aristoteles
556 744 768 829 perspexit.,2)
789 745 847 806 Sed
866 745 971 818 Cicero¹
986 743 1099 803 scilicet
1119 765 1180 803 non
1208 744 1362 802 scientiam

124 872 286 912 caussarum
305 848 432 908 habehat
442 893 451 922 ,
472 868 558 925 quam
578 859 709 905 tueretur
729 865 762 902 ae
783 843 996 904 commendaret
1016 843 1111 902 unice.
1159 845 1165 856 “

163 949 329 1028 Intelligere
349 947 420 1004 hinc
441 966 573 1030 magnam
591 957 702 1024 partem
720 943 789 1002 licet
810 943 974 1002 Platonicae
997 939 1147 1002 doctrinae
1168 953 1197 998 et
1224 941 1363 1000 Aristote-

125 1049 198 1108 licae
216 1045 394 1119 discrimen;
417 1042 468 1102 sed
478 1089 487 1118 ,
508 1065 564 1122 quo
584 1043 672 1122 magis
690 1040 886 1122 comparando
907 1042 998 1121 ipsius
1027 1059 1210 1117 assequamur
1234 1038 1363 1097 Platonis

125 1145 162 1206 de
182 1143 293 1204 mundo
312 1139 411 1226 νοητῷ
430 1143 523 1222 deque
554 1142 628 1201 ideis
651 1140 844 1213 sententiam,
874 1138 929 1198 hoc
958 1135 1253 1198 animadvertendum
1280 1135 1362 1194 dein*

123 1264 191 1324 ceps
210 1258 260 1304 est.
301 1242 448 1303 Mundum
474 1237 701 1320 adspectabilem
731 1237 792 1297 sive
820 1237 973 1317 physicum
1004 1233 1173 1296 Aristoteles
1202 1235 1235 1292 in
1256 1228 1363 1312 naqadv

123 1340 266 1401 mundum
284 1341 442 1402 transtulit.
486 1337 568 1397 Plato
589 1350 688 1396 contra
708 1336 741 1394 in
757 1335 837 1393 hunc
857 1335 989 1395 traduxit
1016 1331 1244 1415 philosophum,
1274 1350 1307 1395 ut
1326 1335 1361 1394 de

122 1440 209 1498 rebus
229 1438 476 1521 adspectahilibus
494 1450 521 1495 et
540 1434 669 1516 physicis
690 1447 767 1491 recte
781 1432 937 1510 judicaret.
979 1434 1051 1492 Nam
1080 1450 1257 1509 persequens
1287 1433 1361 1491 Aris·

122 1537 223 1596 toteles
233 1583 242 1612 ,
263 1537 341 1617 quod
361 1536 571 1596 inchoaverant
590 1531 683 1590 lonici
693 1576 702 1605 ,
723 1531 810 1590 rebus
828 1531 986 1612 exploratis
1003 1528 1153 1611 physicis,
1182 1525 1220 1584 ad
1240 1549 1274 1586 ea
1293 1551 1363 1611 pro·

122 1635 225 1709 cessit,
247 1657 319 1714 quae
338 1655 424 1714 supra
442 1645 594 1705 naturam,
620 1621 696 1708 ὑπὲρ
722 1622 760 1689 rai
781 1620 891 1709 ovamai
914 1641 1017 1689 essent.
1059 1623 1147 1686 Unde
1177 1645 1240 1682 non
1267 1627 1363 1708 inepte

123 1732 185 1807 ejus
205 1731 241 1790 de
263 1733 384 1791 scientia
404 1752 512 1790 summa
531 1751 602 1810 opus
629 1732 780 1790 continere
809 1731 918 1792 dicitur
938 1717 978 1788 rei
1001 1717 1134 1804 needed
1158 1716 1290 1802 ocanni·
1321 1725 1362 1806 ip·

122 1849 186 1887 sum
205 1829 275 1888 inde
293 1849 399 1888 nomen
418 1830 572 1901 scientiae,
594 1830 819 1907 metaphysica,
842 1843 936 1888 ortum
956 1841 1007 1886 est.
1050 1827 1170 1904 Itaque,
1193 1826 1238 1883 uti
1270 1827 1304 1884 in
1323 1845 1363 1882 re·

123 1924 178 1984 bus
196 1925 345 2006 physicis,
366 1927 406 1986 ita
425 1927 458 1986 in
478 1927 540 2007 ipso
560 1925 661 2010 νοητῷ
681 1925 792 1986 mundo
809 1949 870 1986 non
891 1927 949 1986 nisi
972 1945 1096 1984 caussae
1116 1922 1231 1981 studuit
1259 1922 1363 2000 exqui-

121 2044 195 2083 rere.
237 2024 366 2082 Platonis
384 2045 453 2084 vero
473 2028 618 2085 contraria
639 2027 698 2085 fuit
719 2026 751 2082 in
777 2023 1011 2105 philosophando
1030 2023 1089 2084 via.
1131 2021 1242 2099 Nempe
1270 2021 1304 2078 in
1333 2041 1363 2077 ea

122 2141 286 2200 progressus
306 2135 367 2195 est,
388 2124 620 2202 quamprimum
643 2136 794 2204 aperuerat
821 2121 969 2196 Socrates,
991 2135 1041 2196 ut,
1071 2119 1167 2178 missis
1185 2117 1363 2176 sublimibus

124 2219 186 2276 istis
206 2218 370 2277 lonicorum
395 2217 668 2297 disquisitionibus,
690 2219 830 2299 aquibus
851 2217 974 2278 difficile
1002 2219 1109 2297 aliquis
1127 2214 1165 2276 ad
1186 2236 1214 2275 se
1235 2215 1364 2288 rediret,

124 2329 246 2373 asemet
265 2316 346 2395 ipso,
368 2314 405 2371 ab
421 2314 548 2375 hominis
566 2319 663 2377 animo
683 2315 886 2397 philosophiae
914 2314 1034 2374 duceret
1063 2308 1201 2387 initium,
1234 2312 1363 2391 indeque

122 2412 160 2471 ad
189 2432 285 2470 rerum
314 2425 446 2470 naturam
475 2427 503 2470 et
529 2415 632 2474 mundi
657 2414 855 2488 conditorem,
884 2414 996 2488 Deum,
1028 2411 1205 2472 escenderet.
1248 2409 1365 2468 lonicos

122 2508 208 2583 illos,
230 2509 381 2589 ipsumque
399 2511 599 2590 Anaxagoram
618 2513 776 2592 respiciens
804 2512 923 2586 Cicero,
944 2511 981 2570 de
1010 2509 1125 2568 Socrate
1155 2506 1251 2580 dixit,
1281 2507 1364 2565 hunc
1452 2507 1453 2558 i

122 2607 227 2681 fuisse,
258 2607 308 2686 qui
329 2628 344 2666 e
366 2607 446 2666 coelo
469 2606 623 2699 devocaret
649 2608 873 2690 philosophiam.
915 2607 963 2666 Sic
993 2607 1071 2668 enim
1096 2605 1150 2665 ille
1180 2605 1365 2664 nobilissimo

121 2704 185 2764 loco
204 2704 236 2763 in
255 2705 429 2763 Tusculanis
449 2707 685 2783 quaestionibus:
708 2709 744 2763 oh
765 2713 896 2783 antiqua
913 2705 1100 2782 philosophia
1119 2725 1214 2780 usque
1232 2703 1272 2762 ad
1307 2703 1364 2763 Sa-

120 2811 255 2876 cratem,
277 2810 331 2880 qui
351 2802 559 2876 Archelaum,
581 2803 787 2883 Anaxagorae
807 2805 1010 2880 discipulum,
1040 2803 1205 2876 audierat,
1237 2810 1365 2860 numeri

120 2910 274 2977 motusque
301 2902 521 2958 tractabantur
549 2910 579 2958 et
608 2902 686 2958 unde
715 2909 816 2959 omnia
837 2909 1017 2974 orirentur,
1050 2923 1140 2979 quave
1167 2901 1364 2958 reciderent:

119 2999 306 3075 studioseque
326 3001 361 3055 ah
379 2998 428 3055 his
447 3000 583 3057 siderum
604 3001 852 3079 magnitudines,
874 3000 1060 3073 intervalla,
1081 2999 1193 3056 cursus
1212 3007 1366 3075 anquire-

118 3099 232 3154 bantur
251 3105 280 3152 et
298 3105 409 3152 cuncta
430 3098 577 3157 coelestia.
622 3093 763 3186 Sacrqtee
783 3108 885 3156 autem
905 3082 1030 3175 primur
1056 3097 1280 3176 philosophiam
1312 3100 1366 3156 de-

120 3200 267 3252 vocavite
287 3195 363 3250 coelo
384 3203 415 3249 at
430 3195 464 3249 'in
486 3196 609 3252 urhihur
634 3197 790 3253 collacavit
811 3205 841 3252 et
869 3203 903 3253 in
928 3197 1026 3253 mmor
1056 3202 1150 3252 etiam
1181 3195 1366 3254 introduxit

120 3300 150 3350 et
169 3300 270 3376 coigit
285 3293 320 3350 de
340 3298 405 3348 vita
424 3300 454 3347 et
474 3295 606 3350 marthus
625 3297 770 3371 rebusque
791 3294 873 3352 bonis
896 3303 925 3351 et
943 3295 1034 3351 malie
1050 3312 1206 3371 quaerere.
1229 3289 1259 3369 3)
1283 3293 1365 3352 Ean·

120 3388 188 3448 dem
208 3389 380 3474 sententiam
400 3388 499 3448 Cicero
521 3389 625 3448 iisdem
641 3391 852 3471 propemodum
870 3391 968 3452 verbis
988 3390 1101 3472 saepius
1121 3389 1275 3469 usurpavit
1286 3435 1297 3464 ,
1334 3405 1366 3449 ut

117 3486 149 3546 in
169 3483 366 3545 Academicis:
391 3486 536 3554 Socrates
557 3489 634 3546 mihi
655 3490 794 3563 videtur,
824 3491 858 3547 id
884 3490 961 3567 quod
978 3499 1098 3549 canstat
1125 3496 1210 3546 inter
1238 3511 1364 3563 amnes,

110 3585 238 3660 'primus
258 3605 276 3642 a
296 3587 385 3644 reduc
403 3587 529 3644 occultis
548 3596 577 3644 et
597 3589 633 3646 ad
653 3596 720 3664 ipsa
740 3597 857 3645 natura
875 3588 1039 3663 involutis,
1065 3595 1100 3645 in
1121 3590 1230 3665 quihus
1256 3609 1365 3645 omnes

120 3692 192 3740 ante
211 3705 278 3742 eum
291 3685 463 3762 philosophi
482 3692 622 3762 occupati
633 3687 793 3762 fuerunt,
821 3692 988 3745 avocavisse
1011 3687 1234 3763 philoeephiam
1258 3695 1295 3741 et
1324 3687 1366 3742 ad

155 3974 180 4040 1)
199 3975 269 4040 Qrat.
288 3995 310 4028 c.
327 3978 352 4029 2.
371 3978 418 4030 cit.
435 3980 555 4047 laitiap.
573 3978 620 4044 92,
640 3979 698 4032 330.
827 4034 832 4040 .

153 4064 179 4136 2)
197 4065 268 4117 Vidit
283 4070 387 4135 quidem
401 4070 578 4135 Aristoteles,
596 4081 720 4141 recteque
737 4074 818 4138 dixit,
836 4059 911 4128 narei
943 4059 1068 4143 μέθεξιν
1094 4058 1166 4126 εἶναι
1197 4061 1236 4126 roi
1260 4051 1365 4129 nonai

117 4156 179 4219 τῶν
200 4152 382 4238 συνωνύμων
398 4155 547 4243 ὁμώνυμα
569 4165 630 4238 τοῖς
651 4160 749 4226 εἴδεσι.
766 4177 874 4244 Metapa.
897 4176 916 4227 Ι.
939 4193 965 4244 p.
990 4175 1032 4228 16.
1055 4176 1106 4230 Sed
1131 4175 1217 4226 haesit
1241 4175 1304 4227 tere
1335 4181 1363 4230 in

117 4268 205 4320 hicce:
229 4284 282 4320 non
302 4270 416 4335 tornes,
442 4274 651 4342 nonexempla,
672 4290 727 4328 non
745 4262 989 4350 παραδείγματα,
1016 4288 1083 4342 quae
1107 4289 1156 4328 nos
1179 4274 1363 4342 imitaremur,

116 4363 182 4414 idelis
199 4365 334 4416 intellexit.

150 4447 175 4499 3l
198 4450 267 4500 Tusc.
280 4451 308 4514 Q.
326 4449 357 4501 V.
375 4452 399 4501 d.
