2838 5120
749 281 807 342 302

163 441 313 502 hominem
341 452 370 501 te
400 461 460 501 erre
488 444 621 504 nomm?
645 443 675 524 Ι)
715 445 780 506 Non
806 439 890 506 aliter
909 401 1078 526 Pythagorei
1097 447 1177 526 quasi
1196 446 1369 526 colloquendo

163 561 259 602 secum
278 539 442 620 cogitabant
458 541 580 622 singulis
597 543 739 623 vesperis.

290 637 348 724 Πῆ
368 632 516 721 παρέβην;
538 663 567 701 τι
562 635 618 702 ’δ’
639 635 739 721 ἔρεξα·
761 639 793 703 τί
811 662 865 720 μοι
856 635 1012 702 ‹lioe'
976 661 1029 703 ove
1049 637 1209 723 ἐτελέσθης
1226 645 1258 727 2)
1357 671 1361 682 ·

133 783 137 792 ,
163 741 220 802 Hic
250 741 339 821 igitur
363 755 405 801 est
429 742 558 802 Platonis
584 745 616 802 in
644 744 798 824 cogitando
824 736 844 805 c‘
872 737 957 817 ἐντός
982 743 1038 825 τῆς
1063 742 1169 826 ψυχῆς
1194 739 1272 825 πρός
1296 737 1370 828 cirria

162 832 297 919 διάλογος
318 831 387 902 ἄνευ
408 839 512 923 φωνῆς
532 834 716 922 γιγνόμενος,
738 847 822 923 cujus
840 846 987 907 effluvium
1006 842 1042 905 ex
1062 865 1110 906 ore
1128 861 1194 905 cum
1212 869 1283 907 sono
1299 869 1369 907 sermo

163 957 214 1004 est.
241 943 280 1002 Et
306 943 347 1002 sio
367 942 485 1023 quidem
506 965 559 1005 nos
577 960 677 1026 sponte
696 947 825 1006 nativam
845 945 933 1004 trium
953 945 1059 1011 artium
1078 946 1270 1004 maximarum
1281 991 1289 1022 ,
1307 947 1370 1027 ocgi-

146 1037 245 1100 xtandi
256 1085 264 1116 ,
295 1040 415 1102 dicendi
444 1064 477 1101 ac
497 1042 645 1103 scribendi
665 1045 804 1104 rationem
824 1043 1013 1122 assequimur:
1035 1063 1107 1123 quae
1127 1045 1151 1103 si
1171 1041 1331 1126 philosophi
1346 1065 1369 1104 ac

160 1139 287 1198 rhetores
317 1139 507 1200 attendissent
534 1141 633 1222 paullo
661 1142 850 1223 diligentius,
881 1141 1042 1221 simplicius
1071 1161 1140 1202 sane
1167 1144 1324 1222 rectiusque
1343 1142 1368 1201 de

161 1237 263 1298 harum
283 1239 388 1297 artium
404 1217 557 1320 principiis
574 1239 733 1320 studiisque
754 1241 885 1321 egissent.

200 1335 311 1410 Quodsi
339 1336 409 1396 haec
436 1339 559 1396 maxime
588 1339 728 1398 naturalis
752 1337 905 1398 dialectica
926 1351 985 1413 est,
1006 1357 1063 1418 qua
1082 1337 1202 1398 tandem
1220 1339 1327 1399 ratione
1340 1355 1365 1396 ac

159 1441 262 1511 intus,
290 1449 322 1494 ut
349 1435 400 1494 ille
419 1448 521 1511 vocat,
543 1425 693 1495 nhbt'actem
710 1437 905 1514 colloquentes
922 1433 955 1494 id
974 1436 1168 1516 assequimur,
1191 1437 1271 1517 quod
1291 1455 1367 1497 semu
1400 1474 1404 1484 ·

161 1537 228 1594 est?
257 1535 329 1593 Nam
356 1535 413 1594 huc
440 1549 548 1616 spectat
577 1537 669 1596 omnis
691 1536 752 1596 sive
780 1534 925 1616 cogitandi
950 1535 1011 1593 sive
1031 1535 1181 1594 nobiscum
1201 1533 1368 1615 colloquendi

159 1655 216 1694 ars.
257 1634 305 1693 Fit
329 1633 407 1693 illud
417 1679 426 1708 ,
447 1647 480 1693 ut
499 1655 536 1692 ex
552 1649 612 1694 tota
629 1635 685 1694 hae
706 1648 801 1694 nostra
820 1633 857 1693 de
875 1632 1004 1693 Platonis
1020 1631 1173 1692 dialectica
1191 1632 1367 1715 disputatione

158 1745 257 1813 patet,
286 1734 432 1791 cernendo
450 1737 673 1815 jungendoque.
720 1733 875 1794 omento
899 1731 1052 1793 ridemus:
1067 1731 1152 1790 unde
1171 1753 1297 1791 eernere
1311 1727 1367 1811 apul

159 1830 279 1891 Latinos
305 1833 426 1890 videndi
454 1831 541 1892 habet
564 1833 804 1914 significationem
815 1856 823 1910 3
838 1831 1009 1912 jungendis
1027 1843 1137 1904 autem,
1157 1849 1234 1910 quae
1254 1829 1366 1890 discreti·

162 1949 227 1988 mus
255 1945 343 2005 ante,
374 1932 547 2011 cogitamus,
577 1932 763 2007 invenimus,
789 1929 971 2010 judicamus:
1001 1926 1079 2008 quod
1102 1927 1170 1987 item
1191 1929 1366 1988 demonstrant

163 2027 289 2108 linguae.
329 2029 402 2088 Nam
419 2029 645 2111 cogitare-quid
664 2030 749 2090 aliud
767 2044 825 2105 est,
847 2049 932 2109 quam
952 2027 1111 2106 coagitare,
1132 2041 1254 2108 coegere
1264 2073 1273 2103 ,
1292 2044 1364 2112 eogere

162 2127 182 2187 i.
205 2148 229 2186 e.
244 2129 404 2209 jungere?
425 2131 593 2188 commmore
606 2127 712 2188 dieunt
730 2129 912 2188 recentiores.
948 2118 1080 2186 Συνιέναι
1101 2140 1196 2187 autem
1215 2127 1361 2187 Graecorum

162 2247 261 2284 nonne
282 2227 449 2288 Latinorum
465 2229 656 2307 intelligere,
677 2247 743 2286 cum
761 2227 798 2287 sit
815 2229 930 2308 proprie
948 2235 1153 2300 committere,
1173 2225 1323 2308 exprimit?
1337 2217 1360 2296 3)

163 2325 251 2402 Cujus
272 2326 313 2383 rei
331 2326 354 2384 si
374 2327 438 2406 quis
458 2327 525 2391 item
544 2325 708 2406 exemplum
733 2327 860 2406 expetit,
881 2326 913 2384 in
932 2339 1046 2408 promtu
1067 2339 1117 2385 est„
1159 2325 1199 2384 Et
1224 2319 1364 2402 Xenophon

160 2434 188 2480 et
215 2409 333 2484 Servius
361 2423 537 2504 Sulpicius,
553 2425 587 2482 in
615 2423 669 2482 hoc
699 2424 777 2482 intus
805 2425 933 2504 ipsorum
950 2424 1116 2504 colloquio,
1136 2419 1284 2482 cernendo
1298 2417 1364 2478 mari·

161 2539 262 2598 meque
275 2520 427 2601 jungendo
445 2521 618 2602 reputabant
636 2543 731 2580 secum
755 2521 1020 2602 inveniebantque,
1041 2522 1109 2598 hic,
1128 2519 1201 2602 quid
1224 2521 1366 2580 existiman·

159 2616 229 2676 dum
249 2617 285 2677 de
306 2619 391 2679 rebus
410 2620 563 2694 humanis,
585 2619 637 2679 ille
647 2619 750 2700 ,quid
768 2621 913 2700 agendum
930 2643 982 2703 pro
1003 2619 1122 2682 Graecis
1140 2633 1224 2680 esset.
1246 2621 1365 2696 Uterque,

149 2729 191 2775 ·ut
211 2717 289 2798 apud
309 2719 466 2778 Homerum
478 2716 514 2778 de
531 2718 646 2778 Achille
665 2719 793 2778 dicitur:

657 2857 691 2868 -
713 2813 745 2878 ἒν
766 2813 851 2878 δὲ
823 2838 851 2877 οι
870 2808 945 2898 ἦτορ
1221 2886 1224 2897 Ι

404 2911 549 3004 στήθεσσι
570 2916 694 2980 λασίοισι
716 2903 855 3000 διάνδιχα
875 2912 1069 3004 μερμήριξεν·
1085 2916 1116 2998 ll)

156 3033 206 3080 aut
222 3021 301 3102 apud
323 3022 479 3102 Virgilium
500 3021 536 3082 tle
552 3024 666 3082 Aenea:

349 3159 383 3168 -
404 3128 540 3178 animum
561 3143 641 3180 αααα
661 3122 718 3178 leuc
739 3121 862 3179 celerem
883 3143 963 3178 nunc
984 3121 1096 3179 dividit
1113 3121 1206 3194 illuc,
1228 3117 1261 3199 5)

154 3218 198 3278 sic
214 3217 267 3293 hi,
286 3219 319 3278 in
339 3232 433 3299 partes
453 3219 580 3278 animum
601 3219 849 3300 variastrapiunt,
869 3239 976 3300 perque
997 3219 1092 3278 omnia
1110 3232 1247 3278 versant:
1269 3213 1364 3276 servius

155 3330 268 3392 autem,
298 3316 506 3377 animadversis
532 3317 699 3396 singulatim
729 3339 794 3376 cum
824 3320 962 3396 oppidem
984 3317 1060 3392 illis,
1082 3337 1155 3396 quae
1175 3330 1276 3391 uocat,
1297 3312 1364 3372 rode·

155 3417 292 3490 nemias,
324 3428 385 3474 tum
412 3414 497 3476 rebus
526 3415 679 3493 humanis,
702 3416 752 3476 ubi
766 3417 869 3494 junxit
886 3430 1025 3496 utraque:
1047 3409 1131 3476 visae
1149 3425 1184 3474 tu
1204 3426 1253 3492 te,
1276 3414 1363 3479 Servi,

189 3674 214 3740 1)
235 3676 494 3768 erantpastores.
515 3673 620 3730 ivs

188 3753 214 3819 2)
232 3755 307 3822 Pyrr.
329 3776 381 3836 χρ.
403 3745 471 3834 ἔπη.
493 3773 532 3811 vs
551 3757 593 3809 42

188 3859 215 3927 3)
233 3859 324 3914 Nativc
354 3861 502 3914 Herodotus
528 3865 553 3928 l,
577 3860 612 3913 24
641 3858 674 3909 de
694 3855 793 3910 Arione
816 3854 917 3906 insidiis
942 3863 1075 3908 nautarum
1096 3853 1225 3908 obnoxio:
1252 3835 1302 3904 etit
1324 3831 1361 3905 δὲι

155 3939 309 4006 συνέντα
329 3951 431 4021 τοῦτο,
453 3943 609 4011 λίσσεσθαι
624 3983 663 3992 -
693 3957 845 4023 Exprimunt
863 3957 967 4026 linguae
985 3955 1061 4023 plane
1077 3953 1238 4011 dialecticam
1250 3944 1360 4002 Phl⁰¹¹¹⁸·

155 4060 205 4100 nec
227 4048 310 4100 miuus
326 4058 447 4112 nostrae,
466 4065 541 4118 quam
558 4049 685 4114 antiquae.
721 4035 885 4119 Arciptuttg
904 4065 930 4102 v.
957 4065 979 4100 c.
1004 4056 1095 4100 nostro
1119 4050 1299 4118 corneolos,
1320 4055 1360 4091 ar·

154 4145 290 4212 thenon,
315 4127 482 4209 συναγωγαὶ
503 4153 560 4190 oum
583 4136 640 4188 aliis
656 4137 769 4202 §vocibus
789 4151 842 4194 tum
858 4141 898 4192 his
921 4149 1045 4203 cotton,
1067 4139 1239 4206 levipes,
1263 4128 1358 4187 testae

156 4235 221 4289 tea,
244 4224 369 4277 Francico
392 4223 418 4274 in
445 4224 534 4290 primis
556 4221 719 4274 combinor
744 4223 921 4292 significantur
944 4230 970 4274 et
993 4222 1164 4274 declarantur.
1201 4224 1293 4275 Fontes
1315 4231 1359 4268 ⁰¹¹¹·

156 4313 217 4365 nino
232 4326 312 4364 verae
327 4309 509 4377 philosophiae
528 4310 718 4379 linguaesuae.

188 4401 214 4467 ι)
233 4404 306 4456 rom.
325 4402 355 4453 rt
379 4387 414 4454 α’.
437 4403 496 4456 ess.

190 4496 215 4562 5)
233 4498 304 4565 Virg.
322 4497 384 4548 Aen.
404 4497 444 4549 lV.
463 4496 521 4550 285¹.
540 4497 603 4548 Vlll.
619 4496 660 4548 20.
