<?xml version="1.0" encoding="UTF-8"?>
<!DOCTYPE html PUBLIC "-//W3C//DTD XHTML 1.0 Transitional//EN"
    "http://www.w3.org/TR/xhtml1/DTD/xhtml1-transitional.dtd">
<html xmlns="http://www.w3.org/1999/xhtml" xml:lang="en" lang="en">
 <head>
  <title>
</title>
<meta http-equiv="Content-Type" content="text/html;charset=utf-8" />
  <meta name='ocr-system' content='tesseract 3.04.00' />
  <meta name='ocr-capabilities' content='ocr_page ocr_carea ocr_par ocr_line ocrx_word'/>
</head>
<body>
  <div class='ocr_page' id='page_1' title='image "./initiaphilosoph02heusgoog_0571.png"; bbox 0 0 2924 5132; ppageno 0'>
   <div class='ocr_carea' id='block_1_1' title="bbox 713 251 773 312">
    <p class='ocr_par' dir='ltr' id='par_1_1' title="bbox 713 251 773 312">
     <span class='ocr_line' id='line_1_1' title="bbox 713 251 773 312; baseline 0.033 -2"><span class='ocrx_word' id='word_1_1' title='bbox 713 251 773 312; x_wconf 64' lang='lat'><em>550</em></span> 
     </span>
    </p>
   </div>
   <div class='ocr_carea' id='block_1_2' title="bbox 49 415 1380 2674">
    <p class='ocr_par' dir='ltr' id='par_1_2' title="bbox 119 415 1374 1295">
     <span class='ocr_line' id='line_1_2' title="bbox 127 415 1366 504; baseline 0 -26"><span class='ocrx_word' id='word_1_2' title='bbox 127 419 159 478; x_wconf 88' lang='lat' dir='ltr'><em>in</em></span> <span class='ocrx_word' id='word_1_3' title='bbox 179 417 280 478; x_wconf 82' lang='lat' dir='ltr'><em>ecdem</em></span> <span class='ocrx_word' id='word_1_4' title='bbox 298 430 367 478; x_wconf 84' lang='lat' dir='ltr'><em>sunt</em></span> <span class='ocrx_word' id='word_1_5' title='bbox 384 415 500 504; x_wconf 76' lang='lat' dir='ltr'><em>animus</em></span> <span class='ocrx_word' id='word_1_6' title='bbox 513 429 543 478; x_wconf 85' lang='lat' dir='ltr'><em>et</em></span> <span class='ocrx_word' id='word_1_7' title='bbox 559 435 682 499; x_wconf 81' lang='lat' dir='ltr'><em>corpus,</em></span> <span class='ocrx_word' id='word_1_8' title='bbox 700 417 755 478; x_wconf 89' lang='lat' dir='ltr'><em>hoc</em></span> <span class='ocrx_word' id='word_1_9' title='bbox 772 416 895 500; x_wconf 61' lang='lat' dir='ltr'><em>quidem</em></span> <span class='ocrx_word' id='word_1_10' title='bbox 910 419 1020 480; x_wconf 78' lang='lat' dir='ltr'><em>cerviae</em></span> <span class='ocrx_word' id='word_1_11' title='bbox 1038 431 1143 478; x_wconf 86' lang='lat' dir='ltr'><em>natura</em></span> <span class='ocrx_word' id='word_1_12' title='bbox 1157 418 1260 496; x_wconf 75' lang='lat' dir='ltr'><em>jubet,</em></span> <span class='ocrx_word' id='word_1_13' title='bbox 1280 419 1366 480; x_wconf 87' lang='lat' dir='ltr'><em>illum</em></span> 
     </span>
     <span class='ocr_line' id='line_1_3' title="bbox 126 513 1367 599; baseline 0 -22"><span class='ocrx_word' id='word_1_14' title='bbox 126 537 195 578; x_wconf 82' lang='lat' dir='ltr'><em>vero</em></span> <span class='ocrx_word' id='word_1_15' title='bbox 214 535 342 598; x_wconf 79' lang='lat' dir='ltr'><em>praeesse</em></span> <span class='ocrx_word' id='word_1_16' title='bbox 359 529 447 594; x_wconf 75' lang='lat' dir='ltr'><em>atqm</em></span> <span class='ocrx_word' id='word_1_17' title='bbox 460 513 615 576; x_wconf 83' lang='lat' dir='ltr'><em>dominari.</em></span> <span class='ocrx_word' id='word_1_18' title='bbox 657 517 851 591; x_wconf 83' lang='lat' dir='ltr'><strong>Quamobrem</strong></span> <span class='ocrx_word' id='word_1_19' title='bbox 869 533 969 581; x_wconf 87' lang='lat' dir='ltr'><em>nonne</em></span> <span class='ocrx_word' id='word_1_20' title='bbox 988 515 1093 578; x_wconf 83' lang='lat' dir='ltr'><em>divino</em></span> <span class='ocrx_word' id='word_1_21' title='bbox 1111 516 1240 592; x_wconf 83' lang='lat' dir='ltr'><em>animus,</em></span> <span class='ocrx_word' id='word_1_22' title='bbox 1261 539 1367 599; x_wconf 82' lang='lat' dir='ltr'><em>eor-pm</em></span> 
     </span>
     <span class='ocr_line' id='line_1_4' title="bbox 127 611 1369 694; baseline -0.002 -18"><span class='ocrx_word' id='word_1_23' title='bbox 127 636 196 676; x_wconf 75' lang='lat' dir='ltr'><em>vero</em></span> <span class='ocrx_word' id='word_1_24' title='bbox 226 613 341 674; x_wconf 76' lang='lat' dir='ltr'>mortali</span> <span class='ocrx_word' id='word_1_25' title='bbox 369 613 464 674; x_wconf 88' lang='lat' dir='ltr'><em>simile</em></span> <span class='ocrx_word' id='word_1_26' title='bbox 492 633 553 672; x_wconf 81' lang='lat' dir='ltr'><em>esse</em></span> <span class='ocrx_word' id='word_1_27' title='bbox 575 612 736 676; x_wconf 75' lang='lat' dir='ltr'><em>videatur?</em></span> <span class='ocrx_word' id='word_1_28' title='bbox 778 615 824 676; x_wconf 81' lang='lat' dir='ltr'><em>Ex</em></span> <span class='ocrx_word' id='word_1_29' title='bbox 841 611 895 674; x_wconf 84' lang='lat' dir='ltr'><em>his¹</em></span> <span class='ocrx_word' id='word_1_30' title='bbox 912 614 1002 694; x_wconf 82' lang='lat' dir='ltr'><em>igi-tur</em></span> <span class='ocrx_word' id='word_1_31' title='bbox 1019 613 1157 675; x_wconf 80' lang='lat' dir='ltr'><em>omnibus</em></span> <span class='ocrx_word' id='word_1_32' title='bbox 1176 613 1369 694; x_wconf 79' lang='lat' dir='ltr'><em>colligamus,</em></span> 
     </span>
     <span class='ocr_line' id='line_1_5' title="bbox 126 703 1371 800; baseline -0.002 -24"><span class='ocrx_word' id='word_1_33' title='bbox 126 713 171 800; x_wconf 71' lang='grc' dir='ltr'><em>τῷ</em></span> <span class='ocrx_word' id='word_1_34' title='bbox 199 709 256 791; x_wconf 74' lang='grc' dir='ltr'><em>’μὲν</em></span> <span class='ocrx_word' id='word_1_35' title='bbox 281 709 357 796; x_wconf 60' lang='lat' dir='ltr'><em>&amp;alp</em></span> <span class='ocrx_word' id='word_1_36' title='bbox 381 709 430 772; x_wconf 75' lang='grc' dir='ltr'><em>καὶ</em></span> <span class='ocrx_word' id='word_1_37' title='bbox 452 703 599 796; x_wconf 68' lang='grc' dir='ltr'><em>ἀθανάτῳ</em></span> <span class='ocrx_word' id='word_1_38' title='bbox 620 711 671 774; x_wconf 73' lang='lat' dir='ltr'><em>uui</em></span> <span class='ocrx_word' id='word_1_39' title='bbox 696 713 795 798; x_wconf 72' lang='grc' dir='ltr'><em>νοητῷ</em></span> <span class='ocrx_word' id='word_1_40' title='bbox 824 709 874 774; x_wconf 69' lang='grc' dir='ltr'><em>καὶ</em></span> <span class='ocrx_word' id='word_1_41' title='bbox 903 712 1051 792; x_wconf 73' lang='lat' dir='ltr'><em>uoruerdei</em></span> <span class='ocrx_word' id='word_1_42' title='bbox 1070 710 1120 774; x_wconf 78' lang='lat' dir='ltr'><em>uni</em></span> <span class='ocrx_word' id='word_1_43' title='bbox 1149 706 1300 798; x_wconf 74' lang='grc' dir='ltr'><em>ἀδιαλύτῳ</em></span> <span class='ocrx_word' id='word_1_44' title='bbox 1322 712 1371 774; x_wconf 79' lang='grc' dir='ltr'><em>καὶ</em></span> 
     </span>
     <span class='ocr_line' id='line_1_6' title="bbox 119 803 1370 901; baseline -0.002 -24"><span class='ocrx_word' id='word_1_45' title='bbox 119 811 171 878; x_wconf 80' lang='lat' dir='ltr'><em>&#39;ciel</em></span> <span class='ocrx_word' id='word_1_46' title='bbox 202 808 344 888; x_wconf 65' lang='grc' dir='ltr'><em>ὡσαύτως</em></span> <span class='ocrx_word' id='word_1_47' title='bbox 367 803 515 875; x_wconf 74' lang='lat' dir='ltr'><em>uul&#39;moi</em></span> <span class='ocrx_word' id='word_1_48' title='bbox 542 810 636 876; x_wconf 81' lang='lat' dir='ltr'><em>courel</em></span> <span class='ocrx_word' id='word_1_49' title='bbox 667 809 767 896; x_wconf 74' lang='grc' dir='ltr'><em>ἔχοντι</em></span> <span class='ocrx_word' id='word_1_50' title='bbox 795 809 911 901; x_wconf 68' lang='grc' dir='ltr'><strong>ἑαυτῷ,</strong></span> <span class='ocrx_word' id='word_1_51' title='bbox 944 807 1123 893; x_wconf 70' lang='grc' dir='ltr'><em>ὁμοιότατον</em></span> <span class='ocrx_word' id='word_1_52' title='bbox 1148 809 1220 881; x_wconf 73' lang='grc' dir='ltr'><strong><em>εἶναι</em></strong></span> <span class='ocrx_word' id='word_1_53' title='bbox 1239 809 1370 896; x_wconf 69' lang='grc' dir='ltr'><em>’ψυχήν</em></span> 
     </span>
     <span class='ocr_line' id='line_1_7' title="bbox 127 918 1372 999; baseline -0.001 -22"><span class='ocrx_word' id='word_1_54' title='bbox 127 921 245 994; x_wconf 79' lang='lat' dir='ltr'><em>dinirec,</em></span> <span class='ocrx_word' id='word_1_55' title='bbox 267 918 456 994; x_wconf 79' lang='lat' dir='ltr'><em>immortali,</em></span> <span class='ocrx_word' id='word_1_56' title='bbox 477 919 686 999; x_wconf 71' lang='lat' dir='ltr'><em>intelligibili,</em></span> <span class='ocrx_word' id='word_1_57' title='bbox 708 921 860 996; x_wconf 73' lang='lat' dir='ltr'><em>uniformi</em></span> <span class='ocrx_word' id='word_1_58' title='bbox 864 963 872 992; x_wconf 91' lang='lat'><em>‚</em></span> <span class='ocrx_word' id='word_1_59' title='bbox 892 919 1114 994; x_wconf 71' lang='lat' dir='ltr'><em>indissolubili,</em></span> <span class='ocrx_word' id='word_1_60' title='bbox 1136 938 1254 996; x_wconf 71' lang='lat' dir='ltr'><em>temper</em></span> <span class='ocrx_word' id='word_1_61' title='bbox 1270 920 1372 976; x_wconf 80' lang='lat' dir='ltr'><em>eodem</em></span> 
     </span>
     <span class='ocr_line' id='line_1_8' title="bbox 127 1017 1372 1098; baseline -0.003 -20"><span class='ocrx_word' id='word_1_62' title='bbox 127 1019 208 1078; x_wconf 80' lang='lat' dir='ltr'><em>modo</em></span> <span class='ocrx_word' id='word_1_63' title='bbox 232 1028 262 1076; x_wconf 85' lang='lat' dir='ltr'><em>ei</em></span> <span class='ocrx_word' id='word_1_64' title='bbox 283 1017 448 1076; x_wconf 75' lang='lat' dir='ltr'><em>secundum</em></span> <span class='ocrx_word' id='word_1_65' title='bbox 466 1017 570 1098; x_wconf 69' lang='lat' dir='ltr'><em>cedern</em></span> <span class='ocrx_word' id='word_1_66' title='bbox 589 1039 619 1076; x_wconf 80' lang='lat' dir='ltr'><em>ae</em></span> <span class='ocrx_word' id='word_1_67' title='bbox 637 1023 737 1094; x_wconf 77' lang='lat' dir='ltr'><em>ipsum</em></span> <span class='ocrx_word' id='word_1_68' title='bbox 754 1017 892 1092; x_wconf 75' lang='lat' dir='ltr'><em>babenti,</em></span> <span class='ocrx_word' id='word_1_69' title='bbox 913 1023 1053 1081; x_wconf 58' lang='lat' dir='ltr'><em>orimum</em></span> <span class='ocrx_word' id='word_1_70' title='bbox 1068 1037 1131 1076; x_wconf 78' lang='lat' dir='ltr'><em>esee</em></span> <span class='ocrx_word' id='word_1_71' title='bbox 1152 1019 1372 1085; x_wconf 66' lang='lat' dir='ltr'><em>simillimum</em></span> 
     </span>
     <span class='ocr_line' id='line_1_9' title="bbox 128 1113 1374 1196; baseline -0.002 -20"><span class='ocrx_word' id='word_1_72' title='bbox 128 1116 256 1176; x_wconf 84' lang='lat' dir='ltr'><em>humano</em></span> <span class='ocrx_word' id='word_1_73' title='bbox 276 1135 364 1196; x_wconf 76' lang='lat' dir='ltr'><em>uero,</em></span> <span class='ocrx_word' id='word_1_74' title='bbox 394 1114 528 1189; x_wconf 82' lang='lat' dir='ltr'><em>mortali,</em></span> <span class='ocrx_word' id='word_1_75' title='bbox 555 1135 616 1194; x_wconf 83' lang='lat' dir='ltr'><em>npn</em></span> <span class='ocrx_word' id='word_1_76' title='bbox 644 1115 848 1194; x_wconf 77' lang='lat' dir='ltr'><em>intelligibili,</em></span> <span class='ocrx_word' id='word_1_77' title='bbox 867 1115 1060 1188; x_wconf 77' lang='lat' dir='ltr'><em>multifumi,</em></span> <span class='ocrx_word' id='word_1_78' title='bbox 1081 1113 1271 1190; x_wconf 79' lang='lat' dir='ltr'><em>dissolubili,</em></span> <span class='ocrx_word' id='word_1_79' title='bbox 1294 1136 1374 1174; x_wconf 88' lang='lat' dir='ltr'><em>nun·</em></span> 
     </span>
     <span class='ocr_line' id='line_1_10' title="bbox 127 1205 1148 1295; baseline -0.003 -21"><span class='ocrx_word' id='word_1_80' title='bbox 127 1236 215 1295; x_wconf 88' lang='lat' dir='ltr'><em>quam</em></span> <span class='ocrx_word' id='word_1_81' title='bbox 230 1211 331 1273; x_wconf 89' lang='lat' dir='ltr'><em>eodem</em></span> <span class='ocrx_word' id='word_1_82' title='bbox 349 1213 434 1273; x_wconf 90' lang='lat' dir='ltr'><em>modo</em></span> <span class='ocrx_word' id='word_1_83' title='bbox 457 1234 486 1272; x_wconf 92' lang='lat' dir='ltr'><em>se</em></span> <span class='ocrx_word' id='word_1_84' title='bbox 506 1212 628 1273; x_wconf 88' lang='lat' dir='ltr'><em>babenti</em></span> <span class='ocrx_word' id='word_1_85' title='bbox 639 1215 649 1289; x_wconf 83' lang='lat'><em>,&#39;</em></span> <span class='ocrx_word' id='word_1_86' title='bbox 669 1214 850 1273; x_wconf 89' lang='lat' dir='ltr'><em>simillimum</em></span> <span class='ocrx_word' id='word_1_87' title='bbox 870 1234 929 1273; x_wconf 90' lang='lat' dir='ltr'><em>esse</em></span> <span class='ocrx_word' id='word_1_88' title='bbox 950 1205 1063 1294; x_wconf 84' lang='lat' dir='ltr'><em>corpus.</em></span> <span class='ocrx_word' id='word_1_89' title='bbox 1076 1237 1091 1269; x_wconf 79' lang='lat' dir='ltr'><em>o</em></span> <span class='ocrx_word' id='word_1_90' title='bbox 1118 1210 1148 1291; x_wconf 89' lang='lat'><em>1)</em></span> 
     </span>
    </p>

    <p class='ocr_par' dir='ltr' id='par_1_3' title="bbox 49 1310 1380 2674">
     <span class='ocr_line' id='line_1_11' title="bbox 168 1310 1377 1392; baseline -0.003 -20"><span class='ocrx_word' id='word_1_91' title='bbox 168 1311 255 1372; x_wconf 83' lang='lat' dir='ltr'><strong>Haud</strong></span> <span class='ocrx_word' id='word_1_92' title='bbox 285 1311 372 1372; x_wconf 82' lang='lat' dir='ltr'><em>facilc</em></span> <span class='ocrx_word' id='word_1_93' title='bbox 397 1313 480 1390; x_wconf 85' lang='lat' dir='ltr'><em>quis,</em></span> <span class='ocrx_word' id='word_1_94' title='bbox 504 1313 629 1392; x_wconf 78' lang='lat' dir='ltr'><em>opinor,</em></span> <span class='ocrx_word' id='word_1_95' title='bbox 654 1312 738 1372; x_wconf 79' lang='lat' dir='ltr'><em>leolis</em></span> <span class='ocrx_word' id='word_1_96' title='bbox 764 1312 843 1372; x_wconf 84' lang='lat' dir='ltr'><em>hisce</em></span> <span class='ocrx_word' id='word_1_97' title='bbox 870 1313 983 1390; x_wconf 76' lang='lat' dir='ltr'><em>riteque</em></span> <span class='ocrx_word' id='word_1_98' title='bbox 1004 1312 1180 1392; x_wconf 67' lang='lat' dir='ltr'><em>perspectis,</em></span> <span class='ocrx_word' id='word_1_99' title='bbox 1200 1310 1377 1384; x_wconf 78' lang='lat' dir='ltr'><em>dubitabit,</em></span> 
     </span>
     <span class='ocr_line' id='line_1_12' title="bbox 128 1409 1378 1494; baseline -0.005 -22"><span class='ocrx_word' id='word_1_100' title='bbox 128 1412 276 1494; x_wconf 76' lang='lat' dir='ltr'><em>undenam</em></span> <span class='ocrx_word' id='word_1_101' title='bbox 292 1410 374 1470; x_wconf 86' lang='lat' dir='ltr'><em>Plato</em></span> <span class='ocrx_word' id='word_1_102' title='bbox 393 1410 594 1491; x_wconf 84' lang='lat' dir='ltr'><em>philosophiae</em></span> <span class='ocrx_word' id='word_1_103' title='bbox 614 1412 707 1470; x_wconf 87' lang='lat' dir='ltr'><em>sancti</em></span> <span class='ocrx_word' id='word_1_104' title='bbox 726 1411 906 1491; x_wconf 83' lang='lat' dir='ltr'><em>principium</em></span> <span class='ocrx_word' id='word_1_105' title='bbox 924 1409 1052 1469; x_wconf 87' lang='lat' dir='ltr'><em>duxerit.</em></span> <span class='ocrx_word' id='word_1_106' title='bbox 1094 1410 1160 1469; x_wconf 88' lang='lat' dir='ltr'><em>Non</em></span> <span class='ocrx_word' id='word_1_107' title='bbox 1189 1409 1279 1468; x_wconf 84' lang='lat' dir='ltr'><em>finxit</em></span> <span class='ocrx_word' id='word_1_108' title='bbox 1301 1409 1378 1480; x_wconf 84' lang='lat' dir='ltr'><em>ille,</em></span> 
     </span>
     <span class='ocr_line' id='line_1_13' title="bbox 129 1508 1378 1592; baseline -0.006 -20"><span class='ocrx_word' id='word_1_109' title='bbox 129 1526 161 1572; x_wconf 88' lang='lat' dir='ltr'><em>ut</em></span> <span class='ocrx_word' id='word_1_110' title='bbox 190 1510 356 1592; x_wconf 88' lang='lat' dir='ltr'><em>posterioris</em></span> <span class='ocrx_word' id='word_1_111' title='bbox 382 1509 445 1568; x_wconf 87' lang='lat' dir='ltr'><em>aevi</em></span> <span class='ocrx_word' id='word_1_112' title='bbox 475 1508 659 1591; x_wconf 88' lang='lat' dir='ltr'><em>philosophis</em></span> <span class='ocrx_word' id='word_1_113' title='bbox 687 1510 819 1591; x_wconf 84' lang='lat' dir='ltr'><em>placuit,</em></span> <span class='ocrx_word' id='word_1_114' title='bbox 840 1509 933 1568; x_wconf 91' lang='lat' dir='ltr'><em>Deum</em></span> <span class='ocrx_word' id='word_1_115' title='bbox 952 1509 1109 1582; x_wconf 88' lang='lat' dir='ltr'><em>contiuuo,</em></span> <span class='ocrx_word' id='word_1_116' title='bbox 1130 1527 1145 1565; x_wconf 91' lang='lat' dir='ltr'><em>e</em></span> <span class='ocrx_word' id='word_1_117' title='bbox 1164 1509 1263 1586; x_wconf 88' lang='lat' dir='ltr'><em>cujus,</em></span> <span class='ocrx_word' id='word_1_118' title='bbox 1284 1527 1378 1586; x_wconf 88' lang='lat' dir='ltr'><em>quam</em></span> 
     </span>
     <span class='ocr_line' id='line_1_14' title="bbox 128 1605 1378 1689; baseline -0.006 -18"><span class='ocrx_word' id='word_1_119' title='bbox 128 1611 329 1683; x_wconf 64' lang='lat' dir='ltr'><em>informasset,</em></span> <span class='ocrx_word' id='word_1_120' title='bbox 351 1621 454 1676; x_wconf 83' lang='lat' dir='ltr'><em>natura</em></span> <span class='ocrx_word' id='word_1_121' title='bbox 471 1627 585 1669; x_wconf 86' lang='lat' dir='ltr'><em>ornnem</em></span> <span class='ocrx_word' id='word_1_122' title='bbox 604 1621 745 1688; x_wconf 86' lang='lat' dir='ltr'><em>repeteret</em></span> <span class='ocrx_word' id='word_1_123' title='bbox 763 1607 980 1689; x_wconf 75' lang='lat' dir='ltr'><em>explicaretque</em></span> <span class='ocrx_word' id='word_1_124' title='bbox 999 1623 1095 1665; x_wconf 85' lang='lat' dir='ltr'><em>rerum</em></span> <span class='ocrx_word' id='word_1_125' title='bbox 1113 1605 1285 1668; x_wconf 77' lang='lat' dir='ltr'><em>diuinarum</em></span> <span class='ocrx_word' id='word_1_126' title='bbox 1306 1605 1378 1665; x_wconf 90' lang='lat' dir='ltr'><em>doc·</em></span> 
     </span>
     <span class='ocr_line' id='line_1_15' title="bbox 127 1697 1376 1788; baseline -0.003 -20"><span class='ocrx_word' id='word_1_127' title='bbox 127 1709 244 1768; x_wconf 80' lang='lat' dir='ltr'><em>trinam.</em></span> <span class='ocrx_word' id='word_1_128' title='bbox 285 1697 447 1767; x_wconf 77' lang='lat' dir='ltr'><em>Modestius</em></span> <span class='ocrx_word' id='word_1_129' title='bbox 465 1706 560 1766; x_wconf 88' lang='lat' dir='ltr'><em>Plato:</em></span> <span class='ocrx_word' id='word_1_130' title='bbox 581 1721 668 1786; x_wconf 85' lang='lat' dir='ltr'><em>utque</em></span> <span class='ocrx_word' id='word_1_131' title='bbox 688 1705 893 1788; x_wconf 82' lang='lat' dir='ltr'><em>philosophum</em></span> <span class='ocrx_word' id='word_1_132' title='bbox 911 1705 1034 1774; x_wconf 85' lang='lat' dir='ltr'><em>decebat</em></span> <span class='ocrx_word' id='word_1_133' title='bbox 1045 1711 1088 1780; x_wconf 40' lang='lat' dir='ltr'><em>,se</em></span> <span class='ocrx_word' id='word_1_134' title='bbox 1107 1704 1253 1764; x_wconf 67' lang='lat' dir='ltr'><em>&amp;cratim</em></span> <span class='ocrx_word' id='word_1_135' title='bbox 1269 1703 1376 1765; x_wconf 84' lang='lat' dir='ltr'><em>ecbola</em></span> 
     </span>
     <span class='ocr_line' id='line_1_16' title="bbox 128 1787 1379 1889; baseline -0.005 -21"><span class='ocrx_word' id='word_1_136' title='bbox 128 1809 308 1889; x_wconf 78' lang='lat' dir='ltr'><em>proiectum,</em></span> <span class='ocrx_word' id='word_1_137' title='bbox 329 1819 418 1866; x_wconf 87' lang='lat' dir='ltr'><em>semet</em></span> <span class='ocrx_word' id='word_1_138' title='bbox 448 1806 563 1886; x_wconf 84' lang='lat' dir='ltr'><em>ipsum,</em></span> <span class='ocrx_word' id='word_1_139' title='bbox 583 1805 604 1865; x_wconf 89' lang='lat' dir='ltr'><em>i.</em></span> <span class='ocrx_word' id='word_1_140' title='bbox 626 1826 652 1867; x_wconf 84' lang='lat' dir='ltr'><em>e.</em></span> <span class='ocrx_word' id='word_1_141' title='bbox 672 1806 804 1864; x_wconf 85' lang='lat' dir='ltr'><em>animum</em></span> <span class='ocrx_word' id='word_1_142' title='bbox 822 1804 949 1864; x_wconf 83' lang='lat' dir='ltr'><em>bominis</em></span> <span class='ocrx_word' id='word_1_143' title='bbox 966 1787 1138 1884; x_wconf 79' lang='lat' dir='ltr'><em>cognoscere</em></span> <span class='ocrx_word' id='word_1_144' title='bbox 1159 1803 1294 1878; x_wconf 78' lang='lat' dir='ltr'><em>studuit,</em></span> <span class='ocrx_word' id='word_1_145' title='bbox 1316 1825 1379 1881; x_wconf 84' lang='lat' dir='ltr'><em>qno</em></span> 
     </span>
     <span class='ocr_line' id='line_1_17' title="bbox 127 1901 1378 1985; baseline -0.005 -19"><span class='ocrx_word' id='word_1_146' title='bbox 127 1907 216 1985; x_wconf 85' lang='lat' dir='ltr'><em>magis</em></span> <span class='ocrx_word' id='word_1_147' title='bbox 242 1925 279 1966; x_wconf 83' lang='lat' dir='ltr'><em>ex</em></span> <span class='ocrx_word' id='word_1_148' title='bbox 300 1904 362 1983; x_wconf 71' lang='lat' dir='ltr'><em>qius</em></span> <span class='ocrx_word' id='word_1_149' title='bbox 380 1917 587 1983; x_wconf 75' lang='lat' dir='ltr'><em>numeratque</em></span> <span class='ocrx_word' id='word_1_150' title='bbox 607 1901 727 1977; x_wconf 84' lang='lat' dir='ltr'><em>indole,</em></span> <span class='ocrx_word' id='word_1_151' title='bbox 758 1924 838 1977; x_wconf 81' lang='lat' dir='ltr'><em>non,</em></span> <span class='ocrx_word' id='word_1_152' title='bbox 867 1901 941 1983; x_wconf 83' lang='lat' dir='ltr'><em>quid</em></span> <span class='ocrx_word' id='word_1_153' title='bbox 958 1916 1031 1962; x_wconf 79' lang='lat' dir='ltr'><em>esset</em></span> <span class='ocrx_word' id='word_1_154' title='bbox 1048 1903 1140 1978; x_wconf 86' lang='lat' dir='ltr'><em>Deus,</em></span> <span class='ocrx_word' id='word_1_155' title='bbox 1158 1901 1288 1961; x_wconf 82' lang='lat' dir='ltr'><em>efficeret</em></span> <span class='ocrx_word' id='word_1_156' title='bbox 1307 1923 1378 1961; x_wconf 86' lang='lat' dir='ltr'><em>con·</em></span> 
     </span>
     <span class='ocr_line' id='line_1_18' title="bbox 128 2000 1380 2084; baseline -0.005 -20"><span class='ocrx_word' id='word_1_157' title='bbox 128 2005 212 2064; x_wconf 89' lang='lat' dir='ltr'><em>tiuuo</em></span> <span class='ocrx_word' id='word_1_158' title='bbox 231 2003 512 2084; x_wconf 81' lang='lat' dir='ltr'><em>pronunciaretque,</em></span> <span class='ocrx_word' id='word_1_159' title='bbox 536 2002 589 2061; x_wconf 86' lang='lat' dir='ltr'><em>sed</em></span> <span class='ocrx_word' id='word_1_160' title='bbox 606 2001 645 2062; x_wconf 91' lang='lat' dir='ltr'><em>ad</em></span> <span class='ocrx_word' id='word_1_161' title='bbox 665 2001 787 2063; x_wconf 60' lang='lat' dir='ltr'><em>diuinam</em></span> <span class='ocrx_word' id='word_1_162' title='bbox 809 2016 929 2062; x_wconf 81' lang='lat' dir='ltr'><em>naturae</em></span> <span class='ocrx_word' id='word_1_163' title='bbox 943 2001 1138 2081; x_wconf 77' lang='lat' dir='ltr'><em>cognitionem</em></span> <span class='ocrx_word' id='word_1_164' title='bbox 1156 2002 1266 2060; x_wconf 87' lang='lat' dir='ltr'><em>sensim</em></span> <span class='ocrx_word' id='word_1_165' title='bbox 1285 2000 1380 2080; x_wconf 91' lang='lat' dir='ltr'><em>paul·</em></span> 
     </span>
     <span class='ocr_line' id='line_1_19' title="bbox 129 2099 1380 2186; baseline -0.003 -24"><span class='ocrx_word' id='word_1_166' title='bbox 129 2101 268 2180; x_wconf 85' lang='lat' dir='ltr'><em>latimque</em></span> <span class='ocrx_word' id='word_1_167' title='bbox 300 2101 542 2182; x_wconf 51' lang='lat' dir='ltr'><em>progrederetur(</em></span> <span class='ocrx_word' id='word_1_168' title='bbox 572 2099 621 2176; x_wconf 84' lang='lat' dir='ltr'><em>Sic</em></span> <span class='ocrx_word' id='word_1_169' title='bbox 644 2114 741 2186; x_wconf 81' lang='lat' dir='ltr'><em>autem</em></span> <span class='ocrx_word' id='word_1_170' title='bbox 759 2100 963 2182; x_wconf 69' lang='lat' dir='ltr'><em>philosophiae</em></span> <span class='ocrx_word' id='word_1_171' title='bbox 982 2121 1044 2158; x_wconf 87' lang='lat' dir='ltr'><em>non</em></span> <span class='ocrx_word' id='word_1_172' title='bbox 1061 2099 1160 2180; x_wconf 81' lang='lat' dir='ltr'><em>posuit</em></span> <span class='ocrx_word' id='word_1_173' title='bbox 1179 2119 1233 2180; x_wconf 83' lang='lat' dir='ltr'><em>pro</em></span> <span class='ocrx_word' id='word_1_174' title='bbox 1250 2099 1380 2159; x_wconf 84' lang='lat' dir='ltr'><em>arbitrio</em></span> 
     </span>
     <span class='ocr_line' id='line_1_20' title="bbox 129 2197 1379 2284; baseline -0.003 -24"><span class='ocrx_word' id='word_1_175' title='bbox 129 2201 277 2284; x_wconf 85' lang='lat' dir='ltr'><em>principia</em></span> <span class='ocrx_word' id='word_1_176' title='bbox 296 2200 458 2279; x_wconf 78' lang='lat' dir='ltr'><em>quaedam,</em></span> <span class='ocrx_word' id='word_1_177' title='bbox 484 2199 592 2279; x_wconf 85' lang='lat' dir='ltr'><em>quibus</em></span> <span class='ocrx_word' id='word_1_178' title='bbox 600 2245 611 2276; x_wconf 90' lang='lat'><em>,</em></span> <span class='ocrx_word' id='word_1_179' title='bbox 640 2213 778 2280; x_wconf 82' lang='lat' dir='ltr'><em>tunquam</em></span> <span class='ocrx_word' id='word_1_180' title='bbox 795 2197 1017 2273; x_wconf 71' lang='lat' dir='ltr'><em>fundamentis,</em></span> <span class='ocrx_word' id='word_1_181' title='bbox 1035 2197 1188 2258; x_wconf 85' lang='lat' dir='ltr'><em>doctrinae</em></span> <span class='ocrx_word' id='word_1_182' title='bbox 1206 2197 1379 2257; x_wconf 85' lang='lat' dir='ltr'><em>aedificium</em></span> 
     </span>
     <span class='ocr_line' id='line_1_21' title="bbox 127 2279 1379 2381; baseline -0.002 -22"><span class='ocrx_word' id='word_1_183' title='bbox 127 2312 353 2381; x_wconf 82' lang='lat' dir='ltr'><em>superstrueret,</em></span> <span class='ocrx_word' id='word_1_184' title='bbox 371 2279 422 2358; x_wconf 84' lang='lat' dir='ltr'><em>sed</em></span> <span class='ocrx_word' id='word_1_185' title='bbox 441 2319 551 2358; x_wconf 89' lang='lat' dir='ltr'><em>summo</em></span> <span class='ocrx_word' id='word_1_186' title='bbox 567 2299 630 2377; x_wconf 83' lang='lat' dir='ltr'><em>ejus</em></span> <span class='ocrx_word' id='word_1_187' title='bbox 648 2298 797 2380; x_wconf 85' lang='lat' dir='ltr'><em>principio</em></span> <span class='ocrx_word' id='word_1_188' title='bbox 814 2317 853 2355; x_wconf 77' lang='lat' dir='ltr'><em>er</em></span> <span class='ocrx_word' id='word_1_189' title='bbox 871 2297 935 2377; x_wconf 86' lang='lat' dir='ltr'><em>ipsa</em></span> <span class='ocrx_word' id='word_1_190' title='bbox 955 2297 1086 2355; x_wconf 79' lang='lat' dir='ltr'><em>barainia</em></span> <span class='ocrx_word' id='word_1_191' title='bbox 1104 2309 1209 2354; x_wconf 81' lang='lat' dir='ltr'><em>natura</em></span> <span class='ocrx_word' id='word_1_192' title='bbox 1218 2342 1228 2371; x_wconf 97' lang='lat'><em>,</em></span> <span class='ocrx_word' id='word_1_193' title='bbox 1245 2318 1262 2356; x_wconf 95' lang='lat' dir='ltr'><em>e</em></span> <span class='ocrx_word' id='word_1_194' title='bbox 1281 2297 1379 2356; x_wconf 83' lang='lat' dir='ltr'><em>sancti</em></span> 
     </span>
     <span class='ocr_line' id='line_1_22' title="bbox 129 2382 1374 2476; baseline -0.003 -18"><span class='ocrx_word' id='word_1_195' title='bbox 129 2398 283 2476; x_wconf 65' lang='lat' dir='ltr'><em>divinique</em></span> <span class='ocrx_word' id='word_1_196' title='bbox 309 2395 427 2472; x_wconf 84' lang='lat' dir='ltr'><em>¹studio,</em></span> <span class='ocrx_word' id='word_1_197' title='bbox 458 2396 536 2476; x_wconf 82' lang='lat' dir='ltr'><em>quod</em></span> <span class='ocrx_word' id='word_1_198' title='bbox 558 2396 644 2457; x_wconf 83' lang='lat' dir='ltr'><em>uobis</em></span> <span class='ocrx_word' id='word_1_199' title='bbox 673 2382 767 2474; x_wconf 79' lang='lat' dir='ltr'><em>inest,</em></span> <span class='ocrx_word' id='word_1_200' title='bbox 796 2395 919 2470; x_wconf 84' lang='lat' dir='ltr'><em>ducto,</em></span> <span class='ocrx_word' id='word_1_201' title='bbox 937 2387 1029 2454; x_wconf 70' lang='lat' dir='ltr'><em>facile</em></span> <span class='ocrx_word' id='word_1_202' title='bbox 1056 2394 1173 2455; x_wconf 84' lang='lat' dir='ltr'><em>sibimet</em></span> <span class='ocrx_word' id='word_1_203' title='bbox 1199 2396 1263 2475; x_wconf 90' lang='lat' dir='ltr'><em>ipse</em></span> <span class='ocrx_word' id='word_1_204' title='bbox 1296 2397 1374 2454; x_wconf 81' lang='lat' dir='ltr'><em>viam</em></span> 
     </span>
     <span class='ocr_line' id='line_1_23' title="bbox 49 2485 1373 2580; baseline -0.005 -20"><span class='ocrx_word' id='word_1_205' title='bbox 49 2567 51 2570; x_wconf 55' lang='grc'><strong>,</strong></span> <span class='ocrx_word' id='word_1_206' title='bbox 130 2499 257 2580; x_wconf 87' lang='lat' dir='ltr'><em>aperuit,</em></span> <span class='ocrx_word' id='word_1_207' title='bbox 278 2517 335 2576; x_wconf 90' lang='lat' dir='ltr'><em>qua</em></span> <span class='ocrx_word' id='word_1_208' title='bbox 354 2485 420 2578; x_wconf 78' lang='lat' dir='ltr'><em>apte</em></span> <span class='ocrx_word' id='word_1_209' title='bbox 448 2496 588 2577; x_wconf 79' lang='lat' dir='ltr'><em>deinceps</em></span> <span class='ocrx_word' id='word_1_210' title='bbox 614 2495 654 2557; x_wconf 88' lang='lat' dir='ltr'><em>ad</em></span> <span class='ocrx_word' id='word_1_211' title='bbox 680 2508 812 2556; x_wconf 83' lang='lat' dir='ltr'><em>sanctum</em></span> <span class='ocrx_word' id='word_1_212' title='bbox 832 2495 1027 2573; x_wconf 75' lang='lat' dir='ltr'><em>divinumque</em></span> <span class='ocrx_word' id='word_1_213' title='bbox 1041 2493 1230 2575; x_wconf 84' lang='lat' dir='ltr'><em>procederet,</em></span> <span class='ocrx_word' id='word_1_214' title='bbox 1253 2507 1290 2552; x_wconf 90' lang='lat' dir='ltr'><em>ut</em></span> <span class='ocrx_word' id='word_1_215' title='bbox 1313 2506 1373 2554; x_wconf 85' lang='lat' dir='ltr'><em>tan-</em></span> 
     </span>
     <span class='ocr_line' id='line_1_24' title="bbox 132 2590 1376 2674; baseline -0.005 -16"><span class='ocrx_word' id='word_1_216' title='bbox 132 2597 199 2658; x_wconf 88' lang='lat' dir='ltr'><em>dem</em></span> <span class='ocrx_word' id='word_1_217' title='bbox 218 2594 378 2674; x_wconf 77' lang='lat' dir='ltr'><em>aliqnando</em></span> <span class='ocrx_word' id='word_1_218' title='bbox 404 2597 437 2655; x_wconf 90' lang='lat' dir='ltr'><em>in</em></span> <span class='ocrx_word' id='word_1_219' title='bbox 467 2595 586 2656; x_wconf 80' lang='lat' dir='ltr'><em>Timaeo</em></span> <span class='ocrx_word' id='word_1_220' title='bbox 605 2594 743 2654; x_wconf 82' lang='lat' dir='ltr'><em>sublimia</em></span> <span class='ocrx_word' id='word_1_221' title='bbox 760 2593 816 2652; x_wconf 91' lang='lat' dir='ltr'><em>illa</em></span> <span class='ocrx_word' id='word_1_222' title='bbox 834 2593 871 2653; x_wconf 91' lang='lat' dir='ltr'><em>de</em></span> <span class='ocrx_word' id='word_1_223' title='bbox 888 2592 970 2666; x_wconf 83' lang='lat' dir='ltr'><em>Dec,</em></span> <span class='ocrx_word' id='word_1_224' title='bbox 990 2605 1128 2671; x_wconf 82' lang='lat' dir='ltr'><em>tanquam</em></span> <span class='ocrx_word' id='word_1_225' title='bbox 1144 2590 1251 2651; x_wconf 86' lang='lat' dir='ltr'><em>mnndi</em></span> <span class='ocrx_word' id='word_1_226' title='bbox 1270 2593 1376 2674; x_wconf 77' lang='lat' dir='ltr'><em>opifice</em></span> 
     </span>
    </p>
   </div>
   <div class='ocr_carea' id='block_1_3' title="bbox 34 2689 1461 2776">
    <p class='ocr_par' dir='ltr' id='par_1_4' title="bbox 34 2689 1461 2776">
     <span class='ocr_line' id='line_1_25' title="bbox 34 2689 1461 2776; baseline -0.005 -19"><span class='ocrx_word' id='word_1_227' title='bbox 34 2697 40 2708; x_wconf 91' lang='lat'><em>&#39;</em></span> <span class='ocrx_word' id='word_1_228' title='bbox 130 2711 158 2756; x_wconf 86' lang='lat' dir='ltr'><em>et</em></span> <span class='ocrx_word' id='word_1_229' title='bbox 185 2694 396 2776; x_wconf 78' lang='lat' dir='ltr'><em>gubernatore,</em></span> <span class='ocrx_word' id='word_1_230' title='bbox 426 2695 514 2753; x_wconf 81' lang='lat' dir='ltr'><em>effata</em></span> <span class='ocrx_word' id='word_1_231' title='bbox 538 2693 647 2754; x_wconf 74' lang='lat' dir='ltr'><em>ederet.</em></span> <span class='ocrx_word' id='word_1_232' title='bbox 690 2694 768 2753; x_wconf 86' lang='lat' dir='ltr'><em>Haec</em></span> <span class='ocrx_word' id='word_1_233' title='bbox 787 2693 837 2752; x_wconf 80' lang='lat' dir='ltr'><em>via</em></span> <span class='ocrx_word' id='word_1_234' title='bbox 854 2708 997 2771; x_wconf 77' lang='lat' dir='ltr'><em>quaenam</em></span> <span class='ocrx_word' id='word_1_235' title='bbox 1015 2691 1071 2767; x_wconf 88' lang='lat' dir='ltr'><em>sit,</em></span> <span class='ocrx_word' id='word_1_236' title='bbox 1094 2689 1263 2770; x_wconf 78' lang='lat' dir='ltr'><em>proximum</em></span> <span class='ocrx_word' id='word_1_237' title='bbox 1281 2705 1332 2751; x_wconf 85' lang='lat' dir='ltr'><em>est</em></span> <span class='ocrx_word' id='word_1_238' title='bbox 1351 2705 1381 2750; x_wconf 90' lang='lat' dir='ltr'><em>ut</em></span> <span class='ocrx_word' id='word_1_239' title='bbox 1460 2697 1461 2702; x_wconf 75' lang='grc'>’</span> 
     </span>
    </p>
   </div>
   <div class='ocr_carea' id='block_1_4' title="bbox 129 2783 1379 2970">
    <p class='ocr_par' dir='ltr' id='par_1_5' title="bbox 129 2783 1379 2970">
     <span class='ocr_line' id='line_1_26' title="bbox 129 2783 1379 2874; baseline -0.003 -20"><span class='ocrx_word' id='word_1_240' title='bbox 129 2795 328 2874; x_wconf 79' lang='lat' dir='ltr'><em>inquiramus:</em></span> <span class='ocrx_word' id='word_1_241' title='bbox 359 2794 417 2856; x_wconf 82' lang='lat' dir='ltr'><em>erit</em></span> <span class='ocrx_word' id='word_1_242' title='bbox 443 2805 539 2858; x_wconf 81' lang='lat' dir='ltr'><em>autem</em></span> <span class='ocrx_word' id='word_1_243' title='bbox 570 2789 655 2852; x_wconf 81' lang='lat' dir='ltr'><em>nobis</em></span> <span class='ocrx_word' id='word_1_244' title='bbox 673 2789 713 2850; x_wconf 82' lang='lat' dir='ltr'><em>ad</em></span> <span class='ocrx_word' id='word_1_245' title='bbox 731 2790 789 2850; x_wconf 87' lang='lat' dir='ltr'><em>hoc</em></span> <span class='ocrx_word' id='word_1_246' title='bbox 808 2783 841 2850; x_wconf 89' lang='lat' dir='ltr'><em>in</em></span> <span class='ocrx_word' id='word_1_247' title='bbox 860 2783 963 2870; x_wconf 87' lang='lat' dir='ltr'><em>primis</em></span> <span class='ocrx_word' id='word_1_248' title='bbox 981 2802 1182 2868; x_wconf 75' lang='lat' dir='ltr'><em>argumentum</em></span> <span class='ocrx_word' id='word_1_249' title='bbox 1203 2803 1285 2848; x_wconf 85' lang='lat' dir='ltr'><em>recte·</em></span> <span class='ocrx_word' id='word_1_250' title='bbox 1303 2803 1379 2850; x_wconf 77' lang='lat' dir='ltr'><em>trac·</em></span> 
     </span>
     <span class='ocr_line' id='line_1_27' title="bbox 130 2883 981 2970; baseline -0.006 -16"><span class='ocrx_word' id='word_1_251' title='bbox 130 2893 252 2958; x_wconf 74' lang='lat' dir='ltr'><em>mudum</em></span> <span class='ocrx_word' id='word_1_252' title='bbox 262 2937 271 2967; x_wconf 93' lang='lat'><em>,</em></span> <span class='ocrx_word' id='word_1_253' title='bbox 293 2911 401 2950; x_wconf 85' lang='lat' dir='ltr'><em>summa</em></span> <span class='ocrx_word' id='word_1_254' title='bbox 420 2889 607 2951; x_wconf 86' lang='lat' dir='ltr'><em>discernendi</em></span> <span class='ocrx_word' id='word_1_255' title='bbox 626 2889 782 2970; x_wconf 84' lang='lat' dir='ltr'><em>diligentia</em></span> <span class='ocrx_word' id='word_1_256' title='bbox 799 2883 981 2950; x_wconf 84' lang='lat' dir='ltr'><em>adhibenda.</em></span> 
     </span>
    </p>
   </div>
   <div class='ocr_carea' id='block_1_5' title="bbox 105 3084 1356 3264">
    <p class='ocr_par' dir='ltr' id='par_1_6' title="bbox 105 3084 1356 3264">
     <span class='ocr_line' id='line_1_28' title="bbox 105 3084 1356 3166; baseline -0.003 -18"><span class='ocrx_word' id='word_1_257' title='bbox 105 3087 116 3138; x_wconf 61' lang='lat' dir='ltr'><em>s</em></span> <span class='ocrx_word' id='word_1_258' title='bbox 137 3089 468 3166; x_wconf 49' lang='lat' dir='ltr'><em>¹Philosophiae</em></span> <span class='ocrx_word' id='word_1_259' title='bbox 496 3084 754 3146; x_wconf 74' lang='lat' dir='ltr'><em>Platonicae</em></span> <span class='ocrx_word' id='word_1_260' title='bbox 779 3093 867 3160; x_wconf 80' lang='lat' dir='ltr'><em>rie,</em></span> <span class='ocrx_word' id='word_1_261' title='bbox 889 3101 969 3164; x_wconf 82' lang='lat' dir='ltr'><em>quc</em></span> <span class='ocrx_word' id='word_1_262' title='bbox 997 3085 1356 3144; x_wconf 63' lang='lat' dir='ltr'><em>carcinomatum</em></span> 
     </span>
     <span class='ocr_line' id='line_1_29' title="bbox 498 3185 981 3264; baseline 0.002 -22"><span class='ocrx_word' id='word_1_263' title='bbox 498 3187 805 3264; x_wconf 76' lang='lat' dir='ltr'><em>divinumque</em></span> <span class='ocrx_word' id='word_1_264' title='bbox 831 3185 981 3244; x_wconf 73' lang='lat' dir='ltr'><em>ovabit.</em></span> 
     </span>
    </p>
   </div>
   <div class='ocr_carea' id='block_1_6' title="bbox 173 3377 1384 3464">
    <p class='ocr_par' dir='ltr' id='par_1_7' title="bbox 173 3377 1384 3464">
     <span class='ocr_line' id='line_1_30' title="bbox 173 3377 1384 3464; baseline -0.004 -19"><span class='ocrx_word' id='word_1_265' title='bbox 173 3383 261 3445; x_wconf 87' lang='lat' dir='ltr'><em>Haud</em></span> <span class='ocrx_word' id='word_1_266' title='bbox 290 3380 438 3464; x_wconf 85' lang='lat' dir='ltr'><em>praeclare</em></span> <span class='ocrx_word' id='word_1_267' title='bbox 468 3381 609 3460; x_wconf 83' lang='lat' dir='ltr'><em>profecto·</em></span> <span class='ocrx_word' id='word_1_268' title='bbox 627 3377 664 3440; x_wconf 85' lang='lat' dir='ltr'><em>de</em></span> <span class='ocrx_word' id='word_1_269' title='bbox 692 3378 880 3461; x_wconf 77' lang='lat' dir='ltr'><em>philosophia</em></span> <span class='ocrx_word' id='word_1_270' title='bbox 907 3379 1037 3439; x_wconf 88' lang='lat' dir='ltr'><em>Platonis</em></span> <span class='ocrx_word' id='word_1_271' title='bbox 1065 3379 1163 3438; x_wconf 84' lang='lat' dir='ltr'><em>meriti</em></span> <span class='ocrx_word' id='word_1_272' title='bbox 1189 3393 1278 3453; x_wconf 87' lang='lat' dir='ltr'><em>sunt,</em></span> <span class='ocrx_word' id='word_1_273' title='bbox 1309 3382 1384 3460; x_wconf 87' lang='lat' dir='ltr'><em>qui,</em></span> 
     </span>
    </p>
   </div>
   <div class='ocr_carea' id='block_1_7' title="bbox 37 3477 1385 3565">
    <p class='ocr_par' dir='ltr' id='par_1_8' title="bbox 37 3477 1385 3565">
     <span class='ocr_line' id='line_1_31' title="bbox 37 3477 1385 3565; baseline -0.007 -18"><span class='ocrx_word' id='word_1_274' title='bbox 37 3503 49 3528; x_wconf 73' lang='grc'><em>·</em></span> <span class='ocrx_word' id='word_1_275' title='bbox 135 3485 246 3565; x_wconf 86' lang='lat' dir='ltr'><em>aliquot</em></span> <span class='ocrx_word' id='word_1_276' title='bbox 275 3494 339 3563; x_wconf 78' lang='lat' dir='ltr'><em>poet</em></span> <span class='ocrx_word' id='word_1_277' title='bbox 368 3501 434 3542; x_wconf 83' lang='lat' dir='ltr'><em>eum</em></span> <span class='ocrx_word' id='word_1_278' title='bbox 466 3478 606 3554; x_wconf 80' lang='lat' dir='ltr'><em>sieculis,</em></span> <span class='ocrx_word' id='word_1_279' title='bbox 637 3479 729 3560; x_wconf 90' lang='lat' dir='ltr'><em>ipsius</em></span> <span class='ocrx_word' id='word_1_280' title='bbox 759 3478 866 3558; x_wconf 80' lang='lat' dir='ltr'><em>placita</em></span> <span class='ocrx_word' id='word_1_281' title='bbox 894 3488 963 3538; x_wconf 86' lang='lat' dir='ltr'><em>cum</em></span> <span class='ocrx_word' id='word_1_282' title='bbox 987 3477 1067 3551; x_wconf 85' lang='lat' dir='ltr'><em>alia,</em></span> <span class='ocrx_word' id='word_1_283' title='bbox 1097 3492 1159 3539; x_wconf 84' lang='lat' dir='ltr'><em>tum</em></span> <span class='ocrx_word' id='word_1_284' title='bbox 1189 3479 1320 3538; x_wconf 83' lang='lat' dir='ltr'><em>maxime</em></span> <span class='ocrx_word' id='word_1_285' title='bbox 1344 3477 1385 3538; x_wconf 86' lang='lat' dir='ltr'><em>de</em></span> 
     </span>
    </p>
   </div>
   <div class='ocr_carea' id='block_1_8' title="bbox 0 4195 3 4830">
    <p class='ocr_par' dir='ltr' id='par_1_9' title="bbox 0 4195 3 4830">
     <span class='ocr_line' id='line_1_32' title="bbox 0 4195 3 4830; baseline 0 0"><span class='ocrx_word' id='word_1_286' title='bbox 0 4195 3 4830; x_wconf 95' lang='lat' dir='ltr'><em> </em></span> 
     </span>
    </p>
   </div>
   <div class='ocr_carea' id='block_1_9' title="bbox 102 3576 1387 4252">
    <p class='ocr_par' dir='ltr' id='par_1_10' title="bbox 102 3576 1387 4252">
     <span class='ocr_line' id='line_1_33' title="bbox 134 3576 1385 3671; baseline -0.009 -22"><span class='ocrx_word' id='word_1_287' title='bbox 134 3586 285 3648; x_wconf 79' lang='lat' dir='ltr'><em>sanctitate</em></span> <span class='ocrx_word' id='word_1_288' title='bbox 299 3649 300 3654; x_wconf 8' lang='grc' dir='ltr'>χ</span> <span class='ocrx_word' id='word_1_289' title='bbox 314 3579 441 3646; x_wconf 83' lang='lat' dir='ltr'><em>hominis</em></span> <span class='ocrx_word' id='word_1_290' title='bbox 467 3579 727 3671; x_wconf 74' lang='lat' dir='ltr'><em>oum&#39;novitiorum</em></span> <span class='ocrx_word' id='word_1_291' title='bbox 745 3576 988 3657; x_wconf 74' lang='lat' dir='ltr'><em>Pythagoreorum</em></span> <span class='ocrx_word' id='word_1_292' title='bbox 1011 3577 1127 3658; x_wconf 87' lang='lat' dir='ltr'><em>placitis</em></span> <span class='ocrx_word' id='word_1_293' title='bbox 1145 3577 1385 3640; x_wconf 76' lang='lat' dir='ltr'><em>confunderent.</em></span> 
     </span>
     <span class='ocr_line' id='line_1_34' title="bbox 135 3675 1387 3760; baseline -0.008 -14"><span class='ocrx_word' id='word_1_294' title='bbox 135 3687 245 3752; x_wconf 85' lang='lat' dir='ltr'><em>Horum</em></span> <span class='ocrx_word' id='word_1_295' title='bbox 276 3683 385 3744; x_wconf 78' lang='lat' dir='ltr'><em>iactum</em></span> <span class='ocrx_word' id='word_1_296' title='bbox 408 3679 609 3760; x_wconf 82' lang='lat' dir='ltr'><em>intempestivo</em></span> <span class='ocrx_word' id='word_1_297' title='bbox 637 3678 804 3758; x_wconf 83' lang='lat' dir='ltr'><em>dogmatum</em></span> <span class='ocrx_word' id='word_1_298' title='bbox 824 3675 1077 3739; x_wconf 83' lang='lat' dir='ltr'><em>conciliandorum</em></span> <span class='ocrx_word' id='word_1_299' title='bbox 1097 3675 1195 3738; x_wconf 86' lang='lat' dir='ltr'><em>studio</em></span> <span class='ocrx_word' id='word_1_300' title='bbox 1213 3687 1273 3749; x_wconf 85' lang='lat' dir='ltr'><em>eet,</em></span> <span class='ocrx_word' id='word_1_301' title='bbox 1299 3689 1387 3738; x_wconf 79' lang='lat' dir='ltr'><em>utet</em></span> 
     </span>
     <span class='ocr_line' id='line_1_35' title="bbox 133 3767 1385 3863; baseline -0.009 -16"><span class='ocrx_word' id='word_1_302' title='bbox 133 3767 364 3863; x_wconf 81' lang='lat' dir='ltr'><em>corrumperetur</em></span> <span class='ocrx_word' id='word_1_303' title='bbox 392 3774 509 3861; x_wconf 84' lang='lat' dir='ltr'><em>prorsus</em></span> <span class='ocrx_word' id='word_1_304' title='bbox 536 3775 670 3838; x_wconf 81' lang='lat' dir='ltr'><em>doctrina</em></span> <span class='ocrx_word' id='word_1_305' title='bbox 697 3775 831 3838; x_wconf 84' lang='lat' dir='ltr'><em>Platonis</em></span> <span class='ocrx_word' id='word_1_306' title='bbox 858 3787 886 3834; x_wconf 86' lang='lat' dir='ltr'><em>et</em></span> <span class='ocrx_word' id='word_1_307' title='bbox 901 3774 1035 3836; x_wconf 80' lang='lat' dir='ltr'><em>salutaris</em></span> <span class='ocrx_word' id='word_1_308' title='bbox 1056 3773 1187 3848; x_wconf 80' lang='lat' dir='ltr'><em>bomini,</em></span> <span class='ocrx_word' id='word_1_309' title='bbox 1207 3791 1280 3851; x_wconf 84' lang='lat' dir='ltr'><em>qnae</em></span> <span class='ocrx_word' id='word_1_310' title='bbox 1311 3789 1385 3836; x_wconf 79' lang='lat' dir='ltr'><em>nata</em></span> 
     </span>
     <span class='ocr_line' id='line_1_36' title="bbox 102 3870 1385 3960; baseline -0.011 -13"><span class='ocrx_word' id='word_1_311' title='bbox 102 3915 103 3924; x_wconf 45' lang='lat'>¹</span> <span class='ocrx_word' id='word_1_312' title='bbox 133 3884 212 3956; x_wconf 77' lang='lat' dir='ltr'><em>ciat,</em></span> <span class='ocrx_word' id='word_1_313' title='bbox 234 3880 353 3960; x_wconf 80' lang='lat' dir='ltr'><em>religio,</em></span> <span class='ocrx_word' id='word_1_314' title='bbox 371 3880 479 3959; x_wconf 84' lang='lat' dir='ltr'><em>quippe</em></span> <span class='ocrx_word' id='word_1_315' title='bbox 506 3877 661 3938; x_wconf 80' lang='lat' dir='ltr'><em>commixta</em></span> <span class='ocrx_word' id='word_1_316' title='bbox 691 3875 758 3936; x_wconf 85' lang='lat' dir='ltr'><em>cum</em></span> <span class='ocrx_word' id='word_1_317' title='bbox 783 3873 840 3934; x_wconf 83' lang='lat' dir='ltr'><em>illa</em></span> <span class='ocrx_word' id='word_1_318' title='bbox 864 3887 893 3932; x_wconf 87' lang='lat' dir='ltr'><em>et</em></span> <span class='ocrx_word' id='word_1_319' title='bbox 918 3873 1078 3942; x_wconf 79' lang='lat' dir='ltr'><em>alienl&#39;sic</em></span> <span class='ocrx_word' id='word_1_320' title='bbox 1097 3873 1193 3953; x_wconf 83' lang='lat' dir='ltr'><em>specie</em></span> <span class='ocrx_word' id='word_1_321' title='bbox 1212 3870 1385 3952; x_wconf 78' lang='lat' dir='ltr'><em>prodiens,</em></span> 
     </span>
     <span class='ocr_line' id='line_1_37' title="bbox 132 3970 1385 4058; baseline -0.01 -14"><span class='ocrx_word' id='word_1_322' title='bbox 132 3985 163 4044; x_wconf 82' lang='lat' dir='ltr'><em>ui</em></span> <span class='ocrx_word' id='word_1_323' title='bbox 192 3999 242 4044; x_wconf 84' lang='lat' dir='ltr'><em>sua</em></span> <span class='ocrx_word' id='word_1_324' title='bbox 268 3998 399 4057; x_wconf 84' lang='lat' dir='ltr'><em>maguam</em></span> <span class='ocrx_word' id='word_1_325' title='bbox 421 3991 537 4058; x_wconf 85' lang='lat' dir='ltr'><em>&#39;partem</em></span> <span class='ocrx_word' id='word_1_326' title='bbox 566 3975 783 4038; x_wconf 74' lang='lat' dir='ltr'><em>desumeretur,</em></span> <span class='ocrx_word' id='word_1_327' title='bbox 835 3972 1028 4047; x_wconf 80' lang='lat' dir='ltr'><em>Quamobrem</em></span> <span class='ocrx_word' id='word_1_328' title='bbox 1059 3993 1130 4046; x_wconf 87' lang='lat' dir='ltr'><em>nos,</em></span> <span class='ocrx_word' id='word_1_329' title='bbox 1161 3972 1195 4030; x_wconf 90' lang='lat' dir='ltr'><em>in</em></span> <span class='ocrx_word' id='word_1_330' title='bbox 1225 3970 1288 4051; x_wconf 78' lang='lat' dir='ltr'><em>ipso</em></span> <span class='ocrx_word' id='word_1_331' title='bbox 1317 3973 1385 4049; x_wconf 81' lang='lat' dir='ltr'><em>jam</em></span> 
     </span>
     <span class='ocr_line' id='line_1_38' title="bbox 132 4069 1384 4162; baseline -0.01 -22"><span class='ocrx_word' id='word_1_332' title='bbox 132 4078 366 4162; x_wconf 79' lang='lat' dir='ltr'><em>disquisitiouum</em></span> <span class='ocrx_word' id='word_1_333' title='bbox 397 4089 558 4136; x_wconf 81' lang='lat' dir='ltr'><em>nostrarum</em></span> <span class='ocrx_word' id='word_1_334' title='bbox 583 4073 723 4146; x_wconf 75' lang='lat' dir='ltr'><em>exordio,</em></span> <span class='ocrx_word' id='word_1_335' title='bbox 744 4069 906 4132; x_wconf 83' lang='lat' dir='ltr'><em>cavendum</em></span> <span class='ocrx_word' id='word_1_336' title='bbox 930 4091 990 4130; x_wconf 77' lang='lat' dir='ltr'><em>esse</em></span> <span class='ocrx_word' id='word_1_337' title='bbox 1009 4069 1047 4128; x_wconf 93' lang='lat' dir='ltr'><em>ab</em></span> <span class='ocrx_word' id='word_1_338' title='bbox 1067 4069 1121 4132; x_wconf 87' lang='lat' dir='ltr'><em>hac</em></span> <span class='ocrx_word' id='word_1_339' title='bbox 1141 4070 1294 4138; x_wconf 79' lang='lat' dir='ltr'><em>hominum</em></span> <span class='ocrx_word' id='word_1_340' title='bbox 1314 4089 1384 4152; x_wconf 83' lang='lat' dir='ltr'><em>per·</em></span> 
     </span>
     <span class='ocr_line' id='line_1_39' title="bbox 131 4164 1329 4252; baseline -0.014 -12"><span class='ocrx_word' id='word_1_341' title='bbox 131 4179 264 4240; x_wconf 85' lang='lat' dir='ltr'><em>versitate</em></span> <span class='ocrx_word' id='word_1_342' title='bbox 283 4164 367 4234; x_wconf 80' lang='lat' dir='ltr'><em>etiam</em></span> <span class='ocrx_word' id='word_1_343' title='bbox 388 4187 473 4252; x_wconf 90' lang='lat' dir='ltr'><em>atque</em></span> <span class='ocrx_word' id='word_1_344' title='bbox 494 4173 579 4232; x_wconf 86' lang='lat' dir='ltr'><em>etiam</em></span> <span class='ocrx_word' id='word_1_345' title='bbox 601 4169 828 4252; x_wconf 69' lang='lat' dir='ltr'><em>monuimusb)</em></span> <span class='ocrx_word' id='word_1_346' title='bbox 1326 4169 1329 4174; x_wconf 81' lang='grc'><strong>“</strong></span> 
     </span>
    </p>
   </div>
   <div class='ocr_carea' id='block_1_10' title="bbox 166 4344 638 4541">
    <p class='ocr_par' dir='ltr' id='par_1_11' title="bbox 166 4344 638 4541">
     <span class='ocr_line' id='line_1_40' title="bbox 169 4344 638 4453; baseline -0.021 -11"><span class='ocrx_word' id='word_1_347' title='bbox 169 4387 194 4453; x_wconf 73' lang='grc' dir='ltr'>υ</span> <span class='ocrx_word' id='word_1_348' title='bbox 214 4377 305 4440; x_wconf 71' lang='lat' dir='ltr'><em>riam.</em></span> <span class='ocrx_word' id='word_1_349' title='bbox 326 4384 369 4436; x_wconf 84' lang='lat' dir='ltr'><em>ro.</em></span> <span class='ocrx_word' id='word_1_350' title='bbox 388 4384 418 4436; x_wconf 80' lang='lat' dir='ltr'><em>l.</em></span> <span class='ocrx_word' id='word_1_351' title='bbox 437 4412 459 4422; x_wconf 91' lang='lat'><em>-</em></span> <span class='ocrx_word' id='word_1_352' title='bbox 488 4381 529 4434; x_wconf 82' lang='lat' dir='ltr'><em>eo.</em></span> <span class='ocrx_word' id='word_1_353' title='bbox 551 4381 579 4434; x_wconf 83' lang='lat' dir='ltr'><em>c.</em></span> <span class='ocrx_word' id='word_1_354' title='bbox 634 4344 638 4350; x_wconf 71' lang='grc'><strong>’</strong></span> 
     </span>
     <span class='ocr_line' id='line_1_41' title="bbox 166 4470 452 4541; baseline -0.021 -14"><span class='ocrx_word' id='word_1_355' title='bbox 166 4471 193 4538; x_wconf 78' lang='grc'><em>2)</em></span> <span class='ocrx_word' id='word_1_356' title='bbox 211 4474 289 4526; x_wconf 79' lang='lat' dir='ltr'><em>initio</em></span> <span class='ocrx_word' id='word_1_357' title='bbox 305 4489 332 4541; x_wconf 88' lang='lat' dir='ltr'><em>p.</em></span> <span class='ocrx_word' id='word_1_358' title='bbox 347 4470 381 4524; x_wconf 72' lang='lat'><em>46</em></span> <span class='ocrx_word' id='word_1_359' title='bbox 396 4487 452 4540; x_wconf 77' lang='lat' dir='ltr'><em>sqq.</em></span> 
     </span>
    </p>
   </div>
   <div class='ocr_carea' id='block_1_11' title="bbox 0 0 1473 5124">
    <p class='ocr_par' dir='ltr' id='par_1_12' title="bbox 0 0 1473 5124">
     <span class='ocr_line' id='line_1_42' title="bbox 0 0 1473 5124; baseline 0 0"><span class='ocrx_word' id='word_1_360' title='bbox 0 0 1473 5124; x_wconf 95' lang='lat' dir='ltr'><em> </em></span> 
     </span>
    </p>
   </div>
  </div>
 </body>
</html>
