2908 5114
725 278 785 338 362

137 443 267 525 prolecto
294 440 418 524 speciem
442 439 621 500 aeternitatis
649 440 758 499 imitari
783 437 905 515 maluit3
935 439 982 498 sin
1008 457 1108 512 secus,
1133 437 1211 518 quod
1230 457 1268 497 ne
1287 437 1378 498 dictu

136 540 256 621 quidem
277 541 320 600 fas
337 553 397 613 est,
419 553 584 619 generatum
603 537 769 618 exemplum
788 550 830 596 est
847 557 901 617 pro
924 550 1041 598 aeterno
1060 549 1184 597 secutus.
1224 537 1289 596 Nou
1321 536 1379 616 igi·

137 654 185 700 tur
204 639 346 712 dubium,
376 638 450 716 quin
470 637 668 696 aeternitatem
689 635 825 696 maluerit
845 635 982 714 exsequi,
1013 635 1248 716 quandoquidem
1278 655 1379 713 neque

136 737 247 798 mundo
265 737 423 816 quidquam
443 733 574 816 pulcrius
593 755 687 814 neque
707 737 768 814 ejus
787 731 971 794 aedificatore
995 735 1195 814 praestantius.
1236 731 1286 792 Sic
1305 751 1380 811 ergo

135 849 306 916 generatus,
327 834 365 895 ad
386 833 418 893 id
437 847 480 893 est
499 835 633 908 effeetus,
654 833 733 913 quod
759 832 870 892 ratione
889 831 1089 911 sapientiaque
1116 828 1380 912 comprehenditur

134 948 222 1012 atque
244 920 424 993 immutabili
451 932 620 992 aeternitate
650 932 825 992 continetur.
881 922 1005 990 Τούτων
1032 926 1069 990 δὲ
1094 923 1294 1012 ὑπαρχόντων
1322 919 1379 1001 αὖ,

136 1031 185 1094 καὶ
206 1029 290 1093 παῖσα
312 1024 424 1112 ἀνάγκη
445 1023 611 1091 -ro'vterdv
631 1024 746 1109 κόσμον
766 1023 893 1093 εἰκόνα
913 1025 992 1106 erede
1012 1025 1100 1094 εἶναι·
1129 1055 1166 1092 ea
1193 1055 1249 1111 quo
1276 1031 1380 1111 ‹effim-

136 1143 210 1209 tur‚
232 1143 268 1192 ut
288 1143 482 1208 nitescente,
504 1135 584 1191 hunc
595 1178 603 1207 ,
626 1155 712 1212 quem
732 1141 895 1211 cernimus,
917 1135 1074 1210 mundum,
1096 1132 1379 1193 simulacrum

136 1242 297 1291 ueternum
307 1253 367 1292 eree
377 1234 512 1309 alicujus
523 1239 650 1291 ceterm.
672 1221 888 1291 Difficillimum
897 1246 991 1292 autem
1002 1247 1043 1293 est
1055 1234 1087 1292 in
1097 1231 1175 1292 omni
1185 1227 1379 1306 conquisitio·

100 1403 105 1410 ι
137 1351 176 1389 ne
185 1330 307 1390 rationis
317 1376 325 1405 ,
336 1331 499 1391 exordium.
520 1330 562 1389 De
573 1330 610 1388 iis
626 1329 724 1409 igitur,
736 1349 810 1408 quae
820 1329 958 1408 diximus,
969 1331 1040 1392 haec
1059 1331 1097 1390 sit
1106 1329 1201 1411 prima
1210 1325 1376 1386 distinctio.

138 1429 225 1488 Omni
256 1429 379 1488 orationi
416 1450 482 1487 cum
508 1427 546 1488 iis
574 1427 679 1502 rebus,
719 1426 756 1487 de
793 1428 900 1508 quibus
934 1427 1144 1509 explicandum
1171 1438 1228 1500 est,
1255 1422 1378 1484 videtur

136 1547 196 1586 esse
223 1527 365 1606 cognatio.
407 1527 507 1606 Itaque
528 1547 593 1585 eum
612 1525 648 1586 de
659 1547 698 1584 ·re
714 1525 813 1586 stabili
835 1540 863 1586 et
882 1527 1058 1586 immutabili
1077 1525 1263 1606 disputatur,
1282 1520 1379 1579 oratio

135 1622 202 1682 talis
222 1625 280 1698 sit,
301 1623 395 1701 qualis
415 1624 488 1700 illa,
509 1644 582 1705 quae
603 1644 697 1702 neque
717 1623 852 1704 redargui
876 1645 970 1703 neque
996 1624 1135 1685 convinci
1156 1633 1260 1703 potest.
1301 1619 1378 1676 Cum

135 1734 230 1780 autern
250 1722 377 1801 ingressa
398 1736 439 1782 est
458 1723 569 1783 imitata
589 1735 617 1781 et
636 1719 732 1782 efficta
751 1722 924 1799 simulacra,
944 1723 1020 1782 bene
1038 1723 1084 1801 agi
1104 1735 1206 1802 putat,
1229 1719 1254 1778 si
1272 1716 1377 1775 simili·

134 1817 268 1877 tudinem
296 1819 358 1880 veri
384 1835 592 1901 consequatur:
625 1810 659 1894 ti,
687 1843 715 1880 τι
742 1814 800 1904 peip
827 1815 905 1904 πρδς
925 1815 1034 1901 γένεσιν
1055 1809 1157 1898 odoia,
1186 1817 1276 1879 τοῦτο
1296 1809 1377 1898 πρὸς

135 1911 232 1975 πίστιν
253 1909 396 1996 ἀλήθεια·
418 1930 567 2000 quantum
586 1929 667 1980 enim
685 1924 791 1998 adid,
813 1926 890 2002 quod
908 1935 1010 1983 ortum
1028 1931 1090 1998 est,
1120 1928 1295 1980 aeternitas
1324 1938 1375 1974 ve·

135 2018 197 2092 let,
218 2027 341 2078 tantum
359 2019 398 2078 ud
406 2021 504 2096 fidem
523 2027 650 2081 veritas.
693 2021 836 2095 Quocirca
854 2023 879 2082 si
899 2019 976 2082 forte
989 2020 1027 2081 de
1054 2023 1180 2081 Deorum
1201 2031 1306 2077 natura
1328 2037 1377 2074 or·

135 2129 225 2194 tuque
243 2114 348 2174 mundi
369 2116 552 2191 disserentes,
576 2118 741 2194 niuniu,
762 2117 841 2198 quod
859 2141 995 2196 avemus,
1017 2120 1136 2178 omuino
1156 2119 1375 2194 consequemur,

62 2287 70 2304 ,
137 2228 168 2272 ut
188 2227 246 2273 tota
267 2213 398 2274 dilucide
421 2228 450 2274 et
469 2215 557 2294 plane
576 2231 714 2300 exornata
733 2219 824 2278 oratio
843 2216 901 2277 sibi
921 2231 1033 2278 constet
1060 2231 1088 2276 et
1116 2235 1153 2276 ex
1186 2214 1266 2274 omni
1292 2225 1377 2292 parte

137 2331 233 2370 secum
251 2313 313 2392 ipsa
331 2312 513 2386 consentiat,
535 2311 614 2372 haud
633 2335 701 2373 sane
716 2316 772 2374 erit
789 2317 913 2375 mirum:
936 2313 1123 2393 contentique
1141 2333 1201 2372 esse
1215 2310 1373 2382 debebitis,

134 2409 159 2466 si
189 2409 354 2488 probabilia
382 2409 526 2468 dicentur.
569 2411 699 2490 Aequum
729 2429 771 2473 est
800 2414 879 2472 euim
897 2413 1061 2472 meminisse
1082 2425 1110 2470 et
1128 2431 1187 2484 me,
1210 2409 1261 2487 qui
1280 2409 1374 2468 disse-

134 2525 212 2581 ram,
233 2507 381 2566 hominem
400 2527 480 2580 esse,
502 2521 530 2566 et
548 2529 615 2583 uos,
636 2511 688 2588 qui
701 2510 859 2588 judicetis:
887 2524 938 2586 ut,
968 2512 992 2570 si
1022 2508 1189 2590 probabilia
1217 2507 1373 2579 dicentur,

133 2605 262 2683 nequid
290 2604 367 2664 ultra
392 2605 554 2683 requiratis.
579 2604 609 2684 l)
639 2607 696 2666 Hic
725 2607 874 2684 Socrates,
907 2609 1033 2689 optime,
1060 2607 1177 2686 inquit,
1198 2627 1216 2664 o
1236 2605 1372 2664 Timaee:

132 2719 304 2782 prorsusque
321 2723 374 2764 nes
393 2702 433 2761 ita
443 2747 452 2778 ‚
474 2717 506 2762 ut
519 2705 624 2783 jubes,
646 2705 791 2786 agendum
809 2721 962 2786 putamus:
984 2704 1138 2765 exordium
1158 2703 1214 2762 hoe
1233 2702 1373 2762 orationis

133 2799 254 2858 mirifice
282 2799 489 2881 probavimus,
524 2804 616 2882 ipsam
651 2818 747 2863 eutem
778 2805 936 2864 orationem
969 2824 1049 2862 nune
1073 2820 1255 2883 persequere.
1296 2801 1373 2859 Tum

132 2898 227 2978 pergit
246 2899 399 2958 Timaeus:
420 2920 589 2978 quaeramus
610 2901 699 2980 igitur
718 2921 864 2977 caussam,
886 2901 1003 2979 inquit,
1023 2920 1097 2978 quae
1119 2921 1185 2958 eum
1202 2897 1372 2978 impulerit,
1450 2969 1451 2991 ,

132 2995 183 3074 qui
203 2995 271 3055 haee
290 2996 471 3057 machinatus
491 2999 546 3072 sit,
574 3012 606 3056 ut
626 2999 768 3079 originem
790 3019 885 3059 rerum
906 3014 934 3059 et
953 2999 1132 3058 molitionem
1154 3018 1262 3059 novam
1286 3017 1373 3074 quae·

132 3108 216 3154 reret.
257 3089 404 3175 Ἀγαθό
411 3119 426 3168 ς
447 3087 498 3175 ἦν,
521 3088 633 3181 ἀγαθῷ
654 3093 691 3157 δὲ
711 3091 809 3171 οὐδεὶς
829 3094 898 3179 περὶ
920 3091 1043 3171 οὕδενός
1070 3089 1214 3157 οὐδέποτε
1241 3090 1372 3175 ἒγγίγνε·

131 3211 179 3251 ται
202 3189 335 3274 φθόνος·
357 3189 464 3257 τούτου
486 3191 514 3257 δ’
535 3191 621 3272 ἒκτός
643 3193 699 3277 cie,
719 3192 819 3262 πάντα
840 3193 887 3260 ὅτι
907 3193 1037 3278 μάλιστα
1058 3191 1215 3279 ἐβουλήθη
1232 3190 1372 3277 γενέσθαι

131 3290 323 3378 παραπλήσια
344 3292 438 3384 αὐτῷ·
459 3301 529 3358 ben
542 3322 586 3358 us
604 3312 673 3360 eret
694 3303 767 3362 ille:
787 3303 880 3360 bonus
898 3312 1002 3362 cutem
1019 3303 1138 3359 invidet
1155 3307 1280 3359 nemini.
1304 3299 1371 3356 Ite·

85 3393 89 3402 “
132 3417 188 3475 que
217 3405 317 3458 omnia
344 3409 393 3460 aui
422 3401 538 3460 similia
564 3390 733 3480 generavit.
756 3396 787 3478 2)
816 3401 894 3459 Haec
927 3399 1066 3458 nimirum
1095 3399 1236 3479 giguendi
1265 3397 1370 3456 mundi
1449 3395 1450 3398 ’

107 3499 420 3584 ,caussajustissima3
443 3495 604 3578 βουληθεὶς
629 3493 688 3579 yoip
717 3490 734 3557 ὁ
761 3490 836 3571 θεός
862 3487 990 3578 ἀγαθά
1018 3493 1076 3576 μὲν
1096 3490 1209 3572 πάντα,
1237 3495 1371 3577 φλαῦρον

131 3590 168 3655 δὲ
187 3592 286 3677 μηδὲν
307 3590 378 3659 εἶναι
398 3594 474 3661 κατὰ
495 3593 635 3678 δύναμιν,
657 3592 736 3660 οὕτω
758 3593 799 3680 δὴ
820 3599 879 3659 πᾶν
900 3591 972 3660 ὅσον
992 3591 1031 3682 ἦν
1049 3590 1163 3681 dpurdv
1177 3589 1371 3680 παραλαβών,

130 3691 190 3778 οὐχ
205 3691 336 3780 ἡσυχίαν
354 3696 440 3782 ἄγον,
469 3693 544 3766 etti
571 3695 739 3780 κινούμενον
763 3701 947 3784 πλημμελῶς
972 3702 1022 3764 καὶ
1047 3695 1196 3776 circinante,
1223 3699 1263 3774 εἷς
1284 3693 1371 3772 τάξιν

133 3911 389 3926 mun—u-

133 4041 246 4091 meneo,
277 4035 317 4091 ut,
344 4031 507 4097 expressisse
533 4035 666 4082 auctorent
692 4014 728 4080 td
755 4012 847 4080 καλόν
877 4041 908 4081 τε
940 4017 989 4080 καὶ
1024 4012 1145 4098 ᾰγαθδν
1175 4025 1367 4078 animadverta-

133 4135 198 4172 mu.

168 4137 198 4269 1⁵)
222 4205 279 4257 Tim.
299 4205 341 4256 27.
356 4205 480 4256 Ι).-29.
499 4205 530 4258 D.

168 4290 201 4356 2)
217 4292 265 4342 llle
285 4291 423 4343 discedere
440 4307 488 4343 uos
504 4308 519 4343 a
537 4292 673 4345 Ciceronis
694 4293 820 4344 versione
838 4293 895 4359 ipsu
918 4295 984 4345 ratio
1009 4291 1193 4360 philosophiae
1216 4289 1367 4340 Pletoniear

130 4377 218 4442 jussit.
253 4375 295 4426 Sic
313 4376 372 4428 illc:
394 4376 518 4428 Probitate
535 4379 647 4431 uidelicet
663 4379 822 4446 praestabat:
838 4379 931 4446 probes
946 4389 1028 4430 eutem
1046 4381 1140 4432 inuidet
1155 4378 1251 4431 umeti-
1283 4373 1367 4444 Atqui
1446 4369 1447 4372 '

135 4461 210 4513 Plato
226 4463 252 4512 in
270 4461 311 4514 his
327 4461 445 4514 enudant
458 4464 560 4530 pelori,
576 4465 602 4516 in
624 4465 714 4531 primis
733 4465 790 4517 boni
804 4466 889 4518 tecam
905 4467 1042 4532 speotuvit.
