2838 5120
632 219 689 338 in

58 427 120 506 tem¹
133 447 164 504 in
194 445 255 502 istis
282 441 445 522 aequalium
470 442 516 516 vel
546 440 701 522 duplorum
734 440 780 500 rel
810 439 885 499 alias
913 439 1064 517 cujusdam
1081 443 1273 521 proportionis

57 557 241 626 reperturus.»
270 537 298 621 l)
340 540 377 599 Et
392 541 539 621 profecto,
558 537 712 598 delineatis
731 534 844 618 figuris,
864 551 1004 616 geometra
1023 559 1083 600 non
1101 537 1152 598 has
1170 540 1274 619 cogitat

57 657 108 702 arta
135 642 294 714 confectas,
324 638 375 698 sed
402 659 501 712 veras,
532 637 583 698 sed
612 638 708 718 ipsas,
736 657 807 716 quas
824 649 920 695 mente
939 649 1029 700 tenet.
1071 636 1156 710 Quod
1176 651 1289 698 omnes

55 717 234 818 intelligunt,
254 738 305 817 qul
324 736 373 798 vel
394 737 500 798 leviter
518 749 604 810 sunt,
626 749 658 795 ut
678 757 721 794 me
741 757 799 794 esse
814 733 967 807 confiteor,
988 734 1155 814 geometriae
1171 739 1271 816 periti:

55 859 94 896 sec
112 837 242 897 docendo
261 835 353 894 iidem
372 834 404 894 id
422 835 614 915 experiuntur
633 835 767 893 maxime.
795 831 959 892 attendunt
976 831 1116 913 discipuli
1135 834 1274 896 continuo

54 935 240 1017 triangulum,
280 934 439 1008 circulum,
480 953 584 993 conum
611 934 644 992 in
671 932 771 991 tabula
807 931 944 1006 ductum3
987 929 1020 988 id
1050 945 1144 990 autern
1173 932 1274 992 ferunt

56 1035 197 1114 aegerrime
226 1033 376 1102 doctores:
403 1032 507 1110 jubent
526 1031 593 1090 illos
610 1031 681 1090 haec
701 1032 813 1090 mittere
837 1043 897 1088 arte
915 1029 1064 1103 confecta,
1094 1031 1188 1110 ipsum
1206 1049 1274 1088 vero

56 1134 168 1212 cogitare
194 1130 391 1210 triangulum,
417 1131 512 1210 ipsum
529 1125 689 1204 circulum,
710 1131 804 1209 ipsum
823 1148 937 1187 conum.
970 1127 1075 1202 Mihi,
1096 1128 1274 1188 institutioni

56 1230 146 1288 harum
167 1249 263 1288 rerum
279 1243 310 1288 et
329 1227 550 1310 probationibus
568 1229 731 1307 praesenti,
753 1229 813 1287 fere
833 1228 865 1286 in
882 1239 1008 1284 mentem
1026 1225 1108 1286 venit
1127 1226 1274 1300 Platonis,

55 1321 118 1408 pari
138 1349 253 1409 prorsus
272 1328 383 1386 ratione
401 1326 532 1386 homines
561 1347 576 1382 a
604 1325 732 1406 pulcris,
762 1346 833 1403 quae
864 1323 955 1382 oculis
978 1325 1216 1404 conspiciuntur,
1238 1323 1275 1382 ad

55 1427 140 1508 ipsum
165 1425 319 1507 pulcrum,
351 1425 509 1505 anegotiis
528 1415 648 1502 ὁρατοῖς
676 1423 714 1484 ad
741 1425 853 1504 negotia
873 1414 963 1502 νοητὰ
984 1423 1156 1482 revocantis.
1198 1422 1273 1482 Sunt

55 1523 132 1604 plane
149 1525 220 1584 haec
238 1525 361 1584 similia:
384 1537 412 1582 et
432 1522 500 1582 hinc
523 1524 608 1602 nobis
626 1526 756 1583 omnium
775 1538 854 1604 patet
872 1522 1087 1584 euidentissime
1097 1565 1105 1593 ,
1119 1540 1273 1599 vquareper

56 1624 226 1702 geometriam
254 1623 339 1681 Plato
363 1621 508 1682 hominem
537 1643 596 1682 esse
625 1622 809 1684 evehendum
828 1623 860 1682 in
874 1611 1022 1682 'mundum
1040 1611 1148 1699 νοητόν
1168 1618 1271 1678 existi·
1319 1645 1320 1648 ¹

59 1722 179 1780 navarit.
534 1719 542 1730 '

90 1819 145 1878 Sed
171 1815 391 1899 procedendum
422 1818 506 1878 nobis
535 1833 592 1880 est:
615 1822 648 1880 in
676 1821 767 1901 ipsam
791 1819 992 1879 astronomiam
1009 1818 1175 1900 applicabat
1193 1816 1274 1876 Plato

57 1916 121 1976 hanc
145 1918 313 1998 geometriae
342 1915 499 1976 tradendae
528 1920 680 1978 rationem.
726 1919 808 1992 «Qui
828 1931 922 1977 autem
940 1938 1007 1977 vere
1027 1932 1068 1976 est
1086 1903 1275 1976 astronomiae

57 2017 171 2094 peritus,
186 2027 290 2074 'nonne
320 2014 398 2074 huno
420 2014 497 2074 idem
515 2030 714 2096 reputaturum
734 2037 832 2074 censes
851 2037 882 2074 ac
904 2030 1091 2096 geometram,
1113 2014 1164 2072 uhi
1184 2025 1270 2072 astro·

59 2135 110 2172 rum
128 2128 221 2173 motus
238 2111 390 2172 attendit?
412 2101 627 2172 Arbitraturum
645 2115 756 2174 scilicet
766 2159 775 2188 ,
796 2135 855 2172 esse
873 2113 943 2174 haec
963 2115 1059 2173 omnia
1069 2159 1077 2188 ,
1098 2111 1194 2192 quoad
1212 2111 1274 2188 ejus

60 2211 110 2270 lieri
139 2213 171 2270 in
198 2211 307 2270 talibus
335 2211 472 2291 operibus
498 2214 605 2292 possit,
627 2213 801 2293 pulcerrime
829 2233 845 2270 a
868 2211 942 2272 coeli
960 2211 1108 2272 conditore
1128 2209 1272 2291 perfecta:

61 2308 201 2369 absurdum
229 2330 298 2368 vero
326 2330 403 2383 esse,
424 2310 447 2368 si
474 2311 538 2388 quis
556 2313 649 2370 noctis
669 2311 707 2370 ad
727 2311 822 2385 diem,
844 2311 1002 2389 horumque
1021 2309 1059 2370 ad
1078 2329 1223 2380 mensem,
1244 2320 1272 2366 et

62 2409 152 2470 nensis
175 2407 214 2468 ad
231 2429 354 2482 annum,
374 2409 496 2487 itemque
517 2423 655 2468 astrorum
675 2409 712 2468 ad
732 2409 802 2471 haec
822 2409 918 2468 omnia
939 2423 966 2468 et
986 2410 1113 2469 invicem
1132 2407 1272 2466 rationem

60 2520 172 2566 mutuam
200 2527 311 2586 semper
326 2506 470 2566 similiter
497 2506 651 2588 procedere
676 2507 883 2582 contenderet,
904 2520 936 2566 ut
955 2507 1033 2567 nihil
1054 2507 1165 2590 uspiam
1182 2518 1274 2563 muta·
1299 2577 1300 2582 ἵ

59 2605 134 2664 tionis
159 2605 308 2679 subirent,
329 2626 394 2663 cnm
424 2626 468 2664 res
496 2607 555 2665 sint
584 2626 735 2685 corporeae
765 2619 793 2664 et
823 2605 1015 2686 spectabiles,
1036 2606 1170 2684 idemque
1190 2602 1270 2662 omni

62 2703 133 2762 nodo
149 2705 180 2762 in
199 2703 279 2762 hisce
299 2703 447 2767 veritatem
466 2707 634 2781 quaereret?
652 2732 687 2740 -
708 2705 755 2762 Sic
775 2704 848 2763 mihi
867 2717 958 2777 certe,
979 2717 1006 2762 te
1026 2724 1104 2763 nunc
1125 2700 1272 2771 audienti,

65 2799 171 2861 ridetur.
191 2832 224 2840 -
255 2800 373 2859 Scilicet
400 2800 628 2881 problematibus
656 2815 787 2876 utentes,
808 2802 849 2860 sio
868 2803 1087 2875 astronomiam,
1110 2814 1141 2858 ut
1160 2819 1273 2879 geome-

65 2897 150 2974 triam,
168 2898 374 2975 tractabimus;
397 2920 469 2978 quae
488 2919 555 2959 vero
575 2901 608 2959 in
628 2899 707 2972 coelo
726 2913 885 2980 apparent,
906 2900 990 2958 missa
1008 2900 1145 2958 faciemus
1155 2943 1164 2972 ,
1186 2898 1272 2975 siqui·

63 2993 118 3054 dem
141 3019 205 3060 vere
235 2999 423 3057 astronomiae
451 2997 618 3073 studentes,
639 2997 717 3078 quod
744 2997 848 3057 natura
876 3000 966 3056 menti
993 3012 1105 3058 nostrae
1127 2989 1275 3078 φρόνιμον

63 3090 140 3168 inest,
168 3094 200 3153 id
230 3094 354 3156 velimus
380 3095 452 3155 utile
479 3117 515 3154 ex
545 3097 655 3156 inutili
676 3094 876 3175 efficerenfl)
915 3098 952 3155 ln
979 3096 1025 3156 his
1052 3098 1140 3174 item,
1161 3099 1273 3172 fateor,
1326 3132 1330 3144 ·

62 3185 125 3250 idem
149 3192 313 3252 dominatur
339 3195 460 3274 perfecti
489 3195 607 3274 verique
636 3195 785 3269 studium,
806 3216 862 3274 quo
888 3177 951 3255 uno*
965 3197 1091 3256 maxime
1110 3196 1272 3256 ducebatur

62 3286 145 3349 Plato:
173 3291 308 3372 quodque
335 3293 432 3350 minus
460 3306 587 3373 spectare
605 3293 699 3352 solent
717 3294 872 3354 astronomi
893 3295 1043 3376 vulgares,
1064 3310 1096 3354 ut
1123 3289 1273 3376 χρήσιμον

62 3381 186 3469 adorirer
209 3383 354 3471 φρόνιμον
367 3387 407 3450 ,tv
427 3389 469 3476 τῇ
490 3391 581 3475 ψυχῇ
603 3388 634 3461 ἕξ
656 3384 810 3472 ἀχρήστου
834 3395 962 3469 faciant,
989 3395 1043 3456 hoc
1063 3399 1187 3456 maxime
1206 3396 1272 3457 effi-

62 3509 113 3548 cere
139 3492 218 3552 Plato
245 3491 374 3569 studuit,
406 3493 458 3553 sed
484 3492 587 3568 iidem,
618 3506 650 3552 ut
677 3493 731 3552 hoo
760 3508 842 3569 utar,
865 3493 916 3553 ubi
944 3493 1073 3555 defectus
1091 3485 1185 3576 agitur
1204 3496 1274 3554 solis

63 3585 187 3665 lunaeve,
217 3591 278 3650 sive
305 3612 404 3650 cursus
434 3604 475 3650 est
505 3590 691 3652 definiendus
709 3606 833 3652 cometae
852 3593 900 3655 vel
918 3593 1071 3674 planetae,
1093 3613 1190 3652 nonne
1209 3593 1274 3672 pri-

63 3705 127 3746 num
153 3702 288 3752 avertunt
316 3702 441 3750 mentem
466 3709 482 3746 a
512 3688 597 3753 rehus
618 3689 842 3770 spectabilibus,
862 3704 894 3750 ut
914 3711 1013 3752 verum
1028 3703 1150 3765 motum,
1172 3711 1272 3749 verum

63 3803 164 3844 cursum
181 3800 209 3844 et
226 3786 315 3846 lunae
335 3801 363 3846 et
382 3786 562 3871 planetarum
583 3802 812 3867 cometarumque
832 3790 958 3870 cogitent
974 3802 1123 3868 menteque
1144 3789 1273 3870 complo-

64 3886 185 3944 cunum?
206 3885 319 3944 ‚Nonne
348 3886 417 3946 vera
444 3886 496 3944 hac
524 3888 672 3967 perspecta
699 3901 727 3946 et
756 3889 837 3967 quasi
866 3887 1022 3948 constituta
1050 3888 1271 3968 consignataque

65 3993 166 4042 natm-ae
184 3983 259 4064 lege,
280 3997 342 4042 tum
360 3977 475 4044 demum
494 3984 636 4044 mundum
655 3985 841 4065 spectabilem
860 3985 1016 4045 attendunt
1026 4031 1034 4060 ,
1057 3984 1272 4046 vicissitudines

65 4078 260 4142 considerantes
289 4095 382 4142 motus
407 4103 561 4163 cursusque
591 4097 618 4142 et
641 4082 830 4144 aberrationis
858 4104 1009 4166 corporum
1029 4084 1193 4168 coelestium
1218 4105 1270 4165 per

65 4181 274 4258 opportunitates
302 4182 413 4258 uarias,
444 4182 620 4245 attractionis
647 4182 680 4242 in
708 4184 809 4264 primis
837 4184 1000 4245 vicinorum
1026 4203 1176 4266 corporum
1203 4203 1272 4240 coe-

66 4310 300 4332 *m

48 4413 57 4434 .
95 4383 116 4448 r)
131 4389 166 4441 aa
181 4394 242 4462 asp.
260 4392 315 4444 vu.
335 4392 395 4446 saa.
413 4393 444 4446 n.

94 4469 118 4582 2)Ι
133 4476 188 4528 aaa.
206 4479 263 4530 eso.
282 4479 313 4530 a
