2832 5120
637 301 696 358 215

69 463 168 520 nicrum
188 461 309 535 studiis,
331 481 390 520 non
409 476 529 542 possunt
548 483 608 522 non
628 461 675 520 illi
693 463 801 520 amicae
820 481 878 518 esse
898 473 926 518 et
945 461 1178 540 acceptissimae,
1198 459 1279 518 diue·

66 562 113 618 rim
137 561 212 634 fere,
242 581 294 640 per
322 562 520 639 cognationem
547 562 726 634 carissimae,
756 560 864 638 quippe
890 559 941 636 qui
968 559 1029 638 ipse
1059 578 1156 616 earum
1185 557 1279 617 studio

65 659 422 718 natantianatantia
441 658 578 739 stupendi
597 659 783 740 explicantur
803 656 920 715 illorum
940 657 973 714 in
993 655 1133 715 doctrinis
1153 677 1279 738 progres·
1327 655 1330 664 ’

63 777 120 832 sus,
149 758 198 836 qui
209 758 320 827 ‚naturl
341 771 409 816 sunt
428 757 615 838 philosophi«
656 757 713 816 Sed
734 755 835 814 indole
854 753 998 835 descripti
1014 757 1177 832 juvenum,
1208 773 1279 830 quos

63 853 226 915 erudiendos
250 857 442 935 suscepimus,
471 877 528 934 quo
548 855 714 914 evidentius
741 855 826 913 etiam
847 853 931 912 nobis
952 865 980 911 et
997 854 1042 912 vis
1062 853 1150 930 hujus
1169 851 1279 910 indolis

62 967 163 1033 pateat,
185 968 212 1034 et
232 955 305 1014 ratio
324 953 541 1029 doctrinarum,
568 953 675 1038 quibus
693 975 806 1035 operam
827 950 977 1009 debebunt
996 972 1102 1010 navare
1113 996 1122 1025 ,
1143 964 1171 1008 et
1189 950 1280 1030 ipsius

61 1051 124 1109 adeo
149 1050 367 1132 philosophiae,
397 1053 445 1110 cui
474 1074 503 1112 se
530 1066 603 1111 totos
632 1053 767 1111 tradituri
796 1064 883 1123 sunt,
914 1051 1091 1129 propositum
1120 1069 1279 1120 summum,

61 1169 120 1228 age,
149 1133 401 1208 discernamusab
422 1151 477 1226 iis,
496 1164 636 1229 quotquot
656 1152 783 1230 ipsorum
802 1148 910 1207 similes
929 1150 1008 1222 sint,
1030 1168 1082 1206 uec
1102 1161 1198 1209 tamen
1219 1145 1279 1206 diet

60 1247 215 1328 philosophi
239 1249 366 1327 possint:
398 1248 609 1328 distinguamus
638 1249 671 1307 in
698 1249 801 1329 primis
826 1269 841 1306 a
869 1246 950 1325 vulgi
977 1249 1165 1323 opinionibus
1184 1265 1280 1304 rerum

60 1353 226 1420 scientiam,
256 1367 313 1423 quc
335 1348 420 1407 unice
439 1347 676 1406 contendendum
695 1361 736 1406 est
754 1345 943 1428 philosopho:
972 1365 1142 1424 quaeramus
1162 1344 1280 1404 omniuo

60 1443 103 1517 id,
121 1443 197 1522 quod
217 1464 303 1524 supra
324 1444 462 1525 deinceps
481 1467 539 1506 esse
560 1445 771 1526 explorandum
792 1445 937 1505 diximus:

168 1637 343 1717 Quinum
370 1639 551 1718 propris
573 1642 820 1719 philosophi
841 1637 1160 1706 suntdicendi?

92 1836 159 1894 Nam
189 1849 257 1894 suut
276 1848 346 1895 sa'ne
364 1837 523 1917 permulti,
554 1838 604 1915 qui
626 1838 750 1916 speciem
770 1837 901 1895 referunt
920 1834 1177 1916 pbilosophorum:
1209 1852 1279 1910 quos

60 1954 204 1993 memorans
233 1934 265 1992 in
283 1933 386 1992 iisdem
404 1936 583 1996 sermonibus
603 1934 777 1994 Adimantus
800 1932 983 1992 «ridiculum
1001 1953 1091 2013 genus
1110 1903 1279 2006 bominum,

60 2032 108 2106 ait,
135 2034 159 2092 si
188 2033 221 2091 in
248 2031 429 2113 pbilosophis
460 2049 641 2094 censeantur.
675 2032 733 2094 .Nil
763 2054 822 2095 non
852 2046 998 2115 spectare,
1028 2029 1072 2088 nil
1100 2050 1159 2088 non
1177 2027 1279 2088 audire

60 2143 152 2189 avent:
184 2131 217 2188 in
245 2131 325 2188 festis
355 2130 523 2192 discurrunt
542 2134 575 2192 in
592 2152 692 2192 omncs
709 2144 824 2212 partes,
856 2143 902 2204 et,
931 2129 1013 2208 quasi
1034 2125 1153 2198 auribus
1173 2125 1211 2184 ad
1230 2147 1278 2183 au·

59 2225 189 2286 diendum
216 2227 351 2303 elocatis,
380 2229 457 2288 nulli
486 2245 554 2289 sunt
580 2231 661 2289 chori
686 2231 747 2290 sive
769 2228 885 2287 urbium
905 2227 966 2286 sive
985 2245 1142 2307 pagorum,
1173 2221 1279 2302 quibus

59 2346 109 2384 non
126 2326 238 2385 adstent
259 2325 435 2388 exaudituri.
477 2331 537 2388 Hos
556 2330 645 2410 igitur
663 2327 827 2390 mortalium
849 2326 1008 2387 levissimos
1026 2345 1097 2398 noS,
1129 2345 1145 2382 ο
1174 2321 1277 2380 Socra-

59 2436 109 2498 tes,
140 2425 247 2505 quippe
280 2423 401 2504 cupidos
432 2426 630 2506 studiososque
655 2419 872 2504 *cognoicendi·,
887 2499 889 2506 y
903 2423 1090 2502 philosophos
1120 2419 1273 2480 dicemus?

59 2517 187 2598 Equidem
206 2515 364 2603 φιληκόους
382 2524 526 2608 appellem
546 2527 614 2584 istos
632 2539 659 2584 et
677 2517 914 2604 φιλοθεάμονας·
946 2513 1131 2604 φιλοσόφους
1149 2539 1210 2577 non
1228 2537 1277 2597 ap·

60 2618 184 2696 pellem.»
230 2623 276 2683 Ad
305 2646 376 2704 quae
406 2623 597 2682 adolescentis
623 2623 701 2684 dicta
720 2627 760 2683 sic
781 2625 925 2684 Socrates:
960 2623 1037 2683 «bos
1055 2643 1104 2702 ego
1125 2619 1274 2688 homines,

61 2715 159 2795 inquit,
180 2737 360 2802 nequaquam
378 2721 494 2804 appello
519 2721 727 2802 philosophos,
759 2725 818 2794 sed
837 2723 1076 2804 philosophorum
1105 2716 1222 2777 similes,
1245 2753 1279 2762 -

66 2811 144 2891 Τοῦς
163 2820 228 2901 τῆς
250 2813 429 2901 ἀληθείας
451 2807 742 2902 φιλοθεάμονας·
765 2824 869 2881 illos
890 2843 1004 2906 coco,
1024 2827 1096 2898 qui
1118 2823 1274 2893 specta·

12 2933 13 2940 ’
64 2931 353 2981 revertentem
383 2933 563 2983 omont.»
592 2919 620 3001 l)
670 2923 820 3006 Praeclara
851 2919 1014 2993 sententia,
1046 2919 1128 2994 cujus
1156 2905 1211 2971 boc
1243 2911 1276 2970 in

62 3034 189 3095 sermone,
211 3020 266 3079 boc
286 3021 368 3095 loco,
389 3021 460 3080 mira
479 3035 521 3079 est
540 3021 585 3086 vis
605 3035 632 3079 et
650 3022 813 3100 auctoritas.
851 3020 914 3092 Qua
933 3031 1029 3076 tamen
1048 3037 1107 3074 non
1124 3011 1192 3070 satis
1209 3030 1279 3067 con·

61 3124 140 3176 tentus
156 3115 329 3178 Adimantus
349 3141 408 3188 rem
428 3121 509 3200 cupit
529 3119 622 3177 fusius
639 3119 792 3201 explicari.
839 3139 853 3171 u
866 3119 953 3176 Recte
974 3113 1092 3195 quidem
1111 3107 1209 3181 istud,
1231 3101 1275 3164 iit·

60 3213 128 3289 quit,
156 3214 206 3276 sed
234 3239 291 3296 quo
319 3218 351 3276 id
369 3215 453 3276 modo
481 3217 633 3298 explices?
665 3220 741 3277 Tum
759 3217 907 3290 Socrates,
928 3213 1009 3273 baud
1028 3211 1115 3271 facile
1136 3207 1274 3288 quidem,

61 3315 217 3392 respondet,
239 3315 271 3375 id
292 3317 345 3375 alii
366 3317 508 3398 explicem
519 3341 526 3392 3
550 3317 600 3375 sed
619 3330 647 3374 te
667 3316 739 3374 mibi
761 3328 832 3397 puto
851 3315 905 3373 hoc
926 3311 1221 3372 continuodaturum.
1245 3346 1278 3354 -

59 3407 125 3482 Quid
150 3413 255 3474 istud?
272 3453 312 3464 1-
342 3417 414 3474 Cum
443 3415 520 3496 turpi
553 3416 730 3473 contrarium
757 3416 794 3496 sit
814 3413 966 3494 pulcrum,
999 3409 1057 3469 duo
1077 3408 1130 3467 illa
1151 3427 1219 3464 esse.
1243 3451 1274 3460 .-

59 3507 181 3580 Quidni?
202 3553 237 3563 -
257 3514 367 3587 Quodsi
389 3514 447 3574 duo
467 3527 553 3587 sunt,
575 3533 666 3572 unum
686 3534 744 3572 esse
766 3527 972 3590 utrumque.-
992 3509 1030 3568 Et
1040 3508 1094 3567 hoc
1106 3504 1160 3564 tibi
1171 3504 1218 3563 do.
1241 3543 1275 3550 —

59 3602 114 3665 Esse
128 3626 220 3670 autem
240 3611 362 3671 eandem
378 3613 449 3690 justi
471 3626 498 3671 et
517 3612 637 3690 injusti,
668 3611 784 3670 boniet
805 3611 892 3685 mali,
925 3609 1054 3668 omnium
1075 3605 1206 3663 idearum
1227 3621 1275 3658 ra-

59 3703 169 3784 tionem,
202 3711 297 3791 ipsum
325 3702 444 3789 quidem
471 3709 624 3788 quodlibet
651 3731 742 3770 unum
770 3731 847 3784 esse,
880 3705 1081 3767 communione
1111 3721 1179 3778 vero
1209 3699 1275 3757 cum

60 3804 224 3883 actionibus,
246 3830 312 3891 cum
330 3809 415 3868 rebus
433 3809 576 3889 corporeis
596 3823 624 3867 et
643 3831 738 3868 secum
758 3809 904 3880 invicem,
925 3825 997 3882 quae
1018 3802 1116 3862 ubivis
1135 3810 1276 3880 apparent

61 3903 127 3962 varia
152 3907 262 3986 speeie,
294 3928 353 3966 non
374 3927 464 3967 unum
493 3907 623 3987 singula,
653 3905 702 3966 sed
728 3905 814 3988 plura
833 3905 938 3974 videri,
960 3943 993 3956 .-
1024 3903 1112 3962 Recte
1133 3899 1216 3960 dicis.
1239 3939 1274 3949 -

61 3994 111 4058 Hac
138 4004 268 4082 equidem
294 4006 404 4066 ratione
433 4005 600 4084 distinguo,
621 4006 688 4066 illos
708 4027 879 4079 secernens,
900 4025 972 4082 quos
989 4001 1074 4062 modo
1093 4001 1275 4075 memorasti,

63 4103 271 4174 spectaculorum
298 4107 458 4184 artiumque
483 4117 724 4183 amatoresatque
746 4105 778 4164 in
796 4104 883 4163 rebus
903 4101 1021 4183 agendis
1040 4112 1182 4172 versatos,
1213 4111 1275 4156 tum

63 4189 120 4270 lm,
139 4199 294 4280 dequibus
313 4225 391 4266 nunc
409 4225 501 4264 sermo
520 4217 563 4290 cst
573 4249 582 4278 ,
602 4225 674 4282 quos
693 4203 768 4264 solos
789 4203 843 4262 rite
864 4202 1013 4264 vocaveris
1031 4191 1223 4279 φιλοσόφους.
1238 4191 1273 4256 ass

64 4291 115 4365 Qua
138 4298 212 4360 illud
241 4303 353 4378 rationev
379 4303 508 4366 definis?
528 4345 563 4366 a.
594 4305 652 4380 Qui
682 4295 816 4382 φιλήκοοι
837 4314 952 4362 suntet
974 4294 1203 4381 φιλοθεάμονες,
1225 4305 1275 4382 qui

69 4443 291 4467 Ἣ

94 4501 449 4580 immamus
