2832 5120
738 277 794 338 138

159 455 225 496 cum
243 435 308 498 aliis
327 437 397 498 locis
414 439 532 514 Cicero,
552 451 614 498 tum
634 425 758 499 maxime
778 442 811 500 in
841 457 925 521 opere
953 440 988 497 da
1017 439 1144 502 Finitus
1170 436 1272 498 diserte
1295 459 1362 519 expo

159 537 225 595 suit.
266 537 334 595 Vim
361 537 408 596 illi
436 537 561 598 hominis
588 539 732 598 internam
761 536 953 618 explorabant
980 540 1122 613 maxime,
1143 511 1229 616 quani
1256 538 1363 596 infantes

159 633 287 714 produnt
304 620 452 695 continuo.
497 657 512 689 u
523 637 573 696 Est
602 637 679 694 enim
699 636 802 694 naturd
830 635 870 694 sic
895 649 1027 714 generata
1047 637 1092 696 vis
1120 636 1266 710 hominis,
1286 649 1314 694 ut
1336 635 1365 693 ad

109 743 112 752 '
141 751 271 793 ¹omnem
288 733 424 792 virtutem
443 734 659 815 percipiendam
679 735 753 792 facta
774 733 925 793 videatur:
948 732 985 790 ob
1013 754 1130 812 eamque
1158 753 1282 792 caussam
1298 733 1363 812 parri

159 832 300 890 virtutum
318 830 493 905 simulacris,
508 850 628 911 quarum
643 833 676 890 in
692 853 720 890 se
736 831 845 889 habent
863 829 986 905 semina,
998 832 1060 899 sine,
1071 831 1364 903 doctrinamoventur3
1411 853 1412 858 ¹

158 942 225 987 sunt
243 931 321 988 enim
340 929 432 1008 prima
451 929 592 989 elementa
609 931 746 990 naturae:
768 929 874 1009 quibus
884 929 990 1003 auctis,
1007 930 1123 990 virtutis
1133 931 1215 1008 quasi
1233 925 1366 1004 carmenl)
1413 941 1414 964 ³

158 1023 292 1086 efficitur.
335 1027 406 1085 Nam
424 1048 489 1086 cum
507 1029 546 1086 ita
565 1030 625 1087 nati
645 1028 771 1107 factique
792 1028 895 1101 simus,
917 1040 949 1085 ut
968 1041 997 1101 et
1017 1027 1121 1108 agendi
1140 1027 1255 1106 aliquid
1272 1041 1298 1086 et
1314 1025 1365 1086 dili·
1413 1041 1414 1076 t

159 1123 246 1203 gendi
272 1123 401 1204 aliquos,
422 1139 450 1184 et
478 1125 678 1200 liberalitatis,
707 1140 734 1185 et
764 1125 931 1184 referendae
959 1125 1065 1204 gratiae
1079 1127 1232 1206 ,principia
1252 1127 1284 1184 in
1301 1123 1368 1182 nobis
1413 1152 1414 1158 κ

160 1223 390 1298 contineremus,
424 1238 508 1303 atque
537 1223 575 1284 ad
604 1224 773 1297 scientiam,
804 1222 991 1304 prudentiam
1019 1223 1279 1302 fortitudinemque
1305 1235 1367 1302 aptos

159 1310 269 1381 animos
293 1322 480 1396 haberemus,
501 1343 517 1380 a
541 1321 748 1400 contrariisque
772 1321 858 1379 rebus
883 1311 1011 1380 alienos:
1033 1343 1093 1380 non
1121 1322 1184 1380 siue
1204 1341 1301 1380 caussa
1319 1339 1367 1390 eas,

157 1439 228 1496 quas
256 1417 339 1494 dixi,
368 1421 400 1478 in
428 1419 526 1500 pueris
558 1420 699 1488 virtutum
730 1420 811 1499 quasi
845 1418 1021 1479 scintillulas
1052 1419 1202 1494 ridemus,
1238 1441 1252 1478 e
1281 1417 1368 1498 quibus
1413 1463 1414 1468 κ

158 1517 279 1577 accendi
298 1517 463 1599 philosophi
484 1515 516 1597 2)
531 1518 608 1576 ratio
626 1517 730 1592 debet,
752 1532 784 1576 ut
812 1537 893 1591 eam,
914 1517 996 1594 quasi
1026 1515 1130 1591 deum,
1153 1516 1258 1576 ducem
1286 1515 1368 1574 subse-
1413 1533 1414 1566 1

158 1635 267 1693 quens,
288 1616 327 1674 ad
353 1629 472 1674 naturae
500 1616 653 1696 perveniat
683 1630 851 1675 extremum.
893 1615 984 1689 Nam,
1006 1628 1038 1672 ut
1065 1635 1147 1694 saepe
1164 1616 1226 1692 jain
1245 1613 1328 1689 dixi,
1345 1613 1368 1669 in
1408 1661 1411 1676 ,

156 1710 272 1771 infirma
292 1727 381 1772 aetate
400 1711 602 1791 imbecillaque
622 1728 717 1772 mente
737 1714 781 1774 vis
806 1727 925 1772 naturae
945 1713 1025 1790 quasi
1046 1734 1097 1795 per
1118 1712 1273 1793 caliginem
1290 1709 1370 1768 cerni-

155 1822 238 1870 tur.»
283 1811 368 1886 Quod
392 1810 562 1890 diligentius
590 1812 674 1870 etiam
704 1810 750 1869 his
778 1810 952 1890 exponitur:
988 1829 1002 1864 u
1013 1811 1098 1870 Parvi
1128 1811 1223 1890 primo
1255 1823 1316 1868 ortu
1339 1807 1370 1866 sie
1406 1805 1414 1847 i

151 1911 269 1987 jacent,
291 1903 427 1988 tanqudm
446 1909 564 1967 omnino
584 1909 646 1967 sine
664 1909 760 1969 animo
779 1909 855 1983 sint,
877 1928 943 1966 cum
966 1921 1061 1966 autem
1083 1908 1217 1988 paullum
1245 1905 1371 1966 firmitatis
1407 1909 1408 1915 ’

156 2007 325 2081 accesserit,
346 2022 373 2067 et
391 2007 488 2066 animo
508 2020 672 2065 utunturret
693 2005 840 2066 sensibus:
863 2006 1129 2084 connitunturque,
1144 2019 1176 2064 ut
1186 2027 1246 2064 sese
1259 2006 1370 2084 erigant,
1413 2035 1414 2048 κ

155 2117 183 2163 et
198 2104 331 2164 manibus
346 2119 481 2164 utuntur:
499 2118 526 2162 et
541 2125 587 2163 eos
602 2109 775 2184 agnoscunt,
792 2104 924 2182 aquibus
940 2103 1110 2164 educantur.
1131 2103 1245 2166 Deinde
1257 2100 1372 2182 aequali·
1411 2126 1414 2156 2,

155 2201 209 2261 bus
225 2202 425 2276 delectantur,
440 2202 622 2279 libenterque
637 2223 666 2260 se
681 2223 746 2261 cum
761 2202 807 2260 his
828 2215 1016 2282 congregant,
1033 2202 1160 2282 dantque
1180 2225 1208 2262 se
1228 2203 1268 2262 ad
1286 2200 1371 2260 luden·

154 2299 241 2358 dum:
263 2300 492 2380 fabellarumque
511 2300 661 2358 auditione
681 2299 849 2374 ducuntur,
870 2299 963 2378 deque
982 2280 1033 2375 eo,
1055 2301 1133 2380 quod
1158 2302 1229 2382 ipsis
1253 2311 1372 2380 superat,
1407 2291 1414 2349 Γ

154 2398 219 2456 aliis
242 2397 396 2478 gratificari
424 2397 546 2457 volunt:
570 2397 861 2477 animadvertuntque
891 2420 940 2472 ea,
962 2419 1034 2476 quae
1063 2399 1140 2458 domi
1166 2399 1242 2458 fiunt
1254 2446 1263 2474 ,
1289 2397 1372 2456 curie·

154 2496 213 2555 sius
222 2541 231 2569 ‚
253 2496 456 2574 incipiuntque
474 2496 660 2555 commentari
681 2495 793 2574 aliquid
813 2511 841 2554 et
857 2497 984 2555 discere:
1007 2510 1035 2555 et
1055 2518 1166 2572 eorum,
1182 2519 1254 2576 quos
1269 2496 1372 2566 vident,
1413 2527 1414 2532 κ

154 2593 258 2654 volunt
287 2614 347 2652 non
374 2593 506 2672 ignorare
533 2594 666 2654 nomina:
688 2594 850 2673 quibusque
880 2593 965 2652 rebus
991 2615 1056 2652 curn
1084 2595 1257 2674 aequalibus
1284 2592 1372 2652 decer·
1410 2629 1414 2660 3,

152 2704 234 2766 tant,
255 2691 280 2750 si
298 2691 437 2766 vicerint,
463 2692 583 2750 efferunt
606 2713 634 2750 se
659 2690 786 2750 laetitid:
819 2693 890 2751 vieti
915 2689 1108 2753 debilitantur
1137 2694 1305 2772 animosque
1329 2689 1371 2748 de-
1413 2743 1414 2748 ,

152 2773 307 2877 mittpnt.»
331 2787 362 2869 3)
383 2789 458 2848 Tum
484 2810 552 2849 vero
579 2789 640 2870 ipse
668 2803 902 2849 commemoratur
931 2799 1076 2872 veritattq
1101 2811 1194 2850 amor.
1250 2793 1373 2849 «Tantus
1413 2863 1414 2866 Ἰ

115 2889 117 2893 ’
144 2899 195 2982 xest
211 2888 329 2946 innatus
346 2887 379 2946 in
400 2887 484 2948 nobis
502 2887 676 2967 cognitionis
694 2909 773 2947 amor
792 2902 820 2946 et
839 2889 993 2963 scientiae,
1015 2902 1046 2946 ut
1063 2910 1147 2949 nemo
1164 2889 1301 2948 dubitare
1320 2906 1371 2968 pos·
1413 2939 1414 2970 3

152 2985 208 3059 sit,
228 2986 301 3064 quin
321 2986 424 3046 adeas
443 3005 488 3044 res
507 2985 657 3045 hominum
673 2999 776 3045 natura
794 2985 877 3044 nullo
893 2986 1085 3064 emolumento
1101 2989 1224 3048 invitata
1244 2987 1371 3066 rapiatur.

153 3082 349 3159 Videmusne,
372 3097 404 3142 ut
430 3084 513 3164 pueri
540 3103 577 3142 ne
604 3082 775 3143 verberibus
792 3083 910 3163 quidem
929 3108 944 3144 a
963 3085 1195 3166 contemplandis
1215 3085 1302 3144 rebus
1319 3103 1371 3164 per·
1413 3075 1414 3080 ἵ

152 3181 359 3262 quirendisque
385 3181 609 3240 deterreantur?
632 3195 664 3244 ut
690 3182 768 3262 pulsi
795 3181 968 3242 recurrant?
991 3197 1022 3242 ut
1042 3181 1246 3262 aliquid-scire
1266 3205 1299 3242 se
1314 3202 1373 3262 gau·
1411 3225 1412 3230 κ

153 3278 266 3340 deant?
290 3277 406 3338 ut'aliis
426 3301 542 3338 narrare
562 3281 706 3360 gestiant?
730 3292 760 3339 ut
779 3279 901 3360 pompat,
923 3278 1002 3339 ludis
1016 3294 1100 3358 atque
1116 3279 1257 3358 ejusmodi
1279 3293 1373 3361 specta·

152 3376 228 3436 culis
246 3390 419 3451 teneantur,
441 3377 479 3437 ob
509 3399 625 3457 eamque
651 3399 711 3436 rem
738 3377 788 3437 vel
818 3377 920 3436 famem
950 3391 977 3438 et
1004 3377 1080 3436 sitim
1096 3365 1274 3458 perferant?
1305 3375 1374 3452 Quid

143 3477 246 3536 'verul
267 3475 322 3556 qui,
336 3475 471 3560 ingenuis
491 3464 595 3536 studiis
616 3489 700 3555 atque
719 3475 830 3534 artibus
850 3475 1050 3551 delectantur,
1072 3497 1170 3536 nonne
1187 3475 1318 3536 videmus
1336 3494 1374 3533 eos

158 3611 413 3622 ——n-—n-m--a

185 3665 211 3732 1)
230 3667 371 3745 Eleganter
388 3668 513 3720 Ernestus
540 3668 572 3720 de
595 3677 713 3720 concentu
731 3670 832 3720 uirtutis
855 3669 957 3735 accipit.
982 3647 1040 3718 vit.
1064 3668 1135 3721 Clav.
1159 3668 1212 3720 cic.
1235 3669 1373 3739 Intelligere

155 3762 240 3806 eutem
266 3755 399 3821 formulam
424 3755 480 3804 sire
510 3753 584 3820 legem
612 3754 697 3810 malim
727 3763 849 3816 naturae,
880 3770 930 3821 qua
954 3755 1035 3805 virtus
1061 3756 1157 3807 nititur.
1181 3755 1238 3806 vid.
1268 3757 1372 3808 coerect.

156 3839 190 3892 ad
209 3838 234 3889 h.
253 3839 271 3890 l.
292 3839 380 3906 (Hujus
402 3839 454 3890 loci
479 3837 643 3889 ciceroniani
668 3841 791 3906 optimum
813 3841 981 3906 interpretem
1006 3839 1140 3892 Platonem
1163 3857 1222 3892 esse
1248 3843 1371 3908 suspicor,

139 3947 234 3999 ,quem
255 3931 316 3982 vide
338 3933 371 3984 de
397 3919 516 4006 παιδείᾳ
541 3931 713 3998 disputantem
736 3934 765 3982 de
785 3932 856 3998 Leqq.
879 3933 912 3981 II.
933 3929 991 3982 653.
1014 3934 1119 4012 Legitur
1144 3937 1192 3987 ibi:
1217 3918 1292 4006 αὕτη
1314 3920 1339 3985 dd
1356 3916 1373 4003 ἡ

155 4018 484 4108 ’ξυμφωνίαὴξύμπασα
515 4020 571 4102 μὲν
596 4015 694 4105 dperq'.
722 4018 948 4104 Ξυμφωνίαν
973 4032 1140 4101 dicit,quam
1153 4034 1245 4086 Cicero
1259 4046 1372 4086 carmen

151 4131 253 4180 virtutis
270 4137 355 4181 vocat.
392 4128 444 4179 Sed
464 4128 546 4197 magis
567 4129 644 4179 etiam
667 4128 731 4179 haec
751 4127 910 4180 illustrantur
927 4123 1022 4174 collato
1042 4121 1106 4174 Plat.
1127 4127 1156 4175 de
1176 4127 1238 4193 Rep.
1258 4127 1302 4174 111.
1322 4118 1370 4169 402

156 4213 184 4266 G.
203 4213 234 4266 D.
259 4214 306 4267 le.
325 4215 410 4265 latitia.
431 4231 456 4280 p.
473 4211 521 4276 84,
543 4212 584 4264 88.
604 4243 635 4254 -
654 4211 714 4278 Ed.)

180 4299 206 4364 2)
224 4301 348 4352 Fortasse
380 4300 431 4368 leg.
458 4300 612 4368 philosopho.
650 4306 678 4352 ut
704 4301 787 4351 visum
817 4297 938 4349 Ernesto.
956 4321 991 4332 -
1007 4293 1127 4346 Proxima
1151 4312 1166 4346 a
1191 4295 1298 4346 Platone
1321 4299 1371 4344 suot

154 4393 261 4444 Ptaedr.
278 4391 336 4444 266.
353 4392 382 4442 Β,
406 4376 504 4444 διώκω
532 4379 733 4446 κατόπισθε
761 4378 835 4460 μετ’
861 4379 979 4463 ἴχνιον
1001 4373 1091 4442 ὥστε
1115 4380 1230 4448 Θεοῖο.

188 4483 214 4543 3)
234 4486 270 4536 De
286 4485 342 4535 Fta.
370 4487 398 4537 V.
423 4487 462 4538 15.
