2898 5120
738 224 801 288 bil

166 409 288 478 paterno
313 411 407 454 amare
433 391 700 474 complecterentur.
741 389 864 466 Qualem
892 389 1041 459 bominum
1067 389 1245 467 societatem,
1265 390 1317 452 sed
1340 412 1374 452 se·

162 495 293 572 junctam
311 513 327 551 a
345 493 431 550 civili
448 490 507 551 vita
526 503 553 550 et
571 491 729 563 moralem,
751 509 832 569 posse
854 487 988 550 exsistere
1009 503 1037 552 et
1062 507 1107 550 res
1127 487 1256 567 loquitur
1271 505 1301 550 et
1319 491 1376 550 bis-

165 592 238 652 toria
265 603 327 670 post
345 588 491 650 Platonem
517 587 626 647 docuit
667 586 747 648 Talis
767 587 845 648 enim
865 585 975 648 exstitit
992 607 1044 666 per
1060 587 1245 666 religionem
1246 589 1374 650 Christis

165 709 228 750 uam
258 687 415 750 communis
444 685 593 748 bominum
625 683 746 759 civitas,
784 684 945 746 animorum
981 705 1121 746 consensu
1156 684 1375 766 divinorumque

163 787 328 848 auctoritate
357 797 571 866 prwaeceptorum
594 784 698 861 J'uncta
733 794 761 841 et
788 781 927 871 stabilita.
977 781 1035 843 Sed
1057 781 1110 842 his
1138 785 1179 842 ita
1207 784 1245 844 de
1273 789 1374 867 optima

163 883 290 944 Platonis
318 883 466 964 republica
495 880 629 956 monitis,
648 879 834 959 assequimur
857 881 919 958 J'am
948 880 1034 940 iacile
1062 901 1127 940 cum
1146 881 1236 960 liuius
1255 897 1283 942 et
1301 885 1372 944 timo

161 984 265 1044 cratiae
292 980 548 1060 comparationem,
578 991 639 1038 tum
663 979 766 1053 etiam,
796 977 1035 1056 quemadmodum
1062 979 1116 1038 illa
1135 979 1215 1061 apud
1233 979 1374 1040 Platonem

163 1084 195 1143 in
214 1083 289 1140 hanc
308 1067 505 1164 commutetur.
550 1077 729 1158 «Neglecto,
750 1076 808 1152 ait,
829 1077 938 1138 civium
956 1075 1124 1138 discrimine
1142 1079 1291 1155 naturali,
1311 1101 1374 1138 con-

162 1180 288 1258 fusisque
317 1179 357 1235 ιιι
388 1176 537 1234 hominum
568 1175 737 1256 generibus,
764 1179 910 1252 ferreum
940 1189 968 1234 et
996 1196 1120 1236 ameum
1146 1175 1184 1236 ad
1213 1191 1372 1256 quaestum,
1402 1253 1404 1270 Ι

161 1295 346 1358 agrorumque
376 1287 404 1334 et
429 1273 576 1333 domorum
606 1274 809 1353 possessionem
837 1273 985 1349 ferentur,
1016 1295 1144 1333 aureum
1174 1295 1245 1336 vero
1275 1289 1373 1334 ιιι-ιι·-

159 1386 318 1457 genteum,
346 1373 453 1454 quippe
479 1371 581 1432 natura
610 1370 655 1434 nil
677 1363 782 1432 veorum
805 1373 987 1454 appetentia,
1008 1370 1046 1432 ad
1064 1373 1200 1434 virtutem
1218 1388 1373 1453 rectamque

162 1474 358 1538 conditionem
376 1469 506 1530 tendent.
547 1470 616 1531 Orto
638 1469 727 1550 igitur
742 1469 868 1534 tumultu
885 1489 918 1532 ae
936 1469 1096 1546 seditione,
1117 1471 1150 1534 in
1167 1470 1299 1532 medimn
1315 1493 1372 1532 con·

162 1573 299 1645 venient,
330 1583 362 1630 ut
387 1588 467 1647 agros
497 1580 582 1647 atquo
609 1566 707 1627 domos
735 1566 871 1648 privatim
909 1566 1092 1655 possideaut3
1124 1569 1186 1630 illis
1212 1591 1302 1646 vero,
1330 1571 1372 1649 qui

163 1683 246 1730 antea
274 1668 311 1748 ab
336 1669 373 1728 iis
399 1663 592 1746 privabantur
617 1679 752 1745 tanquam
781 1664 887 1739 liberi,
916 1665 1001 1727 amici
1025 1679 1054 1726 et
1074 1667 1250 1744 nutritores,
1271 1669 1303 1728 in
1319 1689 1372 1727 ser—

162 1768 284 1830 vitutem
311 1763 434 1826 redactis
457 1776 485 1824 ot
512 1763 576 1824 loco
601 1763 764 1824 accolarum
791 1776 820 1824 et
849 1762 1045 1826 minutorum
1073 1764 1199 1840 habitis,
1233 1767 1290 1848 ipsi
1308 1765 1371 1826 belli

161 1879 247 1943 atque
272 1861 418 1924 custodiae
442 1860 560 1923 illorum
588 1880 686 1921 curam
710 1872 819 1940 gerant.
861 1861 939 1924 Hine
967 1861 1085 1924 videtur
1111 1865 1236 1924 mutatio
1260 1865 1325 1926 oriri
1346 1877 1371 1923 et

162 1963 217 2022 erit
243 1960 292 2020 hio
320 1957 496 2038 reipublicae
520 1971 609 2018 status
627 1958 704 2020 inter
723 1959 928 2023 aristocratiam
943 1970 972 2020 et
987 1959 1174 2040 oligarcbiam
1191 1961 1305 2024 medius
1321 1963 1371 2022 ali-

161 2060 234 2139 quis.
274 2055 463 2132 Quamobrem
490 2055 651 2118 imitabitur
669 2056 774 2136 partim
800 2057 923 2142 priorem
950 2057 1117 2134 civitatem,
1144 2061 1253 2142 partim
1279 2061 1371 2140 eligar-

161 2159 271 2232 ohiam,
292 2152 410 2216 habebit
429 2159 523 2214 autem
541 2154 649 2235 pariter
664 2155 813 2235 proprium
826 2153 917 2235 quid.
957 2155 994 2218 Et
1011 2157 1136 2236 priorem
1155 2157 1277 2237 quidem
1296 2161 1324 2220 in
1341 2180 1370 2217 eo

118 2323 121 2330 .
161 2253 339 2330 imitabitur,
369 2251 448 2330 quod
475 2251 622 2332 principes
646 2251 883 2328 honorabuntur,
902 2265 929 2312 et
945 2252 1052 2313 milites
1071 2253 1108 2314 ab
1129 2256 1304 2334 agricultura
1320 2279 1367 2316 me

161 2352 345 2428 chanicisque
373 2348 483 2408 artibus
509 2347 714 2424 abstinebunt,
741 2363 769 2410 et
799 2351 960 2418 communia
980 2339 1053 2410 fient
1072 2353 1229 2428 convivia,
1251 2376 1371 2435 gymnas·

162 2449 268 2526 titique
295 2445 360 2504 ludi
390 2459 418 2504 et
437 2444 509 2506 belli
537 2447 692 2506 certamina
719 2447 989 2526 frequentabuntur.
1030 2450 1181 2531 Proprium
1208 2466 1309 2512 autem
1327 2453 1369 2513 hoe

162 2545 299 2618 babebit,
336 2543 415 2624 quod
443 2545 584 2624 sapienter
612 2565 671 2604 non
699 2542 736 2602 ad
765 2532 961 2626 principatum
987 2545 1137 2622 admittet,
1166 2548 1219 2608 sed
1251 2549 1371 2610 homines

165 2641 331 2723 θυμοειδεῖς
350 2658 468 2721 eosque,
497 2643 547 2720 qui
565 2640 638 2700 belli
657 2643 744 2722 magis
764 2663 849 2720 quam
869 2645 947 2724 pacis
973 2659 1099 2706 amantes
1119 2646 1187 2707 sint.
1231 2650 1367 2710 Caeterum

162 2760 246 2805 erunt
271 2746 303 2804 in
330 2742 383 2801 hac
411 2740 528 2800 civitate
557 2740 635 2800 cives
661 2740 850 2820 pecuniarum
880 2755 1061 2822 appetentes,
1083 2755 1114 2801 ut
1140 2744 1171 2802 in
1193 2743 1388 2825 oligarchiis„

160 2847 266 2926 quippe
292 2835 362 2920 οὐχ,
377 2831 437 2897 aiud
460 2837 596 2912 πειθοῦς,
626 2831 689 2896 ἀλλ’
704 2830 775 2898 'dard
801 2833 869 2916 βίας
904 2835 1139 2919 πεπαιδευμένοι,
1175 2837 1227 2902 διά
1260 2837 1296 2904 ad
1325 2825 1379 2924 τῆς

158 2937 304 3025 α’λιιθιιῆς
330 2933 461 3021 Μούσης
491 2938 547 3020 τῆς
570 2933 646 3018 μετοι
674 2931 769 3018 λόγων
791 2960 822 2999 τι
847 2936 895 2999 καὶ
921 2938 1100 3023 φιλοσοφίας
1117 2939 1309 3026 ἠμεληκειιαι,
1329 2943 1369 3006 sai

156 3039 361 3126 πρεσβυτέρως
389 3036 586 3123 γυμναστικήν
619 3041 763 3122 μουσικῆς,
781 3036 974 3123 τετιμηκέναι·
1004 3069 1062 3106 non
1080 3055 1300 3126 persuasione,
1327 3050 1370 3108 ssd

157 3153 187 3204 vi
218 3147 353 3220 edueati,
381 3155 556 3221 propterea,
582 3147 658 3222 quod
684 3145 803 3204 Musam
822 3167 945 3220 aeram,
965 3167 1040 3224 quoe
1059 3168 1127 3205 cum
1147 3151 1329 3208 sermonibus
1342 3156 1367 3204 et

153 3245 208 3322 piri
209 3243 337 3318 losopita'u
356 3248 517 3318 coaJuncto
537 3251 600 3315 est,
631 3243 846 3323 neglexerunt,
876 3251 1030 3324 magisque
1055 3264 1090 3302 ue
1114 3251 1219 3322 potius
1236 3267 1367 3326 gymnos·

157 3347 267 3413 risam,
296 3359 386 3416 quom
413 3345 577 3412 musicum,
604 3341 835 3432 bonoratorum
875 3341 968 3401 Ειιῑ
959 3343 1048 3422 rgitut
1068 3341 1231 3422 respublica
1262 3343 1329 3402 baec
1355 3363 1369 3400 e

155 3437 231 3499 bono
252 3435 383 3518 maloque
400 3436 499 3497 mixta.
506 3461 521 3492 ο
542 3434 571 3515 ι)
852 3451 854 3454 ·
1395 3425 1397 3436 ’

195 3535 303 3596 Mirum
323 3535 411 3594 alicui
433 3535 549 3594 fortasse
569 3532 699 3594 videatur
716 3534 770 3596 hoc
800 3537 952 3597 civitatum
977 3558 1076 3616 genus.
1118 3538 1190 3597 Nam
1210 3561 1262 3620 per
1288 3553 1367 3600 totam
1389 3597 1397 3612 ,

154 3633 354 3712 antiquitatem
384 3633 429 3692 nil
457 3645 499 3692 est
527 3631 701 3711 oligarchia,
731 3632 904 3694 democratia
933 3647 960 3693 et
986 3635 1143 3715 tyrannide
1172 3638 1363 3717 frequentius,

154 3738 357 3792 temerariam
378 3751 444 3792 vero
462 3731 542 3810 quis,
565 3752 623 3791 uno
642 3745 760 3812 excepto
779 3733 911 3808 Platone,
932 3735 1120 3795 memoravit?
1162 3735 1289 3796 Videtur
1305 3755 1364 3796 saue

154 3829 234 3888 Plato
253 3829 378 3890 nominis
398 3843 495 3890 auctor
513 3829 618 3888 fuisse:
640 3850 707 3889 nam
724 3828 840 3891 dubitat
857 3832 1024 3911 quaeritque
1042 3833 1121 3912 apud
1142 3854 1207 3891 eum
1226 3833 1363 3906 Socrates,

154 3925 392 4006 quemadmodum
418 3925 614 4008 nuncupanda
638 3926 741 3986 civitas
760 3928 813 3988 illa
832 3928 975 3989 videatur.
1016 3928 1163 4010 Spectavit
1182 3919 1285 4013 nempe
1302 3933 1363 3992 Cre-

154 4039 262 4086 teusem
290 4038 318 4082 et
346 4024 621 4100 lacedaemoniam,
645 4047 765 4105 quarum
792 4039 939 4106 utramque
971 4049 987 4088 a
1014 4048 1063 4088 sua
1093 4029 1210 4090 civitate
1231 4026 1363 4110 peculiari

155 4123 269 4182 nomine
297 4121 473 4202 distinguere
502 4122 645 4184 studebat.
696 4124 757 4184 Hae
786 4125 877 4206 ipsius
902 4140 992 4188 aetate
1022 4127 1144 4210 optimae
1172 4127 1362 4198 habebantur,

186 4414 212 4479 ι)
229 4416 266 4467 m
280 4417 341 4484 ιφ.
357 4415 419 4469 vut.
434 4415 490 4468 ιιι.
510 4417 539 4469 a.
608 4415 666 4469 sao.
684 4416 714 4468 c.
