2832 5120
610 283 666 342 155

43 445 97 504 τῶν
115 427 206 524 ldycoi
234 441 341 526 τέχνην
363 441 398 506 τό
420 440 591 528 πρόςφορον
622 441 713 532 αὐτῇ·
752 471 879 529 magnae
907 453 1054 530 quaelibet
1086 460 1168 510 ortae
1195 453 1261 510 aba·

41 551 161 606 noritur
186 536 328 629 indigent
353 569 387 606 oo
418 551 642 608 sublimioribus
665 551 699 607 de
724 557 840 606 notura
868 551 1152 626 dt'aooptott'om'hus:
1187 551 1259 608 hinc

40 654 239 704 criminantis
263 649 433 706 sablimitas
458 659 487 705 ot
515 657 561 706 ais
583 649 696 726 offiano·
719 657 753 704 iu
773 657 880 724 quonia
899 669 933 706 re
955 649 1140 726 perficiendo
1165 650 1259 706 obtin·

38 767 99 826 gere
114 747 225 803 homini
240 749 381 804 uidetur:
404 747 479 824 quod
492 747 629 805 Periclea
650 749 689 804 od
708 754 827 827 ingenti
848 767 972 804 oramen
991 748 1144 822 odjunaa't.
1175 744 1255 804 Nom

40 846 180 918 inrideas,
201 845 302 918 credo,
319 853 351 902 in
373 848 545 921 hujusmodi
563 867 667 904 rerum
681 848 911 926 indagatorem,
933 845 1168 925 Aaroaogoroau,
1189 846 1254 902 aab·

39 943 146 999 lineium
173 965 279 1001 rerum
303 946 401 1002 studio
422 947 556 1002 imbutor
576 956 665 1022 atquo
689 945 729 1001 od
753 955 899 1001 notorem
921 951 1029 1002 mantio
1047 951 1255 1021 amentiaeque

34 1042 200 1116 procedens,
220 1049 253 1097 in
273 1044 380 1119 quibos
398 1044 513 1101 arcultas
533 1054 600 1100 arat
619 1052 652 1100 in
673 1045 859 1101 sermonibus
878 1043 1097 1122 Aarooogoraa,
1120 1043 1196 1098 hino
1215 1043 1256 1099 od

37 1140 260 1197 discordiantem
278 1149 381 1198 traxit
391 1187 398 1213 ,
409 1161 601 1219 quoecumque
616 1149 645 1198 oi
661 1153 758 1200 essent
776 1151 999 1200 consentaneam
1021 1137 1049 1220 l)
1064 1138 1120 1199 Sed
1130 1137 1255 1199 Pericles

35 1238 69 1294 sic
84 1251 148 1295 esta
162 1238 335 1324 philosopho
353 1240 517 1314 institutus,
536 1254 566 1299 ut
580 1240 727 1319 singulare
740 1253 768 1298 et
785 1241 954 1298 inusitatum
971 1239 1117 1298 inveniret
1133 1236 1253 1298 dicendi

35 1355 131 1412 genus,
150 1338 234 1414 cujus
254 1357 326 1415 quae
341 1339 451 1412 formo
475 1339 581 1413 fuerit,
603 1357 638 1396 ex
660 1337 839 1398 orationihus
867 1337 1057 1417 intelligitur,
1078 1357 1151 1415 quae
1174 1335 1252 1417 apud

36 1433 226 1513 Thucydidem
246 1449 376 1508 exstant;
401 1433 432 1516 2)
452 1447 525 1514 quae
551 1457 619 1495 vero
641 1435 729 1494 fuerit
749 1436 938 1511 incivitate,
958 1434 1030 1494 helli
1050 1433 1251 1514 Peloponnesii

35 1531 215 1612 temporibus,
236 1540 423 1606 auctor-itas,
447 1534 505 1614 ipsa
526 1534 613 1610 huius
638 1533 710 1592 belli
730 1534 849 1594 historia
869 1532 960 1594 docet.
990 1534 1021 1613 3)
1051 1529 1138 1590 Haud
1163 1531 1251 1591 dissi-

34 1629 99 1688 milis
117 1631 204 1689 fuisse
217 1633 295 1690 ratio
321 1631 457 1705 videtur,
478 1653 534 1712 qua
552 1632 660 1692 deinde
678 1632 883 1692 Demosthenes
903 1631 940 1692 ad
960 1651 1082 1706 novum,
1103 1629 1153 1690 sed
1177 1629 1251 1689 illu-

34 1728 107 1784 strius
124 1729 229 1804 etiam,
251 1728 369 1788 dicendi
394 1751 483 1811 genus
509 1732 654 1811 pervenit.
697 1730 841 1790 Socratem
872 1752 931 1790 non
952 1730 1044 1790 vidit:
1066 1727 1252 1789 audiveritne

34 1819 186 1900 Platonem,
208 1827 351 1886 incertum
370 1843 429 1904 est3
453 1828 503 1888 sed
524 1828 577 1888 hoc
602 1842 731 1902 constat,
759 1829 886 1888 Platonis
911 1849 975 1886 eum
999 1829 1105 1909 scripta
1131 1826 1250 1904 legisse,

33 1923 124 2000 quihus
143 1945 213 1982 sane
231 1924 361 2004 legendis
382 1930 441 1987 no'n
460 1928 574 2001 minus,
590 1947 675 2005 quam
689 1927 752 2007 ipso
768 1926 915 1986 audiendo
932 1927 1065 1999 Socrate,
1083 1921 1251 2003 aeneatoris
1330 1917 1333 1922 ¹

33 2019 181 2081 Socraticae
201 2025 342 2082 rationem
360 2027 507 2106 percipere
527 2026 630 2106 potuit.
652 2025 733 2104 Legit
749 2039 923 2085 autemeam
942 2047 1051 2086 summo
1069 2025 1165 2086 studio
1175 2071 1183 2101 ‚
1199 2025 1249 2086 ad·

34 2121 170 2180 miratione
200 2142 324 2196 summa,
345 2138 376 2182 ut
397 2126 496 2184 Cicero
514 2137 642 2184 testatur.
679 2126 908 2198 «Lectitavisse,
936 2127 994 2199 ait,
1027 2125 1174 2184 Platonem
1191 2138 1249 2184 stu·

32 2215 116 2292 diosc,
137 2217 285 2279 audivisse
303 2222 387 2280 etiam
411 2223 615 2282 Demosthenes
639 2225 765 2284 dicitur:
799 2222 887 2301 idque
906 2237 1024 2303 apparet
1042 2243 1078 2282 ex
1096 2242 1199 2301 genere
1220 2237 1249 2282 et

33 2316 181 2393 granditate
200 2317 370 2376 verborum:
388 2319 460 2379 dicit
481 2321 565 2379 etiam
581 2321 613 2380 in
628 2312 753 2402 quadam
768 2319 888 2402 epistola
906 2320 960 2380 hoo
975 2322 1036 2402 ipse
1056 2320 1091 2380 de
1110 2341 1195 2380 sese.»
1218 2317 1250 2400 h)

33 2415 79 2473 Nec
96 2435 162 2474 vero
187 2415 239 2490 id,
265 2429 360 2478 nostro
384 2416 501 2496 quidem
522 2419 655 2496 judicio,
677 2442 712 2480 ex
736 2421 916 2502 granditate
941 2422 1096 2478 aeriorum
1114 2433 1247 2494 tantum,

33 2512 72 2571 sed
88 2514 177 2574 multo
196 2516 282 2573 etiam
303 2515 468 2575 evidentius
486 2535 522 2574 ex
545 2531 604 2577 toto
628 2521 828 2580 Demosthenis
849 2535 966 2602 apparet
984 2517 1103 2581 dicendi
1124 2539 1227 2598 genere
1238 2563 1247 2594 ,

32 2611 96 2687 qood
114 2613 218 2672 mirum
237 2614 269 2672 in
286 2614 403 2673 modum
422 2614 597 2674 Socraticum
617 2631 659 2677 est
677 2633 704 2677 et
724 2619 914 2680 Platonicum.
956 2622 1028 2680 Nam
1047 2637 1136 2695 quum
1160 2619 1248 2698 prin-

33 2709 92 2788 cipis
109 2710 196 2788 hujus
216 2713 333 2800 oratoris
359 2713 465 2793 scripta
483 2733 548 2771 eum
567 2729 742 2775 caeterorum
753 2719 832 2798 ,qui
853 2732 1083 2799 praecesserunt,
1105 2717 1247 2776 orationi-

33 2802 76 2863 bus
87 2827 296 2888 comparamus,
314 2811 345 2869 in
362 2811 423 2869 illis
438 2811 555 2890 quidem
572 2827 691 2874 naturae
708 2817 767 2878 vim
783 2830 811 2877 et
824 2818 1036 2897 persuasionem
1051 2815 1246 2895 agnoscimus,

32 2901 191 2964 admiramur
217 2908 302 2967 etiam
325 2929 419 2967 rerum
443 2909 632 2970 humanarum
656 2915 906 2994 perspicientiam,
937 2916 1102 2974 interiorem
1127 2929 1246 2978 naturae

33 2998 157 3061 hnmanae
175 3007 461 3086 pervestigationem:
483 3008 660 3068 admiramur
679 3011 1011 3090 cumhisconjunctam
1032 3011 1168 3072 orationis
1186 3011 1246 3072 vim

34 3098 189 3178 singularem
211 3118 239 3161 et
258 3104 483 3181 sublimitatem;
499 3106 550 3166 sed
568 3123 754 3188 quascunque
768 3110 887 3170 tandem
903 3109 1028 3191 legamus
1043 3111 1104 3171 sive
1119 3110 1152 3168 in
1167 3107 1244 3167 Thu·

34 3196 132 3274 cydidis
150 3200 290 3276 historia,
310 3205 370 3266 sive
390 3203 470 3285 apu‘d
489 3205 566 3284 ipsos
586 3221 710 3266 oratores
730 3211 889 3284 orationes,
912 3231 948 3268 ne
968 3209 1109 3270 Aeschine
1128 3206 1245 3287 quidem

34 3311 135 3376 excepto
145 3344 154 3372 ,
178 3299 379 3363 Demosthenis
397 3301 528 3376 aemulo,
550 3302 746 3364 desideramus
768 3308 800 3366 in
820 3308 881 3368 illis
901 3307 1034 3368 omnihus
1045 3353 1053 3381 ,
1072 3327 1156 3384 quam
1182 3306 1245 3386 ipsa

34 3387 191 3455 desideravit
211 3399 386 3482 antiquitas,
408 3393 564 3480 δεινότητα
585 3398 684 3476 illam,
706 3425 791 3482 quam
811 3405 954 3467 vocabant
974 3405 1077 3466 Graeci
1088 3451 1096 3479 ,
1117 3424 1245 3484 quaeque

35 3490 74 3546 uni
90 3493 173 3552 foisse
187 3498 305 3576 propria
319 3499 506 3564 Demostheni
524 3501 650 3564 videtur.
674 3499 706 3581 5)
726 3502 795 3563 Erat
810 3503 880 3563 haec
896 3519 990 3564 autem
1006 3505 1038 3563 in
1053 3503 1244 3563 Demosthene
1315 3531 1320 3542 ·

36 3587 174 3668 ejusmodi,
206 3609 237 3653 ut
265 3593 389 3657 Socratis
411 3602 532 3661 referret
552 3596 730 3681 παῤῥησίαν,
752 3600 842 3662 libere
871 3603 1040 3662 sententiam
1070 3601 1179 3660 diceret
1206 3598 1244 3660 de

36 3690 187 3760 gravissimis
206 3693 385 3774 reipublicae
406 3701 527 3776 caussis,
548 3723 601 3762 nec
621 3703 804 3783 principibus
828 3703 861 3761 in
886 3703 1003 3761 civitate
1022 3701 1092 3760 viris
1112 3721 1164 3758 nec
1186 3699 1242 3778 ipsi

37 3786 124 3863 populo
140 3806 288 3886 parceret,
309 3795 332 3852 si
356 3797 472 3874 quidem
492 3800 553 3860 sive
571 3799 640 3859 dolo
660 3801 706 3861 illi
716 3847 725 3875 ,
746 3802 807 3860 sive
827 3801 876 3860 hic
895 3788 1059 3880 ignorantia
1078 3812 1106 3858 et
1125 3798 1243 3860 levitate

40 3944 262 3964 Ἢ-

5 4061 7 4170 ,
63 4035 82 4098 tt
98 4040 198 4093 raam.
217 4043 276 4092 aro.
296 4046 385 4116 r.,cr.
404 4049 477 4102 rtur..
488 4055 540 4102 vitu
563 4032 653 4105 roret
674 4057 728 4106 rnre
746 4064 772 4105 a
788 4055 881 4106 cicero
898 4057 966 4106 orac
984 4073 1006 4106 c.
1022 4053 1045 4102 a.

5 4177 6 4182 ,
63 4121 83 4182 ²l
99 4125 172 4189 Wytt.
189 4135 272 4197 praes¹
291 4133 488 4201 Selact.p.X11.

5 4199 6 4204 ’
65 4203 86 4267 3}
101 4209 171 4264 Thuc.
188 4215 219 4264 ΙΙ.
239 4215 327 4266 5565.
349 4217 387 4270 Cf.
408 4217 460 4272 Cic.
477 4223 546 4274 Orot-
567 4241 588 4276 c.
608 4223 632 4275 9.
647 4226 716 4280 ,aab
732 4225 907 4293 Aristophane
921 4233 1001 4294 poeta
1014 4227 1125 4294 folpere,
1140 4237 1239 4277 tutore»

41 4297 162 4353 macero
178 4300 309 4354 &nomm
324 4304 407 4368 dictus
426 4316 490 4360 est.»

67 4377 87 4440 l)
102 4379 149 4433 cn.
166 4387 244 4438 Bmto
258 4405 280 4439 c.
300 4387 340 4441 31.
362 4389 490 4456 Glttlrot.
507 4409 528 4446 o·
545 4391 569 4444 l.
586 4371 651 4447 Plut.
677 4400 728 4448 uita
744 4393 820 4449 Demss
831 4416 853 4450 c.
872 4397 896 4450 2.

69 4467 88 4532 5)
102 4473 167 4531 Dion.
185 4481 239 4532 flat.
259 4473 324 4554 περὶ
345 4475 401 4556 τῆς
421 4479 501 4558 Anao.
525 4475 629 4541 decada.
728 4565 732 4576 Ι
