2872 5122
638 253 695 314 133

61 417 202 498 epulcro,
223 414 355 492 abono,
377 438 392 476 a
409 419 507 498 justo,
529 407 576 476 vel
596 416 678 495 quasi
698 415 738 476 sic
762 413 960 496 distinguatur
979 412 1016 472 ab
1036 411 1133 486 hisce,
1156 427 1187 474 ut
1205 411 1275 474 haec

59 539 115 575 ase
132 515 258 590 invicem
275 513 504 596 distinguuntur.
531 512 633 594 ,Apud
652 513 817 588 Platonem,
838 512 917 592 quod
935 513 1053 575 fortasse
1073 512 1178 570 mirum
1197 514 1276 572 acci-

57 615 124 674 derit
140 611 402 688 animadvertenti,
423 615 457 673 in
470 613 544 674 ideis
559 633 619 672 non
638 623 770 673 censetur
786 633 909 685 rerum,
931 623 963 672 ut
976 609 1125 690 pulcrum,
1147 609 1273 685 honum,

57 711 163 773 similia.
184 705 351 800 Seucenties
365 725 559 773 memorantur
582 701 657 770 arieti
673 703 709 770 τό
724 703 828 783 καλᾶν,
845 701 920 770 arieti
936 701 973 768 co*
988 701 1120 786 dyudtim
1136 729 1277 788 nusquam

56 810 170 870 occurrit
185 802 260 870 arieti
274 801 311 868 td
326 803 454 889 ἀληθὲς,
464 810 515 870 sed
534 811 674 874 dicuntur
688 809 739 880 illa
755 812 889 874 universe
905 803 943 872 ul
959 803 1047 884 ὄντα,
1058 833 1133 891 quoe
1148 818 1235 882 cunt,
1246 821 1273 866 et

58 929 107 968 uno
125 913 244 973 nomine
262 904 299 972 cd
322 904 370 985 ὅν,
391 915 424 972 id
434 912 519 992 'quod
538 921 600 984 ert,
611 911 641 970 i.
659 930 688 984 e.
710 907 815 978 aarum
835 912 1031 993 appellantur.
1066 909 1183 973 Etenim
1201 925 1275 966 com-

56 1009 141 1068 munis
161 1013 291 1084 omnium
315 1013 454 1081 idearum¹
475 1009 555 1090 quasi
575 999 667 1080 τύπος
681 1023 729 1088 ¹est
747 1010 870 1076 veritas:
894 995 1044 1076 veritatem
1071 1009 1095 1068 si
1112 1002 1277 1086 *cogitando
1304 1073 1307 1080 Δ

56 1107 213 1186 sustuleris,
233 1110 332 1173 nullae
356 1110 569 1190 relinquuntur¹
590 1089 681 1186 ideae.
717 1107 913 1187 „Quamobrem
942 1109 992 1188 qui
1021 1105 1155 1188 pulcrum
1182 1104 1277 1162 animo
1344 1114 1348 1130 ’

57 1203 122 1264 vidit
137 1206 297 1285 aliquando
307 1254 316 1284 ,
337 1209 370 1269 id
390 1207 466 1270 vidit
475 1252 485 1282 ‚
506 1206 584 1285 quod
603 1227 704 1268 verum
723 1219 782 1268 est:
815 1205 949 1284 idemque
968 1227 1025 1284 quo
1042 1203 1159 1285 plenius
1181 1220 1279 1260 omnes

55 1305 173 1384 percepit
192 1305 291 1382 ideas,
312 1328 345 1376 eo
359 1307 478 1387 propius
493 1303 530 1366 ad
545 1306 638 1367 omnis
654 1304 786 1376 veritatis¹
798 1297 993 1382 cognitionem
1007 1302 1155 1363 accessisse
1174 1313 1278 1381 putan-

8 1399 10 1412 '
54 1399 100 1458 dus
117 1415 166 1461 est.
203 1403 328 1479 lccirco,
348 1424 432 1482 quem
446 1404 554 1480 pulcri
571 1401 695 1462 dicimus
713 1422 862 1474 acrorem,
884 1399 964 1462 haud
982 1399 1090 1481 fingere
1110 1417 1175 1474 eum
1194 1416 1275 1476 opor·

54 1511 88 1558 tet
103 1521 118 1557 a
135 1508 202 1558 neri
222 1521 322 1578 omre
349 1501 496 1576 alienum;
519 1499 570 1561 sed
594 1498 684 1560 efficit
712 1499 785 1574 ille,
806 1512 838 1561 ut
868 1512 896 1557 et
925 1499 1033 1566 bouum
1058 1512 1086 1561 et
1102 1500 1219 1576 «justum
1248 1507 1276 1553 et

53 1612 172 1656 sanctuni
182 1643 192 1674 ‚
213 1600 333 1658 omnino
356 1621 387 1658 ea
397 1644 407 1673 ,
427 1619 499 1678 quae
527 1612 612 1672 suut,
634 1599 725 1678 ipsam
744 1598 912 1675 veritatem,
933 1599 996 1678 pari
1017 1598 1114 1660 studio
1131 1615 1197 1654 cum
1217 1612 1276 1652 cer·

54 1715 112 1754 nere
134 1698 242 1756 mentis
261 1697 363 1770 oculo,
393 1711 456 1778 tum
478 1697 574 1760 animo
597 1696 745 1776 percipere
772 1695 918 1757 nitamur:
951 1690 1038 1772 utqui
1062 1694 1157 1774 pulcri
1178 1711 1275 1764 amor,

8 1855 9 1864 χ
54 1793 131 1852 semel
144 1796 192 1856 -in
221 1797 319 1858 animo
346 1815 507 1868 accensus,¹
520 1815 573 1856 nos
600 1794 676 1874 rapit
705 1795 800 1876 furore
826 1793 950 1871 quodam
976 1807 1003 1854 et
1024 1792 1218 1856 enthusiasmo
1239 1787 1276 1846 ad

54 1890 137 1972 ipsum
153 1895 303 1972 pulcrum
325 1894 411 1974 plene
434 1892 606 1974 penitusque
629 1889 879 1970 cognoscendum,
906 1892 950 1950 ita.
967 1891 1046 1952 haud
1073 1882 1275 1950 alius'existi-

8 2051 11 2054 ,
54 1991 167 2056 mundus
186 1985 400 2060 enthusiasmus
418 2005 478 2066 est,
499 2011 556 2070 quo
573 2011 677 2054 aarum
696 1991 865 2070 appetimus.
1124 1983 1126 1988 ⁸
1145 1979 1151 1988 ’

8 2079 10 2083 ’
87 2087 158 2153 Sunt
177 2088 232 2149 illa
252 2089 388 2153 sublimia
405 2109 473 2151 sane
486 2087 698 2168 multorumque
720 2086 875 2148 videantur
894 2099 1009 2166 captum
1030 2103 1164 2166 superare
1175 2107 1183 2160 3
1206 2081 1273 2155 sed,

56 2199 80 2244 ut
96 2186 246 2246 Platonica
264 2188 353 2271 ferme
373 2188 487 2262 omnia,
508 2188 540 2249 iu
565 2185 742 2253 sublimitate
762 2205 888 2259 summa,
910 2182 1007 2264 parem
1027 2175 1136 2245 haberit
1163 2180 1275 2260 simpli·

55 2283 175 2361 citatem:
198 2287 309 2366 quippe
329 2297 448 2365 naturae
467 2297 657 2346 consentanea
680 2283 821 2344 humanae
832 2327 841 2357 ,
863 2285 946 2361 cujus
972 2283 1026 2344 hcc
1046 2281 1195 2362 proprium
1213 2291 1273 2352 est,

56 2395 80 2438 ut
96 2382 195 2462 pulcra
216 2396 335 2463 appetat
356 2384 500 2464 primum,
522 2395 583 2456 tum
603 2381 664 2440 vesi
689 2381 814 2444 ducatur
833 2402 937 2444 amore.
971 2379 1118 2442 ‘Parvulos
1142 2377 1274 2440 videmus

55 2482 181 2546 continuo
199 2495 337 2562 appetere
348 2481 457 2561 pulcra
472 2483 491 2540 i.
514 2502 538 2541 e.
557 2486 747 2559 quaecunque
765 2478 880 2554 lucent,
901 2467 1076 2560 splendent,
1098 2475 1195 2536 oeulos
1213 2472 1274 2534 affi-

56 2579 125 2641 ciunt
142 2579 279 2642 maxime.
321 2579 378 2638 Nec
397 2593 493 2642 tamen
511 2579 557 2640 his
579 2577 743 2658 spectandis
761 2561 831 2640 suut
849 2575 998 2649 conteuti,
1015 2572 1144 2638 ¹russanum
1170 2587 1275 2640 exten-

56 2673 119 2734 dunt
144 2676 333 2752 identidem,
365 2691 396 2738 nt
423 2697 456 2742 ea
483 2690 627 2757 tangant,
657 2675 866 2750 contrectent,
884 2676 1066 2755 corripiant:
1104 2690 1273 2752 cognoscere

56 2776 182 2853 cupiunt,
203 2795 278 2854 quae
296 2773 577 2842 admi1·antur:‚ve1·i
596 2773 725 2835 studium
746 2795 811 2848 cum
828 2773 925 2854 pulcri
943 2772 1133 2834 admiratione
1152 2771 1273 2846 coniun-

58 2885 133 2949 gunt,
155 2872 238 2952 quod
256 2871 292 2930 iis
316 2870 450 2952 pulcrum
474 2887 515 2932 est
538 2873 650 2947 visum,
671 2871 721 2947 id,
742 2870 814 2950 quid
840 2873 876 2932 sit
897 2885 924 2934 et
947 2870 1050 2950 quale,
1072 2871 1144 2930 scire
1174 2879 1270 2928 avent.

58 2968 188 3032 lulantiae
207 2971 279 3032 haec
295 2986 322 3033 et
339 2971 480 3052 pueritiae
495 2971 567 3030 ratio
583 2984 637 3054 est:
659 2971 813 3054 maturiore
832 2961 922 3033 aetate
941 2969 1026 3046 homo
1044 2965 1132 3028 altius
1150 2978 1273 3046 spectat:

58 3087 143 3130 verum
170 3091 253 3132 nunc
279 3070 390 3150 potiore
417 3069 498 3144 loco,
519 3089 604 3148 quam
624 3065 777 3148 pulcrum,
799 3067 901 3129 habet:
924 3067 1003 3146 quod
1024 3075 1117 3144 epacte
1142 3085 1171 3125 se
1192 3083 1272 3122 com-

59 3167 160 3228 mendat
184 3168 301 3250 pulcri,
321 3169 419 3249 pueris
437 3167 595 3246 relinquit,
616 3168 676 3248 ipse
700 3189 805 3224 aarum
825 3167 857 3226 iri
876 3165 961 3227 rebus
981 3155 1115 3225 omnibus
1125 3209 1133 3237 ,
1155 3163 1187 3220 in
1207 3161 1272 3240 pul-

59 3265 104 3322 cris
119 3266 188 3342 adeo
199 3313 207 3343 ,
229 3266 390 3334 admiratur
412 3266 507 3328 unice.
549 3265 766 3340 Veruntamen,
787 3265 845 3326 uisi
865 3263 943 3325 idern
966 3285 982 3322 a
1007 3283 1096 3344 puero
1115 3260 1275 3322 admiratus

59 3363 146 3440 pulcra
163 3366 283 3440 fuisset,
305 3366 362 3426 nisi
392 3365 462 3427 haec
492 3361 523 3424 iu
552 3364 643 3444 ipsius
662 3359 758 3428 animo
784 3363 967 3424 suscitassent
996 3361 1190 3437 aluissentque
1211 3356 1272 3418 veri
1325 3413 1329 3432 ,

59 3480 184 3540 amorem,
206 3485 307 3526 verum
325 3465 366 3522 sic
386 3483 498 3538 amare,
520 3461 559 3522 sic
582 3463 666 3520 unice
687 3461 807 3541 diligere
831 3474 858 3518 et
877 3460 1014 3520 admirari
1040 3479 1098 3519 non
1123 3456 1271 3534 coepisset.

59 3558 133 3619 Natus
148 3561 235 3622 ¹homo
254 3576 297 3625 est
314 3561 352 3622 ad
371 3559 598 3638 inquirendum,
614 3558 858 3638 cognoscendum,
878 3560 1027 3618 veritatem
1046 3552 1269 3632 assequendam:

61 3677 105 3732 quo
121 3661 169 3738 qui
197 3660 353 3721 destitutus
382 3658 478 3718 studio
497 3672 555 3732 est,
585 3649 636 3718 rix
661 3657 745 3716 homo
769 3655 963 3741 appellandus
983 3653 1118 3727 videtui-3
1142 3649 1193 3710 sed
1211 3650 1268 3708 fert

62 3753 145 3814 eadem
162 3757 289 3820 hominis
316 3771 418 3818 natura
428 3801 436 3832 ,
455 3770 504 3830 ut,
522 3756 691 3834 quantusvis
708 3756 741 3817 in
761 3775 855 3814 rerum
873 3755 993 3815 seientia
1013 3771 1176 3830 progressus
1196 3749 1272 3808 lece·

63 3853 108 3928 rit,
126 3857 218 3936 pulcri
232 3857 423 3920 admiratione
441 3876 472 3914 eo
487 3856 615 3936 primum
632 3853 776 3917 adductus
795 3853 953 3914 accesserit.
996 3852 1059 3925 Quo
1077 3849 1129 3924 fit,
1152 3863 1183 3908 ut
1204 3869 1273 3909 vera

64 3949 203 4036 disciplina
222 3956 259 4017 ab
277 3955 387 4016 artibus
405 3954 527 4016 ducatur
545 3955 695 4015 continuo.
734 3951 776 4014 Eo
791 3950 861 4012 haee
876 3964 1002 4031 spectat,
1023 3962 1055 4008 ut
1074 3947 1273 4029 doctrinarum

9 4055 10 4058 ’
65 4067 107 4127 ope
123 4053 158 4112 ad
175 4057 323 4114 veritatem
341 4068 369 4113 et
387 4053 558 4133 sapientiam
578 4051 799 4133 perveniamus3
827 4047 877 4108 sed
899 4069 955 4127 quo
975 4047 1047 4106 illuc
1076 4047 1172 4128 aptius
1199 4045 1274 4102 faci·
1314 4125 1317 4134 Δ

67 4142 160 4227 liusque
178 4152 412 4234 progrediamur,
432 4150 542 4209 artibus
560 4151 685 4232 primum
704 4147 834 4208 colendis
854 4144 892 4205 ad
912 4145 1007 4227 pulcri
1027 4144 1162 4203 ducimur
1190 4163 1270 4201 amo-

8 4245 10 4294 ὲ
68 4263 123 4305 rem.
148 4251 258 4311 Amasse
278 4248 387 4332 oportet
404 4248 555 4332 pulcrum,
579 4249 669 4328 siquis
684 4247 746 4329 pari
767 4263 861 4304 amore
881 4265 981 4306 verum
999 4245 1036 4302 sit
1054 4254 1270 4328 prosecuturus:

70 4352 117 4402 lum
142 4369 204 4410 vero
232 4349 348 4412 demum
375 4362 402 4408 et
430 4349 579 4407 veritatem
597 4361 624 4408 et
645 4348 798 4418 virtutem,
820 4356 851 4402 ut
878 4343 997 4402 amasios
1024 4363 1088 4401 suos
1116 4353 1270 4412 amatores,

72 4443 130 4504 tolet
145 4462 170 4507 et
186 4446 395 4529 propugnabit,
413 4447 593 4527 proferetque
613 4445 729 4525 ingenio
745 4457 772 4501 et
786 4443 865 4520 quasi
885 4442 996 4521 pariet,
1018 4460 1088 4517 quae
1108 4438 1220 4504 veritati
1243 4450 1271 4496 ot
