2950 5134
663 259 700 320 ta

81 431 154 478 torno
171 429 331 500 cognatur,
354 431 384 478 et
402 423 501 499 qualis
528 421 690 498 aliquando
700 422 813 498 flaret,
835 431 862 480 ei
880 431 960 496 totus
984 431 1121 502 ornniquc
1144 431 1213 484 nisu
1239 425 1297 484 illu

77 528 293 596 persequeretur
310 528 339 575 et
358 520 410 578 hoc
430 527 577 596 inoptatae
596 529 677 578 tucri
696 530 879 600 emergeret,
900 528 933 577 in
954 545 1010 599 quo
1032 545 1113 580 nunc
1135 533 1297 602 agitatur,

80 625 197 674 excursis
222 616 374 692 lapidibus
389 627 418 674 et
437 619 613 695 conchyliis,
627 639 710 694 ‚quac
734 639 815 674 nunc
834 625 862 674 ci
872 663 880 691 ,
901 627 1007 696 quippe
1027 628 1159 678 terrenis
1179 629 1299 681 nutrito
1330 615 1341 627 ³

79 717 171 788 robor,
191 725 314 771 terreno
334 725 364 772 et
377 725 498 791 petroso
523 725 553 772 ct
571 725 706 795 agrestia
737 723 937 773 circumcirca
964 719 1196 793 inhaerescunt,
1222 741 1296 796 pra-

77 823 136 889 ptcr
149 815 264 885 heatus,
286 834 362 890 quur
375 815 539 886 dicuntur,
561 815 763 889 epulationes:
784 810 833 872 καὶ
853 807 916 874 τότ’
935 809 971 874 cio
991 837 1035 888 τις
1055 811 1114 876 thor
1131 811 1222 897 αὐτῆς
1243 810 1298 898 τήν

79 905 170 990 ἀληθῆ
191 903 288 986 φύσιν·
311 921 385 968 tum
413 913 548 968 demum
568 921 649 989 quis
678 925 809 972 cernui
827 937 947 972 occant
967 924 1048 991 ejus
1067 929 1248 977 naturum.
1269 917 1298 997 l)

111 1011 281 1072 Praeclaram
299 1023 394 1069 autem
413 1008 489 1068 hano
509 1011 597 1068 animi
620 1009 807 1070 indolemoin
827 1013 956 1072 Phaedro
975 1017 1154 1094 potissimum
1172 1017 1297 1074 celebra-

82 1111 115 1168 rit
139 1110 230 1183 Plato,
253 1107 311 1166 ¹uhi
341 1107 493 1186 pristinam
521 1108 582 1185 ejus
609 1108 804 1169 conditionem
837 1111 944 1170 illustri
978 1113 1106 1172 oratione
1136 1111 1295 1192 descripsit.

79 1210 158 1282 Quam
176 1228 243 1266 sane
262 1205 485 1285 descriptionem
504 1205 585 1264 haud
604 1219 708 1264 temere
732 1206 861 1266 dicamus
879 1209 1031 1268 exordium
1046 1230 1104 1268 esse
1124 1210 1247 1270 sublime
1271 1223 1299 1267 et

79 1307 146 1384 quasi
165 1301 367 1384 προοίμιον
387 1304 537 1363 universae
555 1304 944 1384 philosophiae'Platonicae.
976 1307 1035 1366 Nec
1054 1327 1121 1366 sane
1141 1308 1298 1388 quidquam

80 1404 138 1484 fingi
156 1418 285 1486 poterat,
305 1403 384 1482 quod
404 1401 515 1461 excelso
535 1401 701 1482 philosophi
717 1405 861 1483 proposito
880 1405 975 1485 aptius
992 1417 1065 1464 esset
1079 1419 1106 1464 et
1123 1407 1296 1468 convenien-

78 1503 135 1561 tius.
173 1505 244 1562 Nam
264 1523 329 1560 cum
348 1515 500 1573 statueret,
522 1501 631 1560 animos
650 1500 799 1558 hominum
818 1523 854 1560 ex
875 1502 932 1574 alia
951 1502 1074 1582 quadam
1094 1503 1153 1561 vita
1176 1503 1208 1560 in
1228 1501 1297 1560 haec

78 1621 181 1681 corpora
204 1602 337 1680 migrasse
349 1645 356 1672 ‚
377 1597 573 1676 tribueretque
602 1597 801 1678 philosophiae
829 1601 1036 1678 gravissimum
1053 1621 1176 1674 munus,
1199 1614 1231 1658 ut
1253 1620 1299 1660 eos

78 1701 223 1760 restitueret
252 1700 285 1756 in
311 1699 462 1778 pristinam
486 1696 698 1768 conditionem,
725 1685 901 1756 conditionis
929 1697 1014 1760 illius
1035 1699 1178 1783 perfectae
1207 1699 1297 1777 perse-

78 1811 144 1854 ctum
161 1795 391 1856 adumbrandum
410 1809 470 1854 erat
498 1795 662 1874 exemplar,
684 1793 761 1873 quod
786 1795 933 1854 intuentes
951 1794 1118 1875 philosophi
1129 1841 1137 1868 ,
1159 1797 1189 1854 in
1211 1815 1298 1873 eoque

78 1896 179 1972 penitus
197 1894 306 1968 defixi,
326 1892 363 1951 ad
384 1895 445 1972 ejus
464 1892 686 1952 similitudinem
705 1906 733 1950 et
750 1893 918 1972 semetipsos
936 1907 964 1955 et
983 1893 1055 1952 alios
1076 1893 1273 1956 informarent.

110 1993 188 2050 Hanc
212 2006 307 2052 autem
336 1991 436 2056 beatae
465 1991 542 2050 vitae
567 1989 809 2070 descriptionem,
835 1991 975 2070 poiticam
1004 1991 1091 2050 simul
1118 2005 1147 2050 et
1170 1990 1299 2070 philoso—

79 2092 154 2170 pham
164 2137 171 2165 ‚
191 2093 240 2170 qui
263 2090 374 2168 assequi
394 2102 422 2147 et
440 2089 587 2169 percipere
606 2101 694 2147 totam
706 2088 829 2166 studet,
845 2089 939 2168 ipsum
958 2089 1033 2168 legat
1051 2090 1206 2148 Platonem.
1228 2090 1299 2148 Nam

78 2189 188 2269 exprimi
208 2189 325 2270 penitus
344 2208 396 2246 nec
417 2187 475 2245 alio
493 2199 585 2266 petest
612 2185 714 2260 modo,
735 2207 788 2251 neo
808 2207 875 2245 vero
903 2187 959 2244 alia
987 2187 1096 2266 lingui.
1118 2217 1120 2222 ·
1139 2189 1195 2246 Nos
1221 2186 1299 2246 illud

78 2307 179 2364 agemus
197 2289 301 2360 unice,
323 2284 402 2364 quod
422 2281 588 2364 interpretis
608 2283 724 2344 videtur
741 2305 846 2344 munus
865 2284 1027 2364 postulare,
1050 2296 1081 2350 ut
1100 2285 1226 2364 primum
1250 2305 1298 2342 ex·

79 2383 204 2463 plicemus
224 2405 304 2456 eam,
325 2385 345 2442 i.
362 2387 386 2441 e'.
395 2427 404 2456 ,
425 2395 520 2462 partes
538 2384 599 2459 ejus
613 2382 770 2464 implicitas
786 2383 868 2461 quasi
888 2382 1073 2458 evolvamus,
1089 2397 1150 2442 tum
1171 2383 1299 2462 singulas

79 2482 119 2542 has
134 2497 227 2563 partes
246 2481 412 2560 siugulatim
432 2501 467 2537 ex
489 2482 622 2559 antiquae
642 2501 706 2538 cum
726 2486 858 2560 poiseus,
877 2494 936 2538 tum
955 2481 1174 2561 philosophiae,
1189 2482 1299 2540 ratione

80 2580 251 2655 illustremus.

110 2680 206 2738 Omnis
223 2680 336 2738 animus
355 2676 544 2756 sempiternus
565 2690 623 2736 est:
646 2696 698 2735 nec
719 2676 822 2735 hahuit
840 2676 1038 2757 principium,
1060 2697 1112 2734 nec
1142 2676 1230 2736 finem
1249 2677 1297 2735 ha-

80 2774 155 2835 habit.
198 2777 270 2835 Nam
293 2765 359 2834 cum
383 2774 415 2834 id
444 2774 482 2854 sit
505 2788 653 2833 aeternum
664 2819 672 2851 ,
693 2773 771 2862 quod
795 2797 810 2833 a
835 2795 863 2833 se
893 2775 954 2855 ipso
982 2788 1126 2848 movetur,
1147 2775 1211 2852 quis
1238 2789 1299 2846 est,

81 2874 120 2949 qui
137 2875 210 2934 hanc
228 2888 360 2944 naturam
380 2871 485 2930 animis
503 2892 561 2930 esse
580 2872 719 2932 tributam
738 2874 840 2951 neget?
856 2871 1020 2947 Inanimum
1039 2885 1080 2930 est
1100 2873 1177 2931 enim
1196 2895 1298 2948 omne,

80 2973 144 3048 quod
161 2972 249 3054 pulsu
267 2973 389 3052 agitatur
408 2983 544 3028 externo:
567 2969 644 3048 quod
664 2984 758 3029 autem
779 2970 886 3028 animal
911 2984 968 3044 est,
990 2970 1022 3028 id
1045 2984 1123 3029 motu
1144 2972 1236 3029 cietur
1254 2974 1299 3030 in·

80 3071 167 3129 teriora
188 3085 215 3130 et
236 3092 295 3128 suo.
327 3070 399 3127 Nam
415 3067 484 3126 haec
505 3081 545 3126 est
565 3069 678 3148 propria
700 3083 801 3128 natura
821 3069 911 3127 animi
936 3082 1020 3148 atque
1041 3069 1101 3150 vis:
1122 3071 1237 3146 quaesi
1259 3084 1299 3129 est

82 3167 132 3226 una
152 3190 187 3227 ex
215 3167 368 3240 omnibus,
389 3186 460 3244 quae
481 3187 509 3224 se
537 3166 599 3245 ipsa
624 3187 733 3247 semper
752 3181 882 3241 moveat,
904 3186 996 3244 neque
1015 3181 1081 3225 nata
1101 3180 1176 3225 certe
1205 3181 1248 3226 est
1272 3185 1299 3228 et

82 3279 180 3326 aeterna
200 3281 250 3326 est.
287 3265 319 3345 2)
354 3265 390 3324 Et
410 3264 478 3322 haec
506 3263 624 3343 quidem
651 3265 719 3322 satis
739 3264 775 3323 de
794 3263 1004 3324 immortalitate
1032 3265 1131 3322 animi.
1168 3266 1210 3323 De
1238 3268 1299 3344 eius

83 3383 137 3422 vero
153 3366 244 3424 forma
263 3365 303 3423 ita
324 3361 498 3442 dicendum:
521 3362 614 3441 qualis
633 3363 688 3436 sit,
711 3363 900 3421 enarrationis
920 3381 977 3420 esse
995 3362 1097 3442 longae
1115 3377 1143 3421 et
1161 3362 1297 3438 divinae,

82 3462 119 3517 cui
137 3476 228 3522 autem
248 3463 285 3521 sit
296 3461 423 3546 similis,
444 3461 586 3519 humanae
602 3474 630 3520 et
647 3461 797 3520 brevioris.
840 3462 901 3518 Hac
923 3461 1010 3539 igitur
1030 3481 1082 3519 nos
1104 3461 1165 3534 usi,
1187 3482 1298 3543 compa·

83 3579 162 3618 remus
180 3557 249 3620 eutii
264 3581 400 3641 equorum
415 3561 484 3639 jugo
510 3559 649 3632 elatorum
660 3605 668 3633 ,
690 3581 761 3644 quos
784 3558 924 3640 gubernet
943 3558 1159 3636 modereturque
1189 3562 1295 3640 auriga.

85 3653 130 3714 sed
146 3660 269 3739 primum
289 3659 326 3718 de
342 3660 487 3732 Deorum,
509 3671 569 3716 tum
587 3656 623 3716 de
643 3657 793 3716 hominum
812 3657 983 3716 disseramus
1002 3650 1114 3716 animis.

114 3755 152 3814 Ita
169 3757 325 3817 beatissimi
342 3771 412 3816 sunt
426 3757 474 3814 Dii
489 3756 680 3838 immortales,
702 3769 733 3814 ut
748 3755 885 3814 facillime
901 3754 1117 3834 saepissimeque
1133 3754 1298 3836 adspiciunt

85 3851 163 3929 ipsum
182 3877 281 3914 verum
309 3855 341 3913 in
362 3854 428 3912 'loco
451 3875 536 3935 supra
560 3850 671 3912 coelum
693 3868 806 3913 evecto:
829 3855 911 3930 cujus
937 3851 1125 3911 beatitudinis
1144 3855 1298 3936 participes

85 3948 225 4028 aliquando
255 3955 375 4012 fuerunt
401 3952 494 4021 animi⁴
519 3952 648 4018 humani.
706 3953 811 4011 Locum
840 3951 925 4009 illum
954 3941 1215 4029 ouaoovpciotoo
1244 3975 1296 4016 nec.

85 4048 218 4127 quisquam
236 4051 332 4111 adhuc
353 4037 510 4109 celebravit
529 4055 681 4130 poetarum¹
695 4051 879 4123 ¹nostrorum,
900 4071 952 4108 nec
980 4073 1104 4130 unquam
1125 4076 1177 4135 pro
1197 4055 1297 4134 digni-

89 4201 323 4216 *—

114 4290 187 4344 tlte
260 4337 265 4348 ,
308 4333 314 4346 .
385 4337 390 4347 .
434 4335 440 4346 .

115 4288 137 4438 2i
153 4297 258 4434 Locriinip
265 4295 495 4449 iriiPiiriiirii2l5.
513 4383 541 4436 G.
560 4384 597 4444 sic
617 4385 696 4436 vertit
718 4383 809 4438 Cicero
829 4382 898 4436 Taso.
917 4385 946 4448 Q.
963 4384 981 4436 l.
991 4378 1038 4445 23.
1056 4393 1081 4436 et
1096 4386 1122 4436 in
1134 4387 1214 4436 Sarna.
1229 4387 1294 4455 Scip.

91 4457 200 4527 Explicuit
216 4484 270 4520 eum
286 4467 413 4530 Muretus,
429 4471 489 4538 Opp.
509 4470 539 4520 11.
560 4469 615 4520 ttt.
636 4471 681 4522 Cff.
700 4471 789 4522 lleind.
810 4477 835 4519 et
852 4469 899 4520 Ast
916 4470 948 4524 ad
964 4471 1071 4522 Phaedr.
1092 4471 1106 4520 l.
1127 4471 1148 4520 Ι.4

1160 4558 1178 4616 4
