2908 5114
693 217 753 276 312

102 387 235 436 naturae
261 365 396 454 prirbcliu
426 387 488 436 ert:
520 385 573 454 qui
600 385 680 434 onim
711 385 858 455 conspicit
885 401 936 436 ear
961 388 1135 452 universos,
1158 379 1336 438 dialecticus

102 487 166 550 est,
188 483 241 554 qui
260 481 485 552 nun'consptcit
494 521 503 549 ‚
524 496 583 533 nort
601 484 655 534 ert.
667 499 681 530 a
708 473 737 554 l)

142 575 184 632 De
214 572 440 653 encyclopaedia
468 571 616 646 diximus,
637 571 734 652 [quum
762 573 795 632 in
818 572 1031 653 disquisitionis
1050 571 1138 650 hujus
1157 585 1270 632 nomae
1290 576 1337 632 in-

101 691 198 750 gressu
226 668 263 728 de
291 670 437 729 communi
465 669 617 751 agebamus
646 670 871 750 disciplinarum
893 672 1024 730 omnium
1043 669 1165 732 vinculo
1183 682 1211 728 et
1226 691 1339 750 cogna-

102 769 191 828 tione.
209 765 240 848 2)
281 767 360 826 Haec
391 766 480 828 rerba
509 765 634 826 Socratis
662 767 736 841 illuc
763 787 843 826 nunc
869 781 994 828 mentem
1012 779 1149 826 nostram
1178 767 1338 842 revocan15

104 864 156 924 sed
179 867 277 924 minus
305 864 355 923 htc
385 863 578 945 disciplinas,
608 864 699 944 magis
728 866 959 942 philosophum,
988 865 1040 942 qui
1067 861 1115 922 lris
1144 877 1220 922 recte
1247 865 1341 923 fucrit

101 963 271 1037 institutus,
300 961 486 1021 attendimus.
538 961 589 1020 Est
618 975 712 1020 autem
739 962 937 1042 praeclarum,
958 975 991 1020 ut
1011 960 1108 1020 dicere
1127 961 1261 1035 institui,
1280 961 1340 1020 hcc

103 1059 233 1122 Platonis
261 1057 300 1118 de
329 1058 554 1140 disciplinarum
576 1052 697 1135 συνόψει
715 1059 867 1139 placitum.
911 1057 1120 1139 Philosophum
1149 1079 1208 1118 esse
1232 1069 1341 1137 negat,

105 1156 155 1235 qui
186 1157 239 1214 uni
267 1176 296 1215 sc
323 1157 378 1216 arti
399 1157 448 1217 vel
467 1158 636 1236 doctrinae,
655 1159 775 1218 caeteris
804 1157 975 1232 contemtis,
996 1149 1088 1216 tetiam
1107 1155 1207 1215 tradit.
1248 1155 1343 1215 Servo

105 1253 186 1312 hunc
214 1252 378 1335 comparat,
408 1256 459 1332 qui
488 1277 565 1333 uno,
597 1258 645 1316 cui
663 1257 788 1328 serviat,
808 1254 927 1314 domino
947 1267 1101 1315 contentus
1121 1248 1220 1331 est.,3)
1249 1251 1344 1310 Illum

105 1370 194 1426 vcro,
224 1353 275 1430 qui
304 1366 333 1412 et
359 1353 561 1414 universarum
587 1374 681 1414 amore
707 1353 792 1414 ardet
814 1365 843 1410 et
867 1350 906 1410 ad
936 1350 1065 1431 singulas
1093 1350 1231 1430 deinceps
1250 1349 1345 1410 facile

104 1447 265 1528 accedit-et
281 1449 379 1508 satiari
399 1451 559 1511 tractandis
579 1453 640 1511 illis
659 1472 719 1512 nun
738 1462 848 1531 potest,
875 1446 999 1523 cedros,
1028 1448 1088 1524 ait,
1115 1445 1149 1507 ἕν
1180 1444 1250 1532 δίκῃ
1278 1440 1347 1527 φή-

105 1563 195 1623 σομεν
229 1537 413 1627 φιλόσοφον·
447 1549 528 1607 dunc
556 1551 674 1608 demum
692 1556 771 1626 jure
792 1552 1002 1629 philosophum
1030 1551 1172 1609 dicemur.
1198 1546 1229 1628 lt)
1281 1548 1346 1608 Sed

106 1647 240 1724 quamvis
273 1647 315 1705 ita
348 1647 385 1706 de
417 1647 618 1709 universarum
648 1645 748 1707 studio
775 1647 974 1708 doctrinarum
1002 1647 1211 1728 pronunciaret
1239 1646 1349 1722 Plato,

108 1741 190 1800 haud
205 1755 303 1803 tamen
322 1765 368 1804 eas
388 1744 437 1805 rel
457 1744 543 1803 simul
560 1743 743 1818 tractandas,
761 1744 810 1804 vel
828 1744 865 1805 ab
884 1745 973 1805 initio
989 1745 1183 1804 institutionis
1200 1744 1349 1804 continuo

109 1838 292 1899 discentibus
319 1840 502 1920 objiciendos
522 1840 798 1923 conspiciendasque
818 1861 877 1902 esse
891 1842 1056 1920 judicavit:
1078 1854 1110 1900 ut
1130 1841 1351 1918 lucidatione,

108 1937 159 2015 qui
188 1937 225 1996 ab
244 1939 480 2020 {encyclupaedia
508 1939 684 1999 ordiendum
711 1960 773 1998 esse
800 1954 929 1999 censent.
971 1938 1143 1997 Nam-haec
1172 1951 1215 1998 est
1232 1939 1349 2018 puerili

108 2045 200 2092 aetate
238 2037 350 2116 ingenii
387 2021 509 2095 humari
545 2036 695 2112 conditio,
726 2049 758 2095 ut
787 2057 883 2096 rerum
912 2035 1156 2096 addiscendarum
1191 2036 1351 2095 universas

108 2131 266 2208 quasdam,
287 2133 338 2192 sed
363 2155 424 2192 non
443 2133 512 2192 satis
531 2132 685 2192 distinctas
703 2133 836 2193 notiones
854 2133 978 2192 habeat:
999 2154 1070 2212 quas
1088 2134 1139 2211 qui
1156 2132 1205 2194 rel
1224 2155 1240 2190 a
1261 2133 1351 2212 prin·

108 2229 186 2308 cipio
205 2230 254 2290 rel
274 2231 352 2290 inter
369 2228 535 2289 docendum
554 2230 716 2290 identidem
737 2230 968 2310 explicaretque
984 2230 1125 2304 illustrat,
1140 2228 1221 2288 haud
1235 2229 1352 2289 frustra

109 2346 179 2382 sane
210 2328 338 2386 excitare
368 2342 452 2404 atque
471 2327 547 2386 alere
567 2327 760 2406 cognoscendi
780 2327 911 2387 ardorem
930 2329 1050 2387 nitatur.
1091 2325 1354 2406 Encyclopaediae

111 2434 226 2497 autem,
258 2443 330 2500 quae
346 2424 478 2504 ‘proprie
501 2437 640 2500 vocatur,
669 2424 750 2483 haud
774 2438 842 2483 ante
868 2445 963 2505 capax
993 2425 1144 2504 ingenium
1173 2423 1225 2498 fit,
1256 2443 1353 2501 quam

109 2519 229 2599 propius
255 2517 293 2578 ad
322 2521 515 2580 maturitatem
549 2522 719 2597 accesserit,
749 2542 879 2600 quaeque
915 2533 998 2580 erant
1027 2519 1222 2596 addiscenda,
1253 2520 1354 2600 probe

111 2614 259 2676 didicerit.
301 2618 343 2679 Et.
366 2639 454 2693 vero,
483 2639 556 2698 quae
584 2619 650 2696 quis
678 2619 809 2698 ignorat,
831 2618 879 2680 rel
899 2618 1004 2680 leviter
1022 2631 1120 2693 tenet,
1142 2617 1190 2678 vel
1211 2616 1355 2678 nondum

110 2715 179 2772 satis
207 2713 371 2774 discernere
399 2737 416 2774 a
444 2715 589 2775 similibus
619 2717 731 2797 coepit,
752 2715 857 2775 horum
877 2736 934 2794 quo
953 2713 1071 2775 tandem
1088 2727 1173 2794 pacto
1192 2734 1357 2774 commune

110 2810 283 2886 vinculum,
314 2812 399 2890 quale
430 2814 486 2889 sit,
518 2813 566 2874 rel
584 2813 724 2893 suspicari
743 2813 874 2897 poterit?
896 2813 1048 2890 Postquam
1067 2832 1137 2874 vero
1156 2810 1262 2869 artium
1280 2831 1357 2870 om-

110 2908 196 2968 nium
220 2908 403 2969 laudatarum
421 2925 449 2970 et
467 2910 666 2970 doctrinarum
686 2909 793 2970 studiis
813 2909 964 2968 excultum
982 2908 1134 2988 ingenium
1153 2907 1242 2966 fuerit
1251 2951 1261 2981 ‚
1282 2920 1357 2967 tum

111 3004 228 3065 demum
257 3006 358 3067 licebit
370 3009 476 3086 juveni
493 3021 521 3067 et
539 3007 707 3087 conspicere
721 3025 771 3069 eas
789 2987 977 3066 mentis'acie
997 3007 1162 3079 universas,
1184 3018 1212 3063 et
1230 3004 1358 3066 fructus

111 3102 182 3162 inde
208 3124 330 3184 capere,
359 3105 410 3183 qui
438 3105 476 3166 ad
506 3104 634 3166 civitatis
662 3102 843 3162 commodum
862 3091 1093 3183 ¹provehendum
1113 3101 1253 3160 uberrimi
1275 3102 1355 3164 sint.

92 3201 194 3274 .Quae
211 3201 340 3262 Platonis
359 3202 523 3278 sententia,
545 3201 678 3260 Ciceroni
698 3201 807 3281 vulgo,
826 3213 859 3259 ut
878 3200 1027 3276 vidimus,
1042 3200 1170 3274 tributa,
1188 3219 1240 3280 per
1260 3200 1356 3259 Cice-

112 3312 261 3358 ronem—et
279 3298 475 3359 celebritatem
501 3319 639 3357 summam
657 3312 742 3360 nacta
761 3311 850 3358 estet
869 3297 1075 3358 incredibilem
1095 3298 1175 3357 omni
1194 3317 1266 3357 aero
1276 3342 1286 3371 ,
1312 3297 1356 3358 ad

112 3408 190 3454 recte
210 3417 276 3456 cum
295 3395 562 3477 philosophandum
584 3409 645 3458 tum
662 3409 737 3456 artes
756 3395 962 3476 doctrinasque
979 3395 1162 3471 tractandas,
1182 3406 1356 3478 pertritum

114 3491 213 3554 orbem
230 3493 412 3556 eruditorum
433 3493 494 3558 vim
508 3483 623 3557 habuit.
646 3491 680 3576 5)

146 3787 172 3853 1)
192 3791 233 3842 De
248 3792 310 3860 llep.
332 3789 386 3842 Vll.
404 3787 463 3842 537.
486 3789 515 3842 C.

145 3872 173 3938 2)
193 3876 268 3950 lrrr'tia
286 3892 311 3942 p.
331 3874 383 3925 210
401 3893 458 3944 sqq.

145 3957 171 4024 3)
189 3961 270 4028 Symp.
286 3959 345 4011 210.
365 3961 394 4008 D.
417 3959 464 4012 Off.
485 3961 563 4011 latitia
580 3976 606 4026 p.
624 3958 681 4010 107.

146 4043 173 4110 dl
191 4047 228 4096 De
244 4046 306 4114 llep.
326 4045 356 4095 V.
376 4044 434 4096 ata.
459 4043 488 4096 G.

147 4129 173 4196 5)
192 4133 351 4184 Sententiam
375 4128 469 4194 Cicero
494 4130 552 4196 ipse
576 4127 679 4181 Platoni
708 4129 797 4181 tribuit
822 4130 852 4181 de
874 4130 944 4182 Orat.
968 4127 1011 4181 lll.
1037 4127 1062 4180 6.
1093 4127 1139 4180 Est
1168 4127 1213 4178 atta
1232 4125 1352 4204 Platoris

113 4235 175 4268 uera
197 4235 258 4280 oue,
281 4234 372 4268 omnem
396 4215 535 4266 docuinam
556 4216 721 4280 inpertemus
742 4224 765 4266 et
784 4215 950 4267 humanarum
969 4216 1062 4266 artium
1075 4231 1126 4264 urso
1141 4214 1246 4280 quodam
1265 4216 1350 4265 socie-

111 4305 169 4354 tatis
186 4303 285 4353 vinculo
303 4301 433 4352 contineri.
453 4300 491 4364 (In
513 4297 719 4351 Clnrneterr'smr's
731 4301 816 4368 princ.
832 4300 920 4368 plrrlos.
936 4316 962 4367 p.
981 4297 1039 4352 ata.
1059 4299 1122 4350 haec
1139 4299 1278 4366 proposita
1294 4298 1349 4349 loci

111 4387 201 4439 lectio:
227 4389 398 4440 doctrinarum
417 4385 631 4452 irtqcrruarumque
645 4395 668 4436 et
685 4386 850 4436 arumnorum
865 4387 958 4438 artium
974 4385 1097 4436 caldum.
1130 4383 1242 4437 llloueor
1260 4392 1348 4436 autem
