2924 5132
725 247 784 308 tto

136 414 283 474 Platonem
303 409 341 474 ad
359 426 477 474 naturae
493 413 553 474 vim
569 426 597 472 et
617 413 846 494 pulcritudinem
864 412 1083 495 exprimendam
1092 413 1210 476 'valent
1231 415 1379 497 Spectant

136 511 209 572 illue
231 513 357 594 pariter,
378 532 451 590 quae
470 510 507 572 de
526 531 619 571 amore
640 511 835 592 prodiderunt
855 512 1042 573 vetustissimi
1063 517 1179 592 poetae:
1202 513 1281 574 hunc
1301 515 1378 574 fuis·

136 633 184 686 se,
215 633 272 690 quo
302 625 382 686 orto,
413 610 516 686 chaos,
546 609 627 670 rudis
653 611 708 670 ista
734 610 933 690 indigestaque
966 609 1075 686 moles,
1104 611 1137 670 in
1163 612 1380 692 pulcerrimum
1426 621 1445 698 ο

135 710 249 770 huncce
266 708 416 768 mundum
428 709 627 789 aptissimeque
649 709 706 768 sibi
725 710 946 786 concinentem,
965 722 1199 770 commutaretur.
1227 713 1260 786 ,A
1277 712 1381 772 nullis

136 814 197 868 noh
212 807 298 868 rebus
316 820 427 868 veteres
447 807 507 868 sive
526 807 685 888 imagines,
706 809 767 869 sive
794 807 993 889 metaphoras,
1014 807 1075 870 sive
1104 809 1238 869 uodones
1265 811 1382 887 etiam,

135 894 300 988 petierunt,
320 925 378 985 quo
399 903 506 964 clarius
534 904 608 982 sihi,
630 904 775 986 quidquid
801 906 880 966 intus
903 904 1087 981 sentiebant,
1109 906 1190 986 quasi
1211 906 1248 970 cb
1273 909 1382 971 oculos

136 1017 339 1086 proponerent.
388 1001 490 1062 Veluti
532 1003 611 1081 quod
640 1004 782 1064 mundum
811 1003 888 1064 dixit
916 1005 998 1065 Plato
1027 1000 1107 1077 ζοῖον
1139 1025 1198 1064 esse
1230 999 1380 1089 ἔμψυχον

136 1097 236 1163 ἔννουν
252 1123 284 1164 τε
304 1099 346 1187 τῇ
370 1094 513 1186 ἀληθείᾳ,
546 1100 679 1162 videatur
707 1102 787 1162 illud
814 1102 972 1162 absurdum
999 1105 1107 1186 plane,
1138 1119 1166 1164 et
1195 1110 1295 1171 uisum
1334 1113 1378 1171 ita

137 1205 252 1282 VelleJ'o
280 1217 338 1264 est:
365 1224 440 1263 uam·
458 1203 603 1264 mundum
616 1268 618 1272 ,
631 1209 731 1260 animo
758 1212 788 1260 et
817 1203 953 1263 sensibus
966 1205 1164 1282 praeditum,
1187 1209 1381 1286 rotundum,

137 1303 311 1379 ardentem,
341 1303 498 1362 volubilem
530 1301 647 1377 Deurn,
678 1301 711 1358 in
739 1301 858 1360 somniis
887 1316 985 1362 censet
1013 1303 1261 1384 philosophorum.
1319 1305 1383 1367 Sed

137 1399 311 1460 abhorrebat
338 1402 496 1481 antiquitas
522 1423 538 1460 a
567 1399 683 1480 placitis
711 1399 792 1475 illis,
823 1420 895 1478 quae
926 1401 1084 1462 recentiore
1114 1405 1147 1462 in
1173 1404 1276 1484 primis
1305 1425 1381 1467 aevo

137 1497 284 1560 dominata
311 1514 397 1576 sunt,
412 1500 509 1578 *quasi
534 1496 701 1562 mechanica
730 1499 816 1557 unice
851 1513 923 1558 esset
950 1501 1080 1562 universi
1110 1500 1261 1579 conditio,
1294 1503 1381 1562 nihil

82 1602 85 1606 ’
138 1598 186 1660 vel
211 1599 287 1678 ipsi,
307 1619 365 1678 qno
391 1598 522 1678 rigeret,
542 1595 591 1659 tel
610 1599 673 1675 ejus
693 1597 825 1676 partibus
835 1643 844 1673 ,
866 1617 922 1676 quo
941 1612 1146 1675 moverentur,
1166 1599 1295 1675 inesset,
1319 1622 1380 1660 om·

137 1697 187 1758 nia
203 1717 272 1758 vcro
281 1710 345 1772 ‚ut
362 1697 394 1756 in
415 1695 600 1772 mechanico,
621 1694 699 1775 quod
719 1695 848 1771 dicitur,
866 1710 1034 1776 systemate,
1056 1697 1242 1756 mechanicae
1259 1697 1380 1778 legibus

136 1794 377 1876 obtemperarent.
428 1793 620 1868 Quamobrem
650 1794 710 1855 vim
740 1793 842 1870 illam,
873 1811 970 1873 quam·
990 1807 1110 1856 naturae
1144 1817 1205 1854 non
1238 1811 1379 1876 poterant

120 1913 198 1952 ‘non
222 1893 368 1968 tribuere,
391 1893 480 1954 variis
503 1892 596 1952 modis
617 1893 779 1974 exprimere
807 1891 997 1956 conabantur.
1041 1893 1197 1972 Spicum
1228 1895 1376 1955 vorabant

138 1991 235 2050 illam-
262 2006 293 2052 ut
310 1993 344 2051 in
362 1991 531 2072 Virgilianc
551 1991 622 2050 illo:
648 1999 654 2006 '

317 2089 457 2168 Spiritus
475 2098 562 2150 intus
582 2093 655 2166 etit,
677 2099 827 2168 totamque
846 2091 955 2165 iqfusc
974 2111 1031 2167 por
1051 2101 1140 2151 ortae

313 2189 399 2248 Mens
417 2197 519 2271 agitat
539 2192 651 2250 molam.
676 2185 706 2269 l)
999 2204 1002 2211 '
1024 2174 1026 2180 Ι

136 2286 197 2346 Alii
227 2288 287 2347 vim
310 2287 391 2347 illam
415 2291 487 2374 c'um³
502 2289 568 2368 igne
587 2285 808 2370 comparabant,
829 2273 909 2365 quod
928 2289 1092 2348 Heraclitus
1112 2310 1145 2348 ac
1162 2302 1264 2371 postea
1286 2289 1373 2350 Stoici
1455 2339 1456 2348 ,

136 2385 310 2465 diligentins
330 2386 476 2467 explicare
497 2386 681 2447 studuerunt.
731 2386 1030 2456 Necterodiscessit
1048 2387 1084 2446 ah
1103 2385 1156 2446 hac
1179 2388 1372 2448 vetustissima
1455 2395 1456 2426 ¹

137 2477 248 2544 ratione
272 2483 403 2543 Platonis
433 2483 623 2565 physiologia.
665 2485 723 2546 Sed
750 2487 775 2546 is
799 2485 909 2546 scilicet
937 2485 1091 2560 universo,
1114 2499 1146 2544 ut
1167 2487 1239 2550 νοῦν
1259 2488 1366 2548 Anart-
1455 2487 1456 2570 l

105 2650 108 2654 .
135 2613 235 2673 goras,
263 2585 369 2672 ννονχήν
396 2594 516 2671 tribuit3
539 2593 625 2654 hanc
655 2609 749 2655 autem
779 2595 815 2655 ab
846 2583 908 2674 ipso
935 2593 995 2653 Deo
1025 2593 1149 2653 inditam
1174 2610 1234 2649 esse
1266 2589 1362 2650 mundo

135 2695 353 2773 pronunciavit.
394 2694 487 2754 Ducta
517 2695 549 2752 in
573 2693 652 2754 hisee
678 2695 716 2755 ab
744 2694 862 2753 homine
887 2689 1047 2752 similitudo
1072 2702 1132 2766 es't,
1154 2693 1241 2769 cujus
1262 2704 1299 2750 ut
1320 2711 1367 2750 cor·

136 2791 199 2871 pori
225 2791 344 2880 ψυχήν,
365 2794 414 2852 ita.
432 2789 524 2877 ψυχῇ
549 2795 643 2858 inesse
673 2793 742 2855 νοῦν
769 2791 921 2852 contendit
943 2790 1043 2850 Plato:
1065 2790 1232 2868 factumque
1255 2804 1299 2876 est
1319 2790 1371 2862 ita,

138 2889 338 2956 aimundum
365 2909 478 2958 voearet
503 2893 582 2969 ζῶον
604 2888 745 2976 ἔμψυχον
765 2889 865 2958 ἔννουν
879 2919 925 2957 τε.
977 2894 1013 2954 Id
1030 2907 1126 2954 autem
1146 2893 1285 2973 quamvis
1303 2894 1370 2951 sita

137 3011 233 3060 nostra
251 2999 410 3081 ,cogitandi
439 2991 634 3077 loquendique
659 2999 769 3059 ratione
797 2999 941 3075 alienum,
971 3015 1087 3075 tamen,
1117 3001 1142 3060 si
1169 3000 1371 3080 principium,

138 3096 216 3158 unde
229 3093 386 3173 -ma‘navit,
414 3093 598 3179 spectamus,
623 3104 807 3178 non'potest
832 3097 917 3157 nobis
943 3093 1036 3158 totum
1061 3098 1229 3180 displicere.
1281 3098 1368 3170 Nam,
1455 3093 1456 3098 ’

137 3210 169 3256 at
183 3197 327 3278 ³cptimus'
347 3197 467 3275 quisque
486 3193 574 3274 ,apud
603 3209 712 3256 veteres
741 3195 945 3278 physiologus,
977 3199 1016 3258 ita
1044 3198 1143 3272 Plato,
1174 3217 1239 3255 non
1269 3217 1282 3254 e
1307 3194 1379 3272 lege·

137 3287 449 3373 quadam'mechanica
467 3306 587 3352 naturae
607 3294 806 3375 principium,
828 3294 878 3354 sed
898 3295 1004 3373 altius,
1025 3295 1063 3356 ab
1083 3299 1146 3376 ipso
1164 3309 1289 3356 naturae
1307 3292 1367 3352 uni·

136 3394 277 3472 versique·
290 3389 404 3452 auctore
425 3392 549 3472 repetiit.

176 3492 260 3553 Su'nt'
277 3493 347 3552 haec
359 3517 362 3524 ·
374 3490 460 3550 nobis
485 3503 514 3550 et
533 3489 647 3570 singula
669 3505 696 3550 et
717 3493 853 3553 universa
873 3492 1031 3574 diligenter
1044 3490 1326 3568 animadvertenda,
1346 3489 1370 3548 si
1455 3509 1456 3588 y

101 3654 106 3660 s
140 3585 295 3658 Timaeum
318 3592 465 3672 ipsamque
486 3588 669 3670 ⁴philosophi
685 3589 894 3670 physiologiam
924 3591 1108 3671 interpretari
1128 3604 1204 3651 recte
1223 3588 1369 3662 velimus;
1455 3599 1456 3634 t

136 3683 214 3771 quod
227 3705 341 3751 sautem
371 3693 433 3770 ejus
466 3687 503 3748 de
535 3687 639 3749 divina
674 3702 775 3748 natura
806 3690 977 3750 senteutiam
1005 3690 1126 3764 attinet,
1159 3689 1218 3749 vim
1250 3687 1370 3774 omnino
1455 3683 1456 3770 l

136 3790 268 3852 divinam
293 3790 347 3849 toti
370 3805 474 3849 'rerum
502 3786 686 3847 universitati
713 3789 805 3846 inesse
828 3788 1024 3863 existimavit,
1053 3801 1087 3847 ut
1115 3808 1174 3847 nou
1205 3785 1260 3861 sit,
1291 3783 1369 3863 quod
1455 3813 1456 3840 s

135 3889 286 3968 miremur,
308 3888 332 3947 si
343 3933 352 3964 ,
373 3888 508 3967 antiquae
528 3884 697 3946 auctoritate
717 3905 781 3944 cum
802 3883 1002 3966 μυθολογίας,
1022 3899 1085 3946 tum
1099 3881 1281 3966 θεολογίας,
1305 3881 1369 3964 plo·
1455 3897 1456 3960 t

136 4012 181 4052 res
207 3992 377 4054 memoravit
404 3992 488 4052 Deos.
528 3991 745 4064 Veruntamen,
774 3990 847 4069 quin
876 4010 966 4049 unum
991 4010 1107 4071 reapse,
1127 3989 1178 4068 qui
1207 3987 1314 4048 mundi
1341 3999 1368 4044 et
1455 3977 1456 3998 ¹

55 4095 57 4102 ‘
136 4103 235 4150 auctor
262 4104 290 4151 et
318 4089 492 4170 gubernator
512 4103 601 4166 esset,
623 4089 715 4149 Deum
735 4086 871 4148 habuerit
887 4087 987 4164 Plato,
1009 4109 1070 4148 non
1090 4087 1227 4168 estquod
1247 4085 1366 4146 dubite-

136 4210 207 4249 mus.
249 4188 274 4248 E
301 4200 359 4250 tota
385 4187 421 4246 id*
446 4189 502 4250 siri
524 4187 559 4246 de
586 4187 671 4247 rebus
700 4185 812 4248 divinis
840 4185 991 4261 doctrina,
1014 4200 1045 4246 ut
1062 4185 1175 4268 predita
1196 4200 1238 4246 est
1259 4187 1290 4244 in
1312 4185 1364 4245 Pc-
1388 4199 1393 4210 ’

173 4425 278 4532 siaa.
296 4467 337 4518 vr.
358 4465 415 4519 aar.
