2898 5120
728 245 766 306 li

136 431 188 496 pro
207 413 269 494 ipsu
288 424 397 492 pugnat
414 432 447 470 ac
465 411 598 472 militat?
618 454 653 466 -
673 411 780 473 Nullus
797 425 874 472 certe
896 412 933 472 ed
952 411 1049 474 alium.
1071 437 1107 452 ·-
1126 412 1190 472 Non
1210 413 1283 472 enim
1300 434 1350 472 cae

135 513 189 570 teri
208 514 239 570 in
259 510 311 570 illa
330 509 397 584 alii,
417 529 484 570 cum
496 509 655 590 relignavi
675 511 722 572 vel
741 513 830 576 fortes
847 512 925 585 sint,
948 512 979 571 vi
999 511 1050 570 s'ua
1071 508 1199 570 efficient
1217 524 1248 569 ut
1266 511 1357 590 ignaua

136 611 184 670 rel
211 611 294 670 fortis
322 609 369 669 sit.
390 649 425 663 -
446 607 510 668 Non
539 627 617 669 sene.
638 647 674 658 -
693 609 787 670 Fortis
806 611 896 690 igitur
915 621 997 690 parte
1016 610 1062 668 sui
1080 609 1185 670 ciuitas
1202 609 1272 682 erit,
1292 606 1359 686 quod

102 718 105 726 '
136 711 168 768 in
197 731 229 768 ea
257 710 316 768 vim
346 706 485 786 ejusmodi
513 707 620 784 babet,
646 729 721 787 quae
750 722 890 790 perpetuo
916 720 1012 768 servat
1032 706 1070 768 de
1088 706 1175 766 rebus
1194 704 1360 766 terribilibus

134 808 320 888 opinionem,
352 806 486 866 illas-eas
502 827 561 866 csse
581 821 609 866 et
628 805 720 881 tales,
750 827 820 887 quas
841 821 870 867 et
887 806 988 886 quales
1009 806 1042 868 in
1060 806 1245 865 institutione
1264 801 1360 881 legisla-

134 919 179 964 tor
203 906 372 966 coustituit:
403 925 502 964 nonne
531 903 607 964 banc
629 904 834 966 fortitudinem
855 907 963 970 vocas?
983 945 1019 960 ψ
1039 897 1105 964 Non
1123 905 1211 978 satis,
1232 897 1306 980 quod
1321 897 1360 958 di·

110 1003 221 1077 nisti,
252 1003 388 1084 percepi:
420 1000 468 1062 dic
499 1002 614 1064 iterum.
644 1031 679 1044 -··
710 1004 965 1064 Conservatiouem
992 1000 1140 1082 quandam
1170 995 1359 1060 fortitudinem

134 1119 193 1159 esse
221 1099 297 1162 dico.
329 1129 363 1142 -
392 1101 485 1184 Quam
510 1102 786 1162 conservationem?
809 1136 842 1146 -
862 1100 1022 1181 Opinionis
1054 1098 1211 1173 videlicet,
1243 1096 1302 1176 lege
1319 1113 1375 1174 per*

134 1196 337 1256 educationem
367 1210 542 1280 conceptae,
573 1219 629 1278 qua
653 1199 826 1278 judicatur,
856 1219 930 1278 quae
958 1197 1104 1260 terribilia
1134 1197 1195 1256 sint
1222 1209 1250 1254 et
1268 1192 1360 1272 quaba.

134 1294 169 1354 Iu
199 1293 334 1354 omnibus
363 1309 459 1356 autem
489 1317 550 1356 eam
577 1299 826 1360 conservationem
856 1317 915 1356 esse
944 1295 1030 1370 dixi,
1061 1310 1094 1355 ut
1123 1308 1183 1354 rata
1209 1311 1318 1371 semper
1342 1301 1363 1349 et

135 1392 242 1472 ubique
270 1407 419 1470 seruetur,
446 1395 508 1456 sive
535 1396 601 1474 quis
621 1395 774 1456 doloribus
803 1417 852 1455 seu
874 1393 1075 1476 voluptatibus
1096 1407 1146 1452 aut
1164 1387 1362 1472 cupiditatibus

134 1504 185 1549 aut
215 1491 369 1551 timoribus
396 1490 555 1567 afficiatur,
586 1515 640 1553 nec
671 1493 732 1552 ullo
758 1506 843 1575 paeto
873 1493 939 1572 quis
968 1506 1086 1574 propter
1114 1490 1186 1549 baec
1213 1489 1250 1548 ab
1278 1507 1308 1547 ea
1325 1483 1363 1547 tli-

134 1602 321 1648 moveatur.»
349 1587 379 1669 1)
957 1594 962 1604 '

173 1685 210 1746 ld
239 1701 335 1746 autem
362 1701 394 1748 ut
423 1701 500 1749 recte
529 1689 731 1770 intelligatur,
766 1689 911 1749 Socratem
938 1686 988 1747 bic
1016 1687 1098 1751 Plato
1128 1684 1246 1746 inducit
1272 1681 1363 1744 eximia

132 1782 256 1864 quadam
284 1784 424 1866 longeque
453 1785 678 1846 celebratissima
704 1788 829 1868 imagine
864 1799 1004 1846 utentem.
1049 1785 1128 1844 «Cui
1158 1795 1255 1844 autem
1283 1776 1363 1842 simili

133 1881 166 1942 id
195 1903 254 1942 esse
283 1882 426 1958 arbitrer,
453 1885 477 1943 si
507 1885 569 1959 ris,
590 1885 646 1944 tibi
672 1877 806 1966 aperiam.
827 1915 863 1931 -
883 1884 977 1964 Cupie
997 1882 1199 1962 equidem..--
1218 1877 1363 1944 Fullones,

133 1980 260 2055 novisti,
293 1978 343 2039 ubi
367 1982 480 2062 tingere
508 1981 612 2042 volunt
642 1983 742 2058 lanas,
765 1997 796 2042 ut
816 1983 877 2046 sint
896 2001 1079 2063 purpureae,
1099 1975 1362 2062 prinumeligunt

131 2098 204 2156 quae
236 2079 339 2137 naturl
361 2079 420 2138 sint
445 2101 532 2158 quam
558 2082 682 2142 maxime
701 2080 801 2142 albae:
824 2080 933 2146 deinde
954 2091 1128 2160 praeparant
1147 2097 1196 2136 eas
1212 2071 1293 2134 haud
1311 2091 1362 2132 me·

132 2177 225 2237 diocri
255 2177 351 2237 studio
377 2191 406 2236 et
434 2199 537 2260 opera,
560 2193 592 2238 ut
618 2181 713 2260 ipsum
736 2179 875 2258 deinceps
902 2179 1048 2258 suscipere
1068 2175 1179 2256 possint
1201 2171 1305 2232 eoloris
1323 2168 1362 2228 llu-

133 2295 209 2334 rem:
242 2289 304 2334 tum
333 2296 380 2338 eas
411 2277 539 2356 tingunt.
600 2276 754 2357 Quidquid
781 2276 836 2335 boc
862 2275 950 2336 modo
977 2275 1103 2335 tinctum
1132 2285 1192 2346 ert,
1216 2265 1363 2331 indelebile

133 2387 246 2446 manet,
268 2386 296 2431 et
308 2418 317 2446 ,
338 2376 526 2450 quantumvis
555 2374 634 2436 illud
663 2375 760 2452 laves,
782 2376 843 2436 sive
870 2359 962 2453 aqud,
996 2373 1058 2432 sive
1085 2369 1194 2433 additis
1218 2368 1303 2430 etiam
1320 2361 1360 2422 ab·

132 2468 282 2548 stergendi
305 2468 439 2532 remediis
449 2515 458 2544 ,
478 2470 530 2530 ssus
550 2471 602 2530 ille
621 2472 686 2531 tolli
706 2472 791 2532 nullo
809 2471 894 2535 modo
914 2483 1016 2552 potest.
1048 2471 1129 2542 Quae
1147 2487 1218 2527 vcro
1237 2485 1298 2524 non
1316 2461 1362 2519 rite

133 2582 302 2650 praeparata
328 2581 412 2642 suut,
434 2568 520 2627 facile
540 2570 585 2629 bis
604 2569 683 2628 color
709 2569 825 2630 tollitur
850 2583 878 2628 et
907 2568 1046 2630 informia
1075 2566 1160 2624 fiunt.
1203 2563 1276 2625 Tale
1301 2553 1362 2637 quid

133 2665 228 2723 faeere
257 2686 309 2724 noe
326 2664 482 2748 ¹studuisse
501 2688 555 2748 pro
576 2667 687 2728 viribus
706 2669 820 2747 cogita,
842 2687 932 2747 quum
953 2664 1087 2728 custodes
1106 2662 1296 2741 eligeremus,
1315 2675 1361 2716 sos·

131 2783 188 2839 que
208 2777 236 2821 et
256 2764 364 2824 musica
385 2777 413 2824 et
431 2760 609 2844 gymnasticae
627 2765 824 2828 eradicemus:
845 2779 931 2843 atque
951 2763 1102 2836 existima,
1126 2758 1204 2820 nibil
1224 2777 1277 2820 nos
1293 2749 1362 2816 aliud

134 2859 307 2950 excogitasse
318 2905 327 2935 ,
359 2883 445 2940 quem
474 2876 505 2922 ut
532 2862 639 2942 optime
665 2863 757 2943 leges,
780 2875 919 2942 tanquam
938 2860 1082 2934 colorem,
1095 2850 1295 2918 imbiberent:
1315 2869 1361 2930 quo

135 2957 226 3038 magis
255 2956 425 3020 indelebilis
453 2981 551 3022 eorum
573 2974 644 3022 esset
664 2959 700 3024 de
721 2959 807 3024 rebus
825 2956 1008 3024 terribilibus
1027 2957 1120 3034 deque
1138 2951 1260 3014 caeteris
1279 2947 1361 3008 omui·

132 3053 188 3118 bus
207 3057 327 3136 opinio,
349 3077 443 3136 neque
470 3059 627 3120 tincturam
650 3079 749 3120 eorum
769 3058 885 3118 abolere
914 3068 1032 3137 possent
1048 3051 1233 3133 purgationes
1250 3049 1317 3109 istae
1331 3040 1360 3103 ad

131 3151 309 3215 diluendum
339 3155 627 3231 vehementissimae,
649 3155 783 3237 voluptas
808 3155 935 3228 scilicet,
958 3153 1038 3216 omui
1068 3149 1139 3212 nitri
1169 3143 1321 3205 acrimonia
1339 3151 1360 3197 et

133 3250 221 3309 calcis
249 3250 288 3309 ad
317 3252 538 3333 expurgandum
565 3255 677 3312 acrior:
708 3253 792 3313 dolor
821 3253 906 3327 item,
938 3264 1031 3309 metus
1059 3268 1091 3306 ac
1109 3243 1274 3325 cupiditas,
1294 3236 1360 3300 omni

132 3346 191 3406 alie
208 3349 380 3428 purgatione
399 3349 438 3412 ad
457 3350 679 3435 abstergendum
697 3351 872 3434 potentiora,
918 3342 984 3432 Tb»
1009 3335 1051 3432 dp*
1078 3335 1219 3422 τοιαύτην
1251 3332 1360 3414 δύναμιν

132 3442 182 3506 καὶ
205 3443 359 3527 σωτηρίαν
383 3440 436 3506 διὰ
458 3441 567 3532 nunide
594 3437 686 3528 δόξης
708 3443 808 3528 ὀρθῆς
834 3470 865 3510 τε
892 3448 941 3512 καὶ
962 3443 1090 3526 νομίμου
1111 3443 1215 3505 δεινῶν
1236 3434 1300 3518 πέρι
1320 3433 1359 3497 risi

133 3541 193 3630 μή,
226 3541 380 3632 ἀνδρίαν
409 3541 499 3628 ἔγωγε
520 3548 603 3610 καλῶ
630 3546 680 3610 καὶ
712 3547 849 3628 τίθεμαι·
880 3553 958 3611 banc
990 3558 1095 3626 ntique
1116 3556 1196 3619 rim,
1216 3554 1311 3602 rectae
1328 3540 1357 3594 le·

130 3660 319 3734 gitimueque
345 3658 495 3734 opinionis
520 3659 770 3711 conservatricem
799 3653 834 3710 de
862 3651 1052 3709 terribilibus
1079 3666 1238 3724 eorumque
1256 3647 1356 3699 centra·

134 3756 213 3823 riis,
226 3751 550 3828 fortitudinem
570 3772 634 3808 voco
652 3749 787 3828 equidem
809 3759 900 3828 atque
916 3769 1025 3807 uasere.
1038 3769 1052 3802 u
1067 3741 1109 3823 2)

138 4108 193 4119 *m
197 4109 398 4120 -Ἣ

173 4243 199 4308 1)
221 4247 255 4296 De
273 4247 330 4314 llrp.
350 4244 391 4297 lV.
410 4245 468 4297 429.
488 4247 519 4298 Α.
538 4276 572 4284 -
590 4247 621 4298 l).

174 4326 200 4392 2)
222 4329 283 4381 usu.
311 4329 370 4380 aas.
399 4329 430 4380 u.
454 4358 489 4367 -
512 4330 571 4383 sao.
597 4331 627 4382 u.
677 4331 754 4382 vrrs.
783 4332 817 4382 rs
842 4331 894 4383 boo
923 4330 983 4382 1000
1010 4328 1148 4380 narnien.
1184 4326 1218 4378 aa
1251 4324 1311 4375 rim.
1337 4335 1357 4370 v.

139 4405 322 4485 ezvaonouo'g.
367 4421 457 4474 suun
476 4421 508 4472 ar
527 4422 551 4473 u.
570 4423 587 4473 ι.
608 4433 634 4474 eu
652 4424 719 4474 uas
741 4423 820 4488 ree,
847 4424 909 4492 asp.
928 4423 958 4474 a
974 4421 1001 4470 a·
1017 4423 1182 4486 mem.
1202 4416 1235 4470 as
1254 4425 1279 4470 a
1295 4411 1349 4466 see.
