2832 5120
757 276 811 334 190

169 440 385 498 conversionem
414 437 517 496 veteris
545 435 726 509 comoediae,
748 452 780 496 ut
808 436 850 496 sal
879 436 1009 508 Atticus,
1030 457 1116 514 quem
1145 435 1266 513 Eupolis
1289 449 1358 516 etque

168 537 317 598 Cratinus
337 537 613 612 Aristophanesque
627 544 751 611 pot'toe,
767 535 868 614 Atque
883 535 942 591 olii
950 579 958 608 ,
976 555 1105 611 quorum
1122 535 1263 594 comoedia
1276 545 1359 612 priseo

171 645 304 717 tirenum
325 647 385 709 est,
406 673 440 685 -
458 634 582 693 multum
609 632 726 712 quidem
754 648 782 692 et
810 653 922 705 acrem,
953 631 1003 691 sed
1024 632 1126 692 acerba
1155 635 1282 693 suffusum
1298 633 1360 704 bile,
1404 707 1406 720 ⁴

170 736 322 816 gerebant,
344 735 483 815 paulatim
502 753 553 814 per
572 733 681 792 mediae
703 738 800 814 poetas
822 731 1001 804 comoediae,
1022 743 1083 790 tum
1112 754 1203 792 novae
1230 735 1260 792 in
1284 733 1362 813 piimis
1405 747 1406 750 ’

169 832 382 906 Menandrum,
403 831 439 890 ab
459 833 505 890 lris
523 831 638 890 labibus
657 844 844 912 purgaretur,
865 829 951 888 etad
972 851 1134 910 germanam
1156 832 1277 890 Atticam
1299 832 1363 889 lesti-
1405 887 1406 890 ,

81 929 84 934 ’
169 934 288 992 vitatem
310 931 537 1010 elegantiamque
564 929 767 1008 redigeretur.»
799 926 827 1008 l)
857 929 975 988 Constat
985 948 993 1004 j
1002 943 1114 1004 autem,
1146 930 1266 989 colorem
1289 930 1319 990 ab
1339 951 1363 986 eo

97 1031 100 1038 ’
167 1031 288 1090 duxisse
299 1069 315 1102 ,-
327 1041 465 1107 quotquot
483 1040 546 1108 post
564 1047 628 1086 eum
654 1026 782 1106 dialogos
800 1028 992 1108 scripserunt,
1013 1028 1200 1088 Plutarchum
1219 1030 1364 1110 praecipue,

169 1129 297 1188 Platonis
325 1127 568 1199 amantissimum,
590 1126 685 1206 ipsum
711 1125 779 1182 item
799 1125 968 1184 'buciacum
997 1126 1029 1184 in
1056 1128 1170 1207 scriptis
1197 1126 1364 1206 quibusdan,

168 1243 230 1286 tum
248 1241 316 1288 vero
336 1227 519 1298 Ciceronem,
540 1225 590 1303 qui
600 1269 609 1298 ,
630 1223 762 1301 quamvis
781 1243 810 1282 se
830 1223 954 1282 scribere
972 1224 1142 1282 Aristotelen
1163 1245 1241 1284 more
1265 1225 1365 1296 diceret,

166 1335 343 1405 quantopere
361 1322 398 1382 ad
415 1321 613 1382 informandos
631 1322 686 1380 rite
706 1321 833 1400 dialogos
853 1341 868 1378 e
886 1321 1014 1380 Platonis
1042 1322 1202 1381 imitatione
1220 1323 1365 1405 pmfeoerit,

168 1441 267 1484 omnes
286 1435 410 1493 norunt,
431 1422 481 1499 qui
500 1421 637 1478 attentius
655 1434 806 1498 utrumque
825 1419 974 1500 legerunt,
990 1441 1097 1499 nosque
1114 1421 1171 1502 ipsi
1185 1423 1246 1499 jam
1258 1419 1366 1480 animal·

171 1524 307 1582 venimus
326 1521 359 1578 in
377 1511 581 1599 superioribus.
604 1513 635 1597 2)
656 1517 692 1576 Et
720 1518 777 1575 luit
805 1537 873 1576 sane
900 1519 999 1576 Cicero
1026 1517 1125 1577 indole
1155 1533 1183 1578 et
1209 1519 1368 1578 institutione

170 1619 334 1678 Platonicus
354 1616 460 1696 plane,
480 1629 514 1674 ut
534 1617 565 1674 in
583 1617 662 1676 omni
682 1615 848 1695 scriptionis
867 1635 987 1695 genere,
1005 1616 1038 1674 in
1055 1617 1178 1675 oratorio
1196 1618 1297 1691 etiam,
1312 1629 1369 1675 certe

164 1735 258 1797 quum
282 1735 336 1792 pro
355 1714 474 1773 Archia
494 1713 620 1789 diceret,
641 1727 741 1796 sponte
768 1728 796 1773 et
819 1701 934 1772 'inscius
959 1713 1020 1772 lere
1048 1714 1195 1774 Platonem
1221 1715 1371 1797 exprimeret
1402 1743 1405 1802 ,

170 1837 263 1875 suum.
313 1812 400 1874 Unde
425 1813 582 1871 sententiae
612 1811 851 1871 celebratissimae
879 1809 947 1870 illae
973 1809 1009 1872 de
1037 1812 1187 1872 literatum
1215 1813 1328 1887 studiis,
1345 1811 1370 1870 de
1404 1805 1405 1866 i

170 1916 276 1995 petitia,
299 1912 336 1972 de
358 1914 502 1970 communi
518 1912 553 1969 in
571 1912 672 1991 primis
690 1911 795 1969 artium
815 1909 944 1970 vinculo.
986 1909 1043 1968 Sed
1063 1911 1099 1970 de
1113 1910 1164 1970 nis
1182 1926 1244 1971 tum
1263 1931 1370 1990 agemus,

170 2012 222 2070 uhi
240 2011 277 2070 ad
296 2011 349 2070 hoc
373 2010 466 2090 ipsum
486 2011 590 2068 artium
610 2010 762 2070 vinculum
779 2002 1005 2090 pervenerimus.
1055 2011 1139 2068 Nunc.
1155 2012 1240 2087 juvat
1259 2008 1370 2068 animad-

171 2123 298 2183 vertere,
320 2107 397 2187 quod
413 2107 503 2186 ‘huius
516 2108 684 2189 'praesertim
704 2107 761 2168 loci
778 2121 839 2180 est,
861 2119 893 2165 nt
912 2121 1093 2167 revocantur
1116 2107 1153 2166 ad
1178 2123 1295 2168 naturae
1319 2110 1371 2168 sin-

165 2208 329 2290 'plicitatem
346 2204 509 2286 eloquentia
519 2251 527 2278 ,
549 2205 609 2265 vim
627 2204 760 2264 habuisse
773 2205 929 2292 ‘mirificam
943 2187 1078 2285 dialogos
1102 2207 1238 2266 Platonis.
1279 2209 1372 2266 Dor-ue·
1403 2271 1406 2292 ἲ

171 2319 237 2366 rant
255 2304 382 2362 rhetores
399 2316 484 2361 antea
502 2317 531 2362 et
546 2301 688 2362 docebant
706 2303 835 2363 Platonis
846 2317 956 2376 ¹aetate,
970 2302 1210 2380 quemadmodum
1229 2307 1316 2365 oratio
1333 2305 1372 2362 rite
1404 2293 1406 2338 ἶ

172 2417 243 2464 esset
257 2399 439 2473 encolenda,
461 2413 492 2458 ut
512 2399 673 2474 evidentia,
691 2402 848 2475 serenate,
870 2400 1009 2481 gravitate
1025 2421 1090 2458 eum
1106 2416 1220 2482 caperet
1240 2404 1371 2463 audientes

172 2502 353 2581 legentesve,
374 2511 435 2556 tum
454 2494 563 2558 teneret
588 2519 620 2557 ac
644 2514 791 2560 moveret:
823 2500 901 2560 unde
916 2492 1025 2578 τέχναι
1053 2500 1243 2576 exstiterunt,
1266 2502 1372 2560 studiose

167 2598 351 2670 elaboratae,
372 2595 470 2674 quales
492 2583 626 2656 'lseeratis
643 2597 822 2677 aliorumque
849 2614 1042 2660 memorantur
1066 2613 1094 2656 ct
1118 2613 1272 2678 supersunt
1292 2601 1374 2659 etian-

172 2717 251 2758 nunc
270 2695 387 2754 multaer
428 2693 486 2754 Sed
497 2695 647 2770 rhetores,
669 2697 712 2756 uti
732 2698 885 2772 novimus,
902 2709 1019 2772 ortem,
1030 2699 1089 2756 fere
1108 2697 1215 2776 magis,
1234 2719 1320 2776 quam
1336 2717 1374 2753 no·

169 2807 276 2854 suram
296 2806 477 2874 spectarunt,
492 2794 645 2872 effecitque
662 2795 744 2853 omni
757 2811 832 2855 aeno
845 2795 1008 2870 rhetorica,
1029 2809 1061 2854 ut
1081 2794 1238 2868 diceretur,
1260 2792 1375 2874 quemad·

169 2893 288 2953 modun
299 2889 392 2950 'scribi
412 2903 552 2972 oporteret
561 2875 574 2948 τ’
590 2913 650 2951 non
675 2909 763 2967 uero,
785 2907 817 2952 ut
832 2895 1029 2968 scriberetur,
1042 2891 1289 2973 quemadmodum
1314 2892 1374 2970 loqui

165 2993 302 3052 solemus.
343 2991 543 3050 contemnitur
558 2987 616 3048 hoc
633 3005 819 3072 praeceptum
835 2993 874 3051 in
895 2993 964 3053 artis
986 2992 1113 3073 regulis,
1134 3004 1210 3048 certe
1238 2991 1376 3072 negligitur

170 3093 248 3165 lere,
275 3087 454 3167 utsnlgare
476 3087 672 3167 :omnibusque
697 3102 819 3165 motum,
843 3107 968 3170 neroque
988 3091 1069 3150 omni
1097 3102 1187 3150 aetate
1215 3088 1376 3168 eloquentiae

169 3187 336 3248 adhibitum
347 3199 410 3244 *estz
431 3204 487 3264 quo
505 3185 611 3245 sactum
620 3232 629 3262 ,
651 3185 869 3246 utinnumeree
880 3189 1051 3248 exstiterint
1066 3186 1227 3260 orationes,
1247 3205 1319 3266 quas
1336 3184 1377 3244 ad-

170 3289 344 3346 mirarentur
362 3283 529 3358 audientes,
550 3303 673 3365 paucae,
695 3285 800 3365 quibus
817 3300 1004 3346 moverentur
1014 3289 1101 3350 *intus
1119 3282 1312 3364 ·‘melioresque
1335 3284 1377 3342 lie
1402 3281 1403 3286 ’

172 3397 245 3446 rent.
266 3383 365 3462 ltaque
381 3383 528 3463 principes
546 3397 690 3458 crateres,
710 3384 760 3462 qui
772 3403 840 3442 enon
854 3379 913 3442 a‘rte
922 3429 931 3457 ,
952 3384 1003 3444 sed
1016 3385 1121 3446 indole
1138 3385 1239 3446 diserti
1262 3385 1377 3452 fuerunt,
1402 3405 1403 3460 3

171 3501 228 3565 quc
247 3483 334 3562 tnagis
352 3482 698 3562 naturamexprdmerent
721 3480 852 3540 dicendo
881 3495 909 3540 et
922 3481 969 3540 {sie
995 3483 1201 3563 persuaderent
1220 3481 1378 3541 lhominihus
1402 3473 1403 3488 ³

170 3581 342 3654 efficaciter,
372 3580 509 3659 tragicos,
536 3581 679 3656 comicos,
696 3581 877 3661 optimosque
906 3578 1082 3659 dialogorum
1111 3582 1261 3662 scriptores
1287 3595 1377 3640 summo

172 3681 267 3741 studio
296 3679 444 3758 legerunt:
465 3678 499 3736 in
524 3677 571 3736 lris
593 3679 705 3760 quippe
735 3679 858 3736 maxime
879 3678 1044 3738 'nattualetn
1064 3677 1209 3759 loquendi
1237 3680 1377 3745 rationem,

165 3779 317 3839 'excultam
336 3777 418 3835 illam
446 3775 562 3855 quidem
591 3788 618 3833 et
642 3776 852 3857 politam,·sed
876 3769 1042 3836 naturalem
1063 3787 1164 3836 tamen
1191 3775 1376 3856 agnoscebant.

167 3878 332 3936 Errantem
361 3873 433 3954 quid
453 3873 550 3936 valere
565 3874 791 3956 ²magis'potuit,
813 3874 886 3954 quid
912 3895 1010 3956 reama
1036 3875 1074 3934 ad
1093 3877 1154 3934 »rite
1178 3873 1377 3936 'informandam

171 3959 369 4039 liemosthenis
388 3974 546 4032 orationem
563 3973 651 4054 magis
669 3973 779 4049 valuit,
801 3989 887 4053 quam
906 3973 1090 4054 dialogorum
1116 3973 1324 4033 Platonicorum
1347 3968 1389 4026 le·¹

169 4077 253 4136 ctio?
274 4073 349 4133 Sunt
374 4070 422 4129 illi
444 4091 583 4152 prorsus,
605 4085 636 4130 ut
655 4072 734 4154 apud
759 4073 856 4154 ipsum
884 4085 942 4146 est,
964 4073 1027 4133 vivi
1053 4074 1229 4152 animarique
1257 4066 1376 4132 sermonis

171 4174 341 4236 simulacra:
368 4169 447 4228 inest
470 4171 507 4229 iis
531 4170 685 4229 familiaris
709 4170 850 4249 colloquii
881 4169 1006 4230 facilitas
1025 4185 1060 4229 ·et
1079 4171 1160 4248 quasi
1185 4169 1295 4228 candor
1312 4165 1375 4225 nati-

174 4327 425 4342 .----———-

207 4401 232 4466 1)
254 4403 330 4468 Epist.
350 4402 384 4450 od
404 4417 449 4449 me.
473 4415 498 4464 p.
518 4397 600 4450 Xler.

208 4487 233 4550 ²)
253 4488 335 4538 lnitin.
355 4502 379 4555 p.
395 4484 435 4534 77.
