2886 5118
597 289 600 298 ’
680 263 739 332 445

86 433 182 514 pbiam
198 431 284 513 justi,
315 447 346 493 ut
367 429 473 495 tradita
493 453 509 491 a
528 430 644 494 Socrme
662 451 695 493 ac
715 433 835 494 Platone
852 445 913 508 est,
938 444 1034 494 mente
1054 431 1213 516 animoque
1229 449 1319 500 totam

86 533 252 612 perceperit.
294 533 358 591 Nou
385 532 431 591 illi
461 531 627 607 homiuem,
658 532 702 590 uti
722 533 848 591 anatomi
870 551 903 590 ac
924 532 1089 613 physiologi
1110 535 1222 612 solent,
1248 550 1318 596 tan·-
1356 585 1359 591 .

84 651 167 706 quam
195 617 303 689 animal
321 629 468 710 quoddam
488 630 664 712 perfectius,
689 630 899 710 explorarunt,
927 651 1015 690 unam
1035 630 1218 692 attendentes
1236 632 1317 714 phy·

85 728 170 784 sicam
189 730 250 807 ejus
266 743 399 788 naturam
409 751 417 804 3
450 750 466 786 a
484 729 642 809 semetipsis
661 728 776 807 suisque
797 726 902 787 studiis
922 728 1105 788 naturalibus
1124 729 1210 806 boui,
1224 732 1319 808 justi,

87 827 176 884 sancti
187 871 196 900 ,
216 828 289 905 quin
301 828 388 886 etiam
399 827 624 886 immortalitatis
645 847 677 886 ac
697 840 853 907 perpetuae
873 827 1101 906 progressionis,
1121 849 1193 907 quae
1212 829 1318 888 incae-

87 925 151 981 teris
170 925 369 984 animantibus
389 924 473 984 nulla
490 938 583 1012 sunt„
598 926 675 1001 orsi,
695 945 731 984 ex
750 925 820 1005 ipsa.
832 923 959 984 hominis
977 923 1078 984 indole
1097 927 1226 1004 justitiae
1244 926 1317 986 bea-

86 1033 184 1100 taeque
203 1023 280 1083 vitae
299 1023 447 1104 principia
468 1022 627 1083 duxerunt.
670 1024 707 1083 Et
726 1023 808 1082 Plato
827 1021 965 1101 quidem,
986 1043 1060 1102 quac
1080 1025 1185 1083 nostris
1203 1039 1318 1106 tempo-

85 1119 163 1178 ribus
182 1143 260 1181 nova
280 1121 375 1181 videri
395 1121 556 1203 indagandi
575 1123 649 1183 ratio
666 1122 773 1204 possit,
793 1120 940 1179 hominem
960 1121 992 1180 in
1011 1121 1130 1182 civitate
1141 1167 1150 1197 ‚
1169 1123 1317 1184 civitatem

85 1218 114 1274 iu
144 1217 262 1278 bomine
290 1219 496 1281 consideravit.
539 1221 659 1294 Quaerit
686 1213 738 1295 ille
755 1219 898 1297 justitiam
918 1219 1077 1294 continu'o,
1098 1219 1150 1278 ubi
1171 1220 1259 1280 lateat
1279 1221 1316 1280 in

84 1316 178 1376 auimo
207 1313 352 1392 hominis,
383 1333 432 1393 ut,
462 1339 535 1399 quae
565 1321 602 1378 sit
630 1330 659 1377 et
686 1317 781 1397 qualis
809 1331 837 1376 et
866 1335 952 1394 quam
970 1317 1032 1377 vim
1052 1318 1085 1377 in
1105 1317 1193 1378 rebus
1212 1321 1319 1380 nostris

84 1427 138 1472 tam
164 1414 309 1496 publicis,
341 1437 426 1496 quam
452 1418 575 1498 privatis
594 1416 717 1491 haheat,
735 1414 885 1496 exploret:
914 1415 1009 1495 aperit
1026 1428 1123 1474 autem
1142 1416 1228 1476 nobis
1246 1437 1317 1498 per·

84 1512 184 1572 lectam
213 1513 440 1596 rempublicam,
466 1529 500 1574 ut
527 1516 583 1596 ipsi
615 1535 677 1574 eam
698 1515 731 1574 in
750 1514 804 1574 hac
823 1514 997 1594 optimorum
1012 1513 1317 1575 hominumsocietate

83 1609 304 1692 investigemus,
322 1613 431 1694 quippe
449 1634 523 1692 quae
543 1613 592 1672 hic
611 1613 747 1688 facilius,
765 1630 851 1692 quam
868 1611 901 1670 in
922 1632 981 1671 uuo
997 1611 1115 1670 homine
1135 1611 1317 1694 deprehendi

26 1737 29 1746 ·
82 1711 185 1788 possit
209 1711 433 1792 Complectiuaur
448 1712 486 1772 ita
506 1711 761 1792 disquisitionibus
778 1709 884 1769 nostris
905 1730 1049 1768 unacum
1072 1710 1315 1772 homiuisnatura
1405 1702 1408 1708 ¹

82 1796 212 1866 naturam
242 1823 386 1890 totamque
415 1809 613 1870 conditionem
642 1810 788 1872 civitatis:
817 1808 920 1869 ciuitas
941 1807 1026 1867 nohis
1047 1809 1244 1891 spectaculum
1263 1809 1316 1886 fit,

83 1904 187 1986 inquo
208 1906 354 1967 hominem
373 1921 432 1967 tam
451 1910 605 1990 optimum,
623 1927 711 1988 quam
731 1907 901 1988 pessimum,
921 1919 979 1964 tam
996 1905 1208 1982 beatissimum,
1227 1928 1315 1987 quam

82 2004 270 2065 miserrimum
299 2017 486 2088 spectemus,
509 2019 542 2066 ut
566 2005 701 2086 judicare
731 2005 817 2065 nobis
844 2001 1003 2083 aliquando
1029 2003 1065 2064 de
1095 2007 1262 2084 quaestione
1280 2005 1315 2066 li·

81 2115 157 2178 ccat,
189 2104 318 2163 omnium
348 2104 434 2162 facile
458 2106 660 2184 quaestionum
679 2103 717 2166 ad
736 2105 828 2166 vitam
848 2115 925 2162 recte
945 2101 1155 2172 instituendam
1174 2106 1314 2184 gravissi·

81 2219 137 2275 ma,
169 2221 260 2276 num,
289 2203 352 2261 sine
383 2202 570 2262 emolumenti
599 2201 691 2262 ullius
717 2201 897 2264 commodius
927 2222 997 2283 spe,
1027 2201 1065 2262 ad
1093 2203 1183 2265 vitam
1202 2203 1316 2266 beatam

75 2289 188 2376 justitia
207 2298 343 2360 sufficiat.
385 2301 447 2361 Hoc
468 2302 547 2360 enim
566 2301 690 2361 consilio
700 2347 709 2377 ,
731 2323 791 2362 non
810 2300 943 2381 fingendi
960 2298 1074 2377 studio,
1096 2314 1127 2360 ut
1145 2301 1234 2384 vulgo
1253 2303 1315 2384 opi·

81 2411 204 2472 uantur,
232 2399 387 2479 perlectam
408 2399 491 2460 illam
511 2397 720 2481 rempublicam
744 2399 833 2460 fiuxit
853 2401 943 2460 Plato.
986 2399 1069 2460 Idem
1087 2419 1157 2461 vero
1175 2399 1230 2462 has
1251 2401 1316 2462 dis-

79 2496 215 2574 quirendi
235 2497 521 2578 philosophandiquc
551 2499 663 2558 ratione
683 2495 847 2559 doctrinam
864 2519 977 2560 morum
995 2498 1077 2558 tanet
1094 2501 1229 2580 exposuit
1247 2521 1315 2562 cum

79 2595 226 2655 evidentii
253 2608 315 2654 tum
341 2595 555 2677 amplitudine,
584 2597 691 2676 quanti
719 2598 790 2657 haec
809 2599 842 2656 in
861 2597 1054 2658 recentiorum
1074 2595 1314 2678 philosophorum

79 2694 192 2774 scriptis
219 2694 271 2754 vix
300 2693 369 2753 ullis
397 2715 524 2774 unquam
551 2695 698 2776 explicata
720 2708 771 2754 est.
813 2695 940 2774 Namsut
961 2695 1109 2756 civitatem
1128 2694 1214 2754 nohis
1233 2717 1313 2776 spec·

79 2789 194 2851 tundam
223 2791 374 2874 praebuit,
392 2794 424 2854 iu
443 2815 500 2872 qua
520 2793 641 2870 virtutes
659 2788 787 2853 hominis
808 2813 909 2852 omnes
919 2777 936 2868 ,⁵
947 2779 1119 2874 sapien'tiam
1129 2837 1139 2868 ,
1165 2793 1313 2856 fortitudi·

79 2911 169 2965 uem,
188 2893 424 2972 temperantiam,
461 2892 616 2972 praecipue
646 2905 742 2950 autem
769 2891 913 2970 justitiam
941 2889 1177 2970 exploraremus,
1207 2893 1248 2952 ita
1275 2892 1313 2956 ad

77 2987 221 3049 hominem
236 2989 389 3072 deinceps,
410 2988 447 3048 ad
468 3003 578 3049 nosmet
598 2990 674 3069 ipsos
691 3003 817 3048 mentem
836 3002 962 3048 nostram
981 2988 1141 3063 convertit,
1161 2991 1242 3050 utin
1262 2990 1312 3052 ho·

78 3088 151 3146 mine
161 3133 170 3162 ,
199 3089 231 3146 in
261 3086 345 3173 nohis
364 3088 600 3168 ipsisciritatem
621 3106 775 3176 omnesque
791 3087 920 3148 ciuitatis
939 3107 1005 3146 cum
1023 3099 1118 3168 partes
1137 3100 1199 3146 tum
1218 3090 1310 3150 virtu·

77 3197 116 3242 tes
143 3185 358 3245 attenderemus
384 3205 416 3244 ac
436 3183 728 3266 deprehenderemus.
770 3186 937 3247 Aretissima
956 3185 1044 3264 igitur
1062 3183 1142 3265 apud
1161 3185 1311 3250 Platonem

77 3296 116 3341 est
137 3284 283 3362 politicus
312 3283 462 3343 doctrinae
479 3304 511 3343 ac
530 3285 656 3344 moralis
675 3284 857 3345 necessitudo
867 3309 876 3361 3
904 3283 996 3343 altera
1015 3295 1108 3342 autem
1126 3282 1210 3344 alteri
1231 3286 1310 3348 miri·

78 3379 127 3440 lice
154 3380 280 3463 prodest.
320 3383 393 3442 Nam
419 3384 620 3460 politisque
648 3383 796 3443 civitatem
816 3397 964 3462 tanquam
982 3380 1146 3443 machinam
1163 3385 1310 3462 quandam

76 3480 121 3539 rel
140 3495 307 3541 construere
326 3481 374 3542 vel
396 3482 538 3540 instruere
558 3480 691 3561 partibus
713 3479 889 3562 adaptandis
908 3494 1047 3557 conetur,
1067 3482 1197 3541 hominis
1211 3483 1311 3563 prohi-

76 3575 157 3637 betur
181 3580 213 3638 in
244 3599 276 3638 ea
302 3579 534 3639 consideratione
541 3603 549 3655 5
576 3581 703 3638 moralis
722 3592 818 3638 autem
839 3578 972 3639 doctrina
990 3578 1119 3640 civitatis
1139 3580 1171 3639 in
1191 3579 1308 3642 homine
1361 3561 1368 3578 Χ

75 3676 259 3737 considerans
284 3697 349 3736 eum
378 3689 474 3758 partes
501 3690 529 3735 et
557 3677 699 3753 virtutes,
729 3690 791 3736 tum
812 3667 995 3738 conditiones
1015 3676 1128 3752 varias,
1151 3678 1309 3757 perfectam

76 3775 196 3834 maxime
214 3789 242 3834 et
261 3777 428 3859 pessimam,
450 3774 520 3832 haec
542 3776 632 3855 igitur
652 3796 754 3855 magna
774 3789 803 3835 et
823 3775 950 3834 illustria
969 3776 1002 3834 iu
1022 3773 1139 3834 homine
1155 3775 1309 3838 attendens

58 3884 156 3951 'atque
185 3872 361 3955 explorans,
388 3872 555 3933 admirabili
582 3874 706 3954 quadam
728 3887 756 3932 et
775 3873 981 3954 perspicuitate
1000 3884 1028 3930 et
1046 3871 1250 3952 probabilitate
1270 3875 1307 3936 de

32 4037 34 4042 y
74 3969 162 4049 ipsius
181 3970 308 4032 hominis
328 3973 456 4053 perfecta
477 3971 647 4032 conditione
664 3972 885 4050 beatissimaque
906 3971 968 4031 vita
982 3967 1107 4048 judicat.

114 4069 190 4128 Haec
219 4083 312 4128 autem
342 4091 407 4128 cum
436 4072 475 4128 ita
495 4071 571 4144 sint,
600 4068 705 4129 vident
723 4069 863 4142 lectores,
892 4088 952 4128 csse
969 4067 1067 4127 denuo
1086 4067 1160 4129 hane
1180 4083 1306 4130 nostram

74 4168 314 4246 progressionem,
343 4190 408 4228 cum
435 4168 474 4228 ad
489 4169 710 4246 philosophiam
721 4174 808 4245 justi
828 4187 925 4226 sumus
945 4167 1121 4247 perrecturi,
1141 4167 1174 4226 in
1192 4169 1304 4248 sapien-

75 4262 127 4320 tiae
158 4265 254 4324 studio
282 4268 479 4347 gravissimam
510 4264 667 4346 quandam.
719 4266 791 4325 llam
813 4265 1004 4342 philosophia
1031 4265 1137 4342 pulcri
1162 4264 1200 4324 ad
1228 4278 1304 4326 recte

75 4361 264 4424 erudiendum
292 4365 441 4426 hominem
471 4365 568 4440 valet,
598 4378 629 4424 ut
659 4385 711 4450 per
729 4376 818 4424 totam
835 4361 974 4444 deinceps
994 4362 1084 4422 vitam
1102 4361 1237 4442 pulcrum
1253 4362 1304 4424 ho·

76 4480 198 4540 urumque
222 4478 430 4544 prosequatur,
462 4462 513 4525 sed
539 4463 656 4544 proprie
684 4461 723 4523 ad
747 4482 901 4543 puerorum
928 4461 1055 4543 pertinet
1075 4458 1303 4546 institutionem,
