2838 5120
641 237 701 308 293

73 416 109 468 eit
132 416 280 482 muricus,
309 409 381 466 hacc
409 415 510 478 eciat‚·
542 429 645 467 reram
664 418 801 488 quamtis
829 412 899 469 haec
929 417 978 469 tai
1004 418 1107 470 iactor
1123 420 1219 488 sciat,
1240 412 1288 470 aii

71 520 161 567 tamea
175 508 331 586 prohibet,
351 514 425 586 qaia
441 527 568 584 prorsas
587 516 630 566 eit
649 516 782 566 maricae
799 514 980 594 imperitas:
1001 503 1039 570 rei
1065 504 1123 592 γὰρ
1151 504 1209 590 apd
1231 503 1288 590 tio«

69 603 164 686 μυλίας
183 598 323 685 ἀναγκαῖα
344 597 518 686 μαῧὴμδτα
539 602 708 680 ἐπίστασαι,
729 600 791 666 aitt'
811 601 847 666 ori
867 600 905 666 eoi
926 602 1084 689 ἅρμονικιλ·
1106 635 1196 687 eam,
1213 633 1288 691 qaae

68 719 132 766 cate
149 716 295 767 metricam
314 716 480 767 occorrono
500 709 641 767 discendo
659 720 747 784 tant,
769 720 850 768 tenes
860 729 874 779 ,·
896 720 1041 773 medeam
1060 734 1119 772 aon
1137 721 1228 770 teaee.
1249 737 1284 750 -

67 809 235 868 Rectissime.
256 834 290 844 —
311 807 386 889 Ergo
409 821 437 866 et
454 805 609 888 Sophocles
629 807 734 881 illum,
755 809 805 886 qui
824 808 965 888 tragicum
993 831 1022 870 se
1050 810 1288 893 praedicaverat,

68 927 135 984 qaae
147 907 336 985 praecederat
352 916 451 964 artam
466 914 632 986 tragicam,
653 927 685 964 ea
703 919 801 965 tenere
817 903 940 982 diceret,
958 921 1117 968 nonartem
1135 909 1287 988 tragicam,
1363 941 1365 944 -

67 1020 92 1064 et
118 1009 279 1064 Acumenus
309 1024 393 1081 eum,
422 1005 472 1083 qui
499 1025 528 1063 se
557 1005 701 1065 medicum
719 1003 843 1079 tulerat,
865 1025 917 1080 ee,
938 1027 1011 1086 quae
1029 1009 1214 1086 praecedant
1235 1023 1289 1062 ar·

66 1113 120 1162 tem
147 1106 309 1178 medicam,
340 1117 457 1178 tenere,
484 1125 544 1163 non
565 1104 657 1184 ipsam
682 1112 799 1177 artem,
821 1101 942 1163 diceret.
964 1146 996 1156 -
1030 1105 1074 1165 Ite
1105 1125 1229 1187 prorsus.
1250 1141 1284 1154 -

65 1202 138 1276 Quid
165 1204 258 1262 vcro?
286 1201 465 1260 Mellifluum
493 1201 689 1260 existimemus
713 1199 868 1260 Adrastum
892 1199 921 1282 l)
952 1203 1000 1264 vel
1022 1203 1107 1262 etiem
1127 1203 1265 1262 Periclem
1277 1247 1286 1276 ,

66 1301 87 1358 si
105 1298 258 1373 audirent,
279 1319 352 1377 quaa
372 1319 451 1360 nuuc
471 1300 527 1380 ipsi
547 1300 760 1374 referebamus,
781 1299 957 1379 pulcerrima
974 1299 1127 1362 verborum
1146 1299 1288 1375 artificia,

65 1394 271 1478 βραχυλογίιλς,
293 1393 498 1478 εἰκονολογίας,
529 1412 557 1457 et
581 1417 771 1477 quaecunque
791 1396 919 1458 diximus
945 1399 978 1459 in
999 1399 1092 1459 lucem
1112 1397 1288 1481 proferenda

66 1521 118 1558 esse
136 1500 217 1560 etsie
232 1498 459 1573 consideranda,
480 1498 546 1558 illos
566 1497 655 1577 igitur
672 1510 820 1577 putemus,
841 1494 887 1554 his
906 1496 1031 1573 auditis,
1045 1493 1287 1576 quemadmodum

66 1619 126 1674 nos,
144 1619 212 1679 pree
232 1596 393 1657 rusticitate
408 1598 561 1679 asperrime
577 1596 640 1656 istis
657 1613 858 1670 succensuros,
878 1596 929 1674 qui
947 1594 1032 1671 haec,
1046 1609 1183 1674 tanquam
1198 1595 1289 1675 ipsam

66 1695 178 1757 dicendi
202 1710 311 1772 artem,
331 1697 499 1778 scripserint
516 1695 750 1772 docuerintque?
772 1696 819 1752 An
838 1712 907 1753 vero
916 1737 925 1768 ,
942 1695 1049 1776 quippe
1068 1693 1153 1754 nobis
1171 1694 1289 1773 sapien-

65 1795 161 1871 tiores,
181 1815 234 1854 nos
252 1795 470 1875 increpaturus,
492 1794 635 1854 dicentes:
657 1815 673 1851 o
692 1792 833 1849 Phaedre
852 1801 882 1849 et
904 1785 1064 1868 Socrates,
1086 1813 1144 1852 aaa
1164 1812 1288 1850 saccen-

66 1895 181 1951 eeadam
207 1903 272 1968 eet,
298 1895 348 1951 aed
377 1893 609 1974 ignoscetedum,
630 1897 658 1948 ei
678 1897 750 1968 qai,
770 1891 940 1949 disserendi
953 1892 1114 1967 facultate
1131 1890 1289 1964 destituti,

65 1993 203 2068 definire,
232 1993 308 2070 qaid
334 1993 486 2050 rhetorica
515 1998 576 2064 eit,
604 2009 661 2047 aaa
688 1996 865 2065 potuerint:
892 1989 1289 2067 temperamentum,

66 2112 162 2167 qaae
188 2099 441 2149 orticariam
465 2087 669 2147 discendo
697 2097 819 2162 eant,
840 2097 997 2162 tenerent,
1025 2090 1289 2146 rhetoricam

66 2211 96 2247 ec
108 2198 256 2248 inveniere
274 2195 391 2267 epieteti
409 2199 501 2258 caan
521 2190 656 2246 docentes
676 2196 778 2244 autem
796 2187 915 2261 haecce,
933 2189 1104 2265 perfectum
1121 2193 1155 2243 in
1162 2185 1289 2243 modam

66 2307 82 2342 a
101 2308 128 2345 ee
144 2291 230 2347 tradi
248 2288 368 2345 dicendi
386 2297 484 2354 ortem
500 2293 739 2345 emetimaraat:
761 2295 914 2342 caeteram
932 2288 1087 2362 disponere
1107 2285 1147 2342 od
1164 2303 1288 2360 perena·
1353 2345 1359 2356 ⁸

66 2393 167 2444 aierem
193 2386 320 2466 singulo
337 2386 394 2448 elta
404 2429 413 2460 ,
434 2394 585 2463 totamque
603 2392 768 2443 orationem
786 2393 959 2459 conterere,
980 2391 1068 2462 quati
1083 2391 1117 2440 itt
1137 2384 1186 2442 irie
1202 2401 1290 2460 prae·

66 2495 171 2560 reptare
199 2505 273 2562 opas
302 2506 360 2542 aaa
386 2491 447 2559 eit,
477 2485 511 2542 id
529 2494 668 2561 oportere
685 2491 870 2542 coercuerant
889 2478 1058 2561 'discipulos
1077 2504 1144 2542 taos
1160 2485 1289 2560 propria

67 2584 212 2641 iedoetriet
234 2594 445 2659 amparare.»
470 2579 502 2662 2)

103 2679 154 2740 Sed
173 2681 256 2741 Plato
277 2694 388 2740 utnon
408 2681 508 2760 rejecit
527 2693 664 2758 tanquam
687 2678 829 2754 inutilia,
859 2698 932 2756 quae
958 2677 996 2737 ad
1025 2692 1102 2738 recte
1132 2678 1300 2738 informan-v

72 2773 298 2840 demorationem
317 2781 555 2860 praecipiuntur,
577 2779 617 2836 ita
648 2776 820 2858 rhetpricem
845 2774 892 2835 his
915 2775 1025 2835 artibus
1053 2776 1138 2858 longe
1153 2776 1290 2858 'superio-

70 2895 137 2953 rem,
162 2880 221 2937 imo
242 2899 310 2940 vero
330 2877 509 2958 jungendam
528 2897 594 2936 cum
611 2876 797 2954 philosophia
818 2873 915 2933 duxit.
965 2875 1056 2950 Nam,
1078 2889 1227 2956 postquam
1247 2875 1288 2932 sic

68 2973 128 3034 fecit
144 2976 290 3036 Socratem
311 2976 347 3036 de
367 2976 502 3057 sophistis
522 2989 550 3034 et
569 2973 732 3035 rhetoribus
758 2972 921 3048 dicentem,
942 2972 1090 3032 Phaedrus
1116 2971 1195 3053 apud
1224 2991 1288 3030 cunr

68 3071 196 3156 deinceps
230 3075 321 3134 «talis
348 3095 436 3149 sene,
466 3073 650 3148 oSocrates,
672 3074 731 3146 ait,
761 3093 806 3130 ars
834 3070 887 3129 illa
913 3069 1030 3132 ridetur
1055 3091 1132 3145 esse,
1151 3091 1238 3166 quam
1256 3069 1289 3129 bi

67 3173 175 3249 quidem
194 3175 253 3237 viri
275 3187 307 3232 ut
323 3173 494 3234 rhetoricam
512 3170 645 3231 docendo
664 3168 875 3247 scribendoque
895 3182 1041 3245 tractant,
1061 3168 1190 3248 mihique
1209 3167 1290 3230 vide·

67 3270 102 3328 ris
119 3293 184 3331 vere
204 3271 334 3348 dixissc3
358 3292 458 3332 verum
480 3273 562 3350 ejus,
582 3271 632 3350 qui
658 3290 756 3350 reapse
773 3281 800 3326 et
821 3266 941 3328 dicendi
970 3281 998 3326 et
1025 3267 1218 3350 persuadendi
1247 3269 1290 3327 fa·

67 3369 195 3430 cultatem
217 3384 315 3446 tenet,
336 3383 443 3445 artem,
464 3391 521 3449 quo
541 3368 660 3429 tandem
679 3368 744 3449 quis
771 3367 855 3436 modo
883 3379 912 3425 et
938 3365 1016 3427 unde
1036 3366 1092 3426 sibi
1121 3369 1289 3448 comparet?

67 3465 119 3526 fltc
138 3468 283 3529 Socrates:
304 3461 339 3530 td
359 3463 416 3547 μὲν
437 3461 601 3541 δύνασθαι,
625 3457 652 3528 ὦ
679 3463 811 3547 Φαῖδρε,
838 3455 913 3525 aiore
941 3458 1105 3546 σλχωνιστὴν
1125 3457 1222 3526 τέλεον
1242 3487 1291 3546 ye-

67 3558 182 3643 re'otae,
208 3562 297 3644 ελκός,
327 3565 399 3644 ἴσως
425 3565 461 3630 δὲ
485 3567 534 3630 καλ
559 3563 727 3650 ἀναγκαῖον,
755 3561 834 3647 ἔχειν
859 3560 957 3650 ὥσπερ
984 3561 1089 3630 τᾶλλα·
1113 3565 1140 3627 ei
1165 3561 1221 3645 μὲν
1247 3564 1294 3633 σοι

68 3659 187 3750 ὑπάρχει
214 3653 321 3753 quidet
347 3669 495 3758 ῥητορικῷ
515 3665 603 3746 εἶναι,
625 3665 683 3733 ἔσει
704 3665 805 3754 ῥήτωρ
828 3662 994 3752 ἐλλόγιμος,
1016 3661 1192 3752 προσλαβών
1216 3667 1292 3729 ἒπε-

69 3763 202 3854 στὴμην
226 3797 258 3834 τε
285 3773 334 3835 καὶ
359 3769 531 3858 μελέτην·
558 3766 629 3834 ὅτου
656 3769 684 3834 δ’
711 3767 748 3834 iio
774 3769 896 3859 ἒλλλπῃς
920 3765 1048 3846 τούτων,
1069 3764 1164 3857 ταύτῃ
1186 3765 1292 3853 ἀτελής

71 3864 134 3932 ἔσει·
157 3886 192 3933 ut
222 3885 290 3956 quie
314 3886 430 3957 poscit,
459 3901 485 3976 o⁸
504 3878 662 3952 Phaedre,
682 3885 716 3934 ia
737 3877 789 3935 boc
809 3877 927 3934 dicendi
947 3882 1113 3934 certamine
1129 3885 1292 3952 praestaro

72 3993 102 4032 oc
124 3980 292 4052 perfectam
323 3999 352 4036 se
382 3986 562 4036 certatorem
583 3978 728 4053 probare,
749 3976 914 4034 verisimile
933 3985 977 4034 eet
994 3983 1024 4032 ct
1039 3976 1176 4049 sortaeee
1198 3980 1291 4032 etiam

73 4083 285 4149 neceesarium,
311 4082 373 4150 ric,
394 4086 431 4133 at
448 4081 483 4134 ia
501 4083 651 4150 coeteris,
669 4096 734 4134 rem
751 4097 782 4134 ee
802 4075 928 4134 habore:
944 4079 987 4132 ci
1007 4096 1027 4138 a
1047 4083 1205 4132 notare
1233 4091 1288 4130 aa·

104 4282 127 4348 1)
145 4286 375 4354 Antiphontem
400 4284 626 4336 Rhamnusium
655 4285 795 4354 siguificat,
818 4292 847 4335 ut
870 4292 942 4336 recte
967 4283 1032 4336 vidit
1061 4279 1157 4334 Aetius.
1176 4277 1285 4330 Vidde

76 4383 104 4418 eo
118 4369 214 4422 fluunt.
233 4374 323 4442 opusc.
339 4372 357 4424 Ι.
378 4371 435 4424 tte.

104 4451 250 4514 ²i1'taedr.
268 4458 328 4511 267.
350 4458 378 4510 E.
390 4485 425 4496 --
442 4456 503 4509 269.
524 4455 552 4508 G.
