2838 5120
699 362 709 385 Ι
727 277 787 337 me

145 455 293 528 postquam
310 448 369 507 sais
386 444 493 524 aliquis
510 440 721 524 hypothesibus
737 439 963 532 disputationem
982 439 1199 514 inaedificavit,
1219 435 1282 498 aliis
1296 436 1352 498 licet

145 549 316 614 contrariam
335 559 470 627 quaerere
485 543 523 603 de
537 540 635 600 eodem
651 553 818 620 argumento
834 540 1006 599 sententiam
1022 517 1186 602 uniuersam
1202 557 1260 597 non
1273 537 1353 594 minus

146 647 349 720 verisimilem,
371 661 407 702 ex
426 659 514 720 eaque
533 639 706 699 contrariam
727 636 840 696 efficere
860 637 1085 698 conclusionem.
1126 637 1187 696 Hac
1206 633 1353 716 usurpanda

146 747 297 808 dialectica
319 731 445 816 ratione,
468 739 610 819 siquidem
621 736 795 818 hypotheses
805 735 988 817 proarbitrio
1005 735 1189 818 ponebantur
1206 735 1278 806 iere,
1291 731 1354 811 quod

147 867 245 912 uerum
264 856 336 903 esset
347 888 355 917 ,
385 837 617 899 abscondebatur
644 837 732 914 magis
750 853 835 922 quam
855 831 1027 916 patefiebat,
1046 833 1171 915 suscepit
1190 846 1281 892 autem
1299 830 1355 889 inde

145 945 327 1031 philosophia
356 955 497 1000 summum
514 933 702 1016 prudentium
720 934 871 994 bominum
889 945 1073 992 contemtum.
1114 933 1290 1010 Quamquam
1309 948 1355 986 nun

145 1044 332 1107 diffitendum
351 1052 407 1111 cst,
428 1034 550 1095 eandem
569 1033 735 1093 methodum
753 1032 791 1091 ad
804 1047 893 1092 artem
909 1031 1099 1091 cremendam
1114 1029 1235 1091 dicendi
1251 1027 1357 1088 valuisse

145 1145 312 1227 plurimum.
353 1139 425 1198 Nam
445 1135 528 1195 dedit
553 1133 799 1213 opportunitatem
829 1131 1050 1208 facultatemque
1071 1129 1154 1187 auxit
1175 1127 1207 1188 in
1227 1140 1357 1202 utramque

145 1255 255 1326 partem
282 1238 319 1297 de
345 1235 445 1296 eodem
473 1243 641 1312 argumento
668 1229 859 1310 disputandi:
891 1229 970 1289 unde
989 1227 1200 1309 disputationes
1221 1235 1356 1284 manarunt

146 1339 354 1423 copiosissimae
379 1332 662 1414 elegantissimqeque
691 1329 929 1410 philosophorum
943 1322 945 1328 ’
957 1341 1104 1408 veterum,
1125 1326 1157 1384 in
1183 1323 1284 1406 primis
1304 1324 1355 1380 lca·

145 1439 337 1500 demicorum:
369 1433 460 1514 ipsius
489 1429 639 1488 fluxerunt
667 1429 814 1488 Ciceronis
845 1428 987 1488 orationes
1011 1425 1166 1507 palmariae
1188 1425 1218 1482 in
1244 1421 1356 1502 disputa-

145 1538 274 1608 tionibus
303 1530 501 1612 Academicis,
530 1526 567 1587 de
586 1525 696 1586 tinibus
707 1571 715 1602 ,
737 1524 773 1584 de
796 1540 898 1585 natura
919 1525 1064 1598 Deorum,
1085 1523 1170 1597 aliis,
1191 1520 1254 1580 illis
1274 1521 1296 1578 si
1313 1537 1359 1576 nou

146 1657 228 1720 pares
265 1647 340 1694 certe
368 1628 552 1700 simillimae,
573 1646 643 1705 quas
666 1625 698 1683 in
727 1623 852 1698 Senatu,
883 1624 921 1683 ad
948 1623 1095 1698 Quirites,
1126 1640 1178 1703 pru
1206 1618 1320 1690 rostris,
1336 1616 1359 1672 ir

148 1739 210 1818 ipse
230 1730 409 1812 eloquentiae
434 1744 545 1806 regno,
576 1722 689 1782 habuit.
732 1723 769 1782 Et
789 1722 837 1781 htc
857 1722 942 1782 nobis
959 1735 1038 1802 patet
1057 1719 1183 1780 maxime
1200 1717 1362 1778 dialecticus

148 1832 226 1918 apud
255 1845 364 1891 veteres
393 1841 421 1887 et
447 1827 631 1904 eloquentiae
656 1821 841 1900 conjunctio:
874 1839 995 1900 quarum
1023 1821 1127 1880 attium
1151 1817 1272 1878 alteram
1300 1811 1361 1872 dixit

148 1931 313 1996 urinatores·
342 1927 425 1987 alten'
455 1943 513 1982 csse
545 1917 751 2000 ἀντίστροφον.
806 1919 997 1979 Adhibebant
1023 1931 1148 1978 oratores
1176 1913 1361 1981 dialecticam,

46 2039 51 2048 ’
148 2053 204 2114 quo
221 2030 310 2109 magis
329 2025 501 2086 sententiam
519 2043 598 2083 suam
616 2022 731 2082 civibus
750 2017 974 2102 persuaderent:
997 2014 1163 2098 philosophi
1183 2025 1293 2086 autem,
1311 2025 1361 2068 cun

149 2130 227 2192 nihil
245 2130 277 2186 in
297 2122 464 2213 civitatibus
482 2122 543 2182 illis
561 2119 725 2202 eloquentia
744 2118 900 2178 haberetur
917 2117 1009 2194 majtm
1024 2129 1052 2174 et
1066 2111 1225 2187 illustrius,
1241 2110 1361 2190 adjurare

149 2243 273 2292 oratores
288 2222 473 2320 studebant,
505 2233 537 2278 ut
565 2221 596 2277 in
615 2231 712 2277 tantae
731 2215 1019 2296 gloriaesocictatem
1037 2212 1226 2294 peruenirent
1244 2207 1362 2289 qupdam·

150 2328 253 2401 modo,
284 2322 396 2410 stipsi
423 2317 577 2378 scribendo
611 2314 794 2394 dicendoque
822 2327 887 2373 cum
916 2311 978 2372 illis
1007 2311 1044 2372 de
1073 2307 1256 2388 eloquentiae
1284 2305 1362 2387 palma

151 2422 366 2488 concertabant.
415 2418 614 2504 Veruntamen
648 2414 757 2472 factum
786 2413 824 2472 ita
855 2410 941 2470 simul
968 2423 1023 2485 est,
1053 2423 1085 2468 ut
1114 2419 1195 2468 tanto
1226 2402 1363 2488 splendore

91 2553 93 2566 ·
150 2527 295 2587 elucentes
314 2521 368 2579 hae
386 2529 460 2577 artes
476 2515 665 2605 qbseurarcnt
685 2510 772 2592 plane
791 2511 951 2592 simplicem
968 2509 1098 2569 ueritatis
1113 2503 1364 2584 investigationem:

150 2627 220 2686 haec
247 2621 458 2701 negligeretur,
489 2612 541 2672 illa
569 2630 637 2672 vero
666 2611 728 2669 istis
748 2609 936 2670 adhiberetur
953 2607 1127 2688 argumentis
1147 2605 1287 2676 maxime,
1306 2617 1364 2678 quae

153 2725 276 2785 maxime
306 2717 421 2780 veritati
453 2723 655 2794 repugnarent.
698 2710 738 2769 Ea
769 2710 846 2769 enim
876 2705 1041 2781 dialectici,
1063 2725 1095 2764 ea
1124 2701 1246 2762 cratoris
1274 2711 1363 2760 summa

82 2837 86 2844 “
153 2826 215 2884 laus
242 2818 423 2889 habebatur,
460 2813 502 2886 si,
534 2831 606 2890 quac
637 2818 730 2867 essent
756 2809 844 2881 falsa,
874 2807 944 2866 haec
969 2802 1095 2864 dicendo
1115 2799 1244 2860 efficeret
1263 2811 1294 2857 ut
1312 2813 1364 2855 vcra

153 2922 332 2984 viderentur.

165 3101 168 3108 ῃ
192 3023 236 3080 lta
264 3029 324 3076 erat
343 3007 504 3073 Aristotelis
527 2998 727 3086 συλλογιστικὴ
749 3003 903 3076 methodo,
924 2999 1047 3062 consilio
1058 3045 1066 3074 ,
1085 2997 1119 3056 in
1139 2995 1241 3078 primis
1269 2988 1362 3052 effectui

153 3120 313 3182 Socraticae
335 3107 490 3190 ἐπαγωγῆς
511 3128 648 3191 perquam
678 3105 837 3167 dissimilis.
878 3099 964 3176 Quod
990 3099 1085 3179 ipsum
1106 3094 1292 3156 Aristotelem
1319 3108 1363 3147 non

154 3220 247 3280 latuit.
289 3217 353 3276 Duo
381 3225 467 3286 sunt,
498 3211 556 3284 ait,
588 3204 773 3266 deodatensis
787 3196 897 3283 ’λόγων
919 3219 1040 3280 genera,
1063 3187 1204 3274 ἐπαγωγή
1228 3204 1256 3253 et
1278 3185 1364 3250 uene

153 3310 274 3400 γισμός·
301 3316 354 3377 illa
381 3304 442 3371 cinti
469 3308 530 3370 τῶν
557 3303 728 3371 enititum
755 3303 806 3368 ἐπὶ
827 3299 864 3365 eci
886 3293 1029 3363 nuenton
1042 3297 1191 3379 procedit,
1213 3310 1309 3374 estque
1328 3311 1365 3346 m-

155 3411 327 3499 θανώτερα,
354 3412 402 3476 καὶ
428 3406 611 3493 σαφέστερα,
639 3408 688 3472 καὶ
716 3403 790 3472 nutri
817 3401 872 3490 τήν
904 3397 1047 3481 αἴσθησιν
1075 3387 1303 3479 γνωριμωτέρα,
1328 3385 1365 3450 aui

154 3525 215 3596 τοῖς
245 3518 361 3592 πολλοῖς
390 3509 484 3596 κοινή·
522 3503 718 3595 συλλογισμδς·
747 3537 815 3576 vero
844 3499 1067 3589 βιαστικώτερος
1095 3497 1143 3561 καὶ
1175 3491 1267 3578 πριίς
1298 3487 1365 3563 τούς

154 3614 401 3702 α’ντιλογικοῦς
429 3610 691 3698 ἒνεργὲστερος.
716 3611 746 3695 1)
786 3615 896 3693 Operae
915 3622 1009 3668 autem
1036 3604 1159 3686 pretium
1189 3614 1231 3658 est
1252 3593 1365 3658 animad-

155 3741 285 3800 vertere,
316 3722 432 3782 rediisse
463 3722 502 3779 ita
530 3732 594 3800 post
617 3715 798 3778 ilristotclem
819 3708 1000 3770 dialecticam
1020 3703 1057 3762 ad
1075 3697 1269 3772 incunabula,
1291 3707 1320 3754 ut
1335 3694 1365 3751 iu

156 3825 270 3899 dicam,
299 3843 358 3882 sua.
400 3821 473 3879 Nam
504 3831 536 3876 ut
562 3831 628 3877 ante
657 3816 801 3875 Socratem
828 3807 970 3886 hujusque
999 3815 1089 3862 aetate
1119 3797 1151 3857 in
1171 3797 1285 3856 eristica
1304 3803 1365 3852 secta

157 3925 290 3986 inanium
310 3918 404 3980 lucrat
425 3917 644 3977 contentionum
662 3913 769 3995 plena,
792 3921 879 3985 utque
898 3899 1029 3962 adbibita
1048 3919 1063 3956 a
1082 3896 1216 3978 sophistis
1232 3895 1321 3953 fuerat
1336 3881 1364 3946 ad

155 4022 368 4103 eloquentiam,
399 4015 521 4076 maxime
553 4013 590 4073 ad
619 4017 751 4072 caussam*
774 4007 941 4069 inseiiorem
970 3996 1096 4060 dicendo
1123 3993 1296 4075 superiorem
1314 3981 1364 4046 red·

140 4121 282 4183 dandam
292 4167 300 4196 ,
329 4140 381 4200 par
399 4113 496 4176 denuo
515 4114 575 4192 ejus
593 4134 661 4171 usus
679 4106 757 4192 apud
777 4097 961 4166 Academicos
971 4145 979 4173 ,
1000 4097 1127 4168 Stoicos,
1147 4091 1302 4174 Epicureos
1318 4099 1364 4176 esti

156 4222 260 4302 caepit.
302 4213 525 4278 Contendebant
552 4211 647 4270 denuo
676 4199 879 4270 Alexandrina
909 4211 999 4258 aetate
1026 4188 1191 4277 philosophi
1220 4189 1255 4249 de
1283 4178 1364 4246 verbis

93 4309 95 4314 ⁵
157 4322 247 4400 magis
276 4337 362 4398 quam
389 4311 424 4371 de
444 4309 547 4384 rebus,
569 4323 596 4368 ct
615 4308 697 4366 abusi
717 4319 784 4366 sunt
804 4301 911 4384 pariter
931 4294 1105 4375 eloquentie.
1147 4289 1255 4349 Pariter
1274 4285 1363 4344 Romae

156 4451 411 4468 —....-.-...-

187 4510 211 4581 r)
235 4512 287 4578 rap.
307 4510 325 4559 1.
345 4507 385 4558 ιο.
406 4523 430 4572 p.
450 4503 509 4554 ast.
