<?xml version="1.0" encoding="UTF-8"?>
<!DOCTYPE html PUBLIC "-//W3C//DTD XHTML 1.0 Transitional//EN"
    "http://www.w3.org/TR/xhtml1/DTD/xhtml1-transitional.dtd">
<html xmlns="http://www.w3.org/1999/xhtml" xml:lang="en" lang="en">
 <head>
  <title>
</title>
<meta http-equiv="Content-Type" content="text/html;charset=utf-8" />
  <meta name='ocr-system' content='tesseract 3.04.00' />
  <meta name='ocr-capabilities' content='ocr_page ocr_carea ocr_par ocr_line ocrx_word'/>
</head>
<body>
  <div class='ocr_page' id='page_1' title='image "./initiaphilosoph02heusgoog_0482.png"; bbox 0 0 2886 5118; ppageno 0'>
   <div class='ocr_carea' id='block_1_1' title="bbox 664 281 722 342">
    <p class='ocr_par' dir='ltr' id='par_1_1' title="bbox 664 281 722 342">
     <span class='ocr_line' id='line_1_1' title="bbox 664 281 722 342; baseline -0.069 0"><span class='ocrx_word' id='word_1_1' title='bbox 664 281 722 342; x_wconf 79' lang='lat' dir='ltr'><strong>tm</strong></span> 
     </span>
    </p>
   </div>
   <div class='ocr_carea' id='block_1_2' title="bbox 7 428 1372 734">
    <p class='ocr_par' dir='ltr' id='par_1_2' title="bbox 7 428 1372 734">
     <span class='ocr_line' id='line_1_2' title="bbox 80 428 1309 522; baseline -0.002 -18"><span class='ocrx_word' id='word_1_2' title='bbox 80 458 223 518; x_wconf 64' lang='lat' dir='ltr'><strong>verreret,</strong></span> <span class='ocrx_word' id='word_1_3' title='bbox 244 465 260 504; x_wconf 89' lang='lat' dir='ltr'><strong>a</strong></span> <span class='ocrx_word' id='word_1_4' title='bbox 280 441 363 504; x_wconf 87' lang='lat' dir='ltr'><strong>nullo</strong></span> <span class='ocrx_word' id='word_1_5' title='bbox 383 428 556 516; x_wconf 71' lang='lat' dir='ltr'><strong>videbatur,</strong></span> <span class='ocrx_word' id='word_1_6' title='bbox 578 443 639 522; x_wconf 90' lang='lat' dir='ltr'><strong>ipse</strong></span> <span class='ocrx_word' id='word_1_7' title='bbox 659 456 754 502; x_wconf 87' lang='lat' dir='ltr'><strong>autern</strong></span> <span class='ocrx_word' id='word_1_8' title='bbox 778 441 873 500; x_wconf 89' lang='lat' dir='ltr'><strong>omnia</strong></span> <span class='ocrx_word' id='word_1_9' title='bbox 894 439 1031 502; x_wconf 87' lang='lat' dir='ltr'><strong>videbat:</strong></span> <span class='ocrx_word' id='word_1_10' title='bbox 1054 442 1131 502; x_wconf 86' lang='lat' dir='ltr'><strong>idem</strong></span> <span class='ocrx_word' id='word_1_11' title='bbox 1152 463 1250 504; x_wconf 89' lang='lat' dir='ltr'><strong>rursus</strong></span> <span class='ocrx_word' id='word_1_12' title='bbox 1269 443 1309 502; x_wconf 83' lang='lat' dir='ltr'><strong>vi·</strong></span> 
     </span>
     <span class='ocr_line' id='line_1_3' title="bbox 79 520 1372 622; baseline -0.003 -18"><span class='ocrx_word' id='word_1_13' title='bbox 79 543 219 616; x_wconf 85' lang='lat' dir='ltr'><strong>debatur,</strong></span> <span class='ocrx_word' id='word_1_14' title='bbox 251 543 300 609; x_wconf 87' lang='lat' dir='ltr'><strong>ubi</strong></span> <span class='ocrx_word' id='word_1_15' title='bbox 331 543 363 600; x_wconf 87' lang='lat' dir='ltr'><strong>in</strong></span> <span class='ocrx_word' id='word_1_16' title='bbox 391 541 487 600; x_wconf 84' lang='lat' dir='ltr'><strong>locum</strong></span> <span class='ocrx_word' id='word_1_17' title='bbox 502 520 658 599; x_wconf 82' lang='lat' dir='ltr'><strong>-auuulitm</strong></span> <span class='ocrx_word' id='word_1_18' title='bbox 685 541 851 600; x_wconf 83' lang='lat' dir='ltr'><strong>inverterat.</strong></span> <span class='ocrx_word' id='word_1_19' title='bbox 894 539 994 620; x_wconf 90' lang='lat' dir='ltr'><strong>ltaque</strong></span> <span class='ocrx_word' id='word_1_20' title='bbox 1021 541 1075 600; x_wconf 87' lang='lat' dir='ltr'><strong>hac</strong></span> <span class='ocrx_word' id='word_1_21' title='bbox 1093 543 1310 622; x_wconf 82' lang='lat' dir='ltr'><strong>opportuni·ate</strong></span> <span class='ocrx_word' id='word_1_22' title='bbox 1363 568 1372 582; x_wconf 82' lang='lat'><em>·</em></span> 
     </span>
     <span class='ocr_line' id='line_1_4' title="bbox 7 637 1310 734; baseline -0.002 -34"><span class='ocrx_word' id='word_1_23' title='bbox 7 715 9 734; x_wconf 35' lang='grc' dir='ltr'>ί</span> <span class='ocrx_word' id='word_1_24' title='bbox 78 641 181 700; x_wconf 86' lang='lat' dir='ltr'><strong>annuli</strong></span> <span class='ocrx_word' id='word_1_25' title='bbox 201 661 287 714; x_wconf 90' lang='lat' dir='ltr'><strong>usus,</strong></span> <span class='ocrx_word' id='word_1_26' title='bbox 314 641 430 720; x_wconf 83' lang='lat' dir='ltr'><strong>reginae</strong></span> <span class='ocrx_word' id='word_1_27' title='bbox 447 653 578 720; x_wconf 79' lang='lat' dir='ltr'><strong>stuprum</strong></span> <span class='ocrx_word' id='word_1_28' title='bbox 601 639 722 712; x_wconf 88' lang='lat' dir='ltr'><strong>intulit,</strong></span> <span class='ocrx_word' id='word_1_29' title='bbox 751 659 839 718; x_wconf 91' lang='lat' dir='ltr'><strong>eaque</strong></span> <span class='ocrx_word' id='word_1_30' title='bbox 867 637 1009 716; x_wconf 85' lang='lat' dir='ltr'><strong>adjutrice</strong></span> <span class='ocrx_word' id='word_1_31' title='bbox 1036 644 1140 718; x_wconf 88' lang='lat' dir='ltr'><strong>regem&#39;</strong></span> <span class='ocrx_word' id='word_1_32' title='bbox 1159 638 1310 700; x_wconf 91' lang='lat' dir='ltr'><strong>dominum</strong></span> 
     </span>
    </p>
   </div>
   <div class='ocr_carea' id='block_1_3' title="bbox 75 736 1362 4542">
    <p class='ocr_par' dir='ltr' id='par_1_3' title="bbox 75 736 1362 4542">
     <span class='ocr_line' id='line_1_5' title="bbox 78 736 1324 817; baseline -0.003 -20"><span class='ocrx_word' id='word_1_33' title='bbox 78 740 241 814; x_wconf 73' lang='lat' dir='ltr'><strong>interemit,</strong></span> <span class='ocrx_word' id='word_1_34' title='bbox 259 738 451 817; x_wconf 75' lang='lat' dir='ltr'><strong>sustulitque,</strong></span> <span class='ocrx_word' id='word_1_35' title='bbox 471 758 542 817; x_wconf 91' lang='lat' dir='ltr'><strong>quos</strong></span> <span class='ocrx_word' id='word_1_36' title='bbox 561 736 673 796; x_wconf 88' lang='lat' dir='ltr'><strong>obstare</strong></span> <span class='ocrx_word' id='word_1_37' title='bbox 692 737 906 796; x_wconf 78' lang='lat' dir='ltr'><strong>arbitrabatur:</strong></span> <span class='ocrx_word' id='word_1_38' title='bbox 933 737 1035 794; x_wconf 90' lang='lat' dir='ltr'><strong>necin</strong></span> <span class='ocrx_word' id='word_1_39' title='bbox 1063 736 1108 796; x_wconf 92' lang='lat' dir='ltr'><strong>his</strong></span> <span class='ocrx_word' id='word_1_40' title='bbox 1135 759 1200 796; x_wconf 90' lang='lat' dir='ltr'><strong>eum</strong></span> <span class='ocrx_word' id='word_1_41' title='bbox 1228 739 1324 817; x_wconf 90' lang='lat' dir='ltr'><strong>quis-.</strong></span> 
     </span>
     <span class='ocr_line' id='line_1_6' title="bbox 76 833 1310 920; baseline 0 -26"><span class='ocrx_word' id='word_1_42' title='bbox 76 857 160 916; x_wconf 87' lang='lat' dir='ltr'><strong>quam</strong></span> <span class='ocrx_word' id='word_1_43' title='bbox 187 836 369 920; x_wconf 63' lang='lat' dir='ltr'><strong>facinoribus</strong></span> <span class='ocrx_word' id='word_1_44' title='bbox 386 836 481 916; x_wconf 87' lang='lat' dir='ltr'><strong>potuit</strong></span> <span class='ocrx_word' id='word_1_45' title='bbox 499 833 618 894; x_wconf 86' lang='lat' dir='ltr'><strong>videre:</strong></span> <span class='ocrx_word' id='word_1_46' title='bbox 635 835 675 896; x_wconf 86' lang='lat' dir='ltr'><strong>sie</strong></span> <span class='ocrx_word' id='word_1_47' title='bbox 694 849 813 915; x_wconf 87' lang='lat' dir='ltr'><strong>repente</strong></span> <span class='ocrx_word' id='word_1_48' title='bbox 833 833 938 894; x_wconf 88' lang='lat' dir='ltr'><strong>annuli</strong></span> <span class='ocrx_word' id='word_1_49' title='bbox 954 833 1099 894; x_wconf 85' lang='lat' dir='ltr'><strong>beneficio</strong></span> <span class='ocrx_word' id='word_1_50' title='bbox 1120 853 1173 894; x_wconf 81' lang='lat' dir='ltr'><strong>rex</strong></span> <span class='ocrx_word' id='word_1_51' title='bbox 1192 849 1310 901; x_wconf 82' lang='lat' dir='ltr'><strong>exortus</strong></span> 
     </span>
     <span class='ocr_line' id='line_1_7' title="bbox 77 916 1309 1016; baseline -0.002 -22"><span class='ocrx_word' id='word_1_52' title='bbox 77 949 117 994; x_wconf 87' lang='lat' dir='ltr'><strong>est</strong></span> <span class='ocrx_word' id='word_1_53' title='bbox 136 935 258 1016; x_wconf 86' lang='lat' dir='ltr'><strong>Lydiae.</strong></span> <span class='ocrx_word' id='word_1_54' title='bbox 300 933 330 992; x_wconf 89' lang='lat' dir='ltr'><strong>Si</strong></span> <span class='ocrx_word' id='word_1_55' title='bbox 346 919 439 1014; x_wconf 76' lang='lat' dir='ltr'><strong>⁸igitur</strong></span> <span class='ocrx_word' id='word_1_56' title='bbox 456 932 515 992; x_wconf 90' lang='lat' dir='ltr'><strong>duo</strong></span> <span class='ocrx_word' id='word_1_57' title='bbox 528 916 607 992; x_wconf 44' lang='lat' dir='ltr'><strong>&#39;tales</strong></span> <span class='ocrx_word' id='word_1_58' title='bbox 626 933 731 992; x_wconf 89' lang='lat' dir='ltr'><strong>annuli</strong></span> <span class='ocrx_word' id='word_1_59' title='bbox 751 947 862 1006; x_wconf 89' lang='lat' dir='ltr'><strong>essent,</strong></span> <span class='ocrx_word' id='word_1_60' title='bbox 882 931 1061 1012; x_wconf 87' lang='lat' dir='ltr'><strong>alterumque</strong></span> <span class='ocrx_word' id='word_1_61' title='bbox 1077 934 1192 1010; x_wconf 84' lang='lat' dir='ltr'><strong>justus,</strong></span> <span class='ocrx_word' id='word_1_62' title='bbox 1216 933 1309 1011; x_wconf 84' lang='lat' dir='ltr'><strong>injus·</strong></span> 
     </span>
     <span class='ocr_line' id='line_1_8' title="bbox 76 1029 1310 1114; baseline -0.001 -23"><span class='ocrx_word' id='word_1_63' title='bbox 76 1045 121 1091; x_wconf 87' lang='lat' dir='ltr'><strong>tus</strong></span> <span class='ocrx_word' id='word_1_64' title='bbox 138 1032 262 1091; x_wconf 85' lang='lat' dir='ltr'><strong>alterum</strong></span> <span class='ocrx_word' id='word_1_65' title='bbox 281 1030 441 1114; x_wconf 85' lang='lat' dir='ltr'><strong>possideret</strong></span> <span class='ocrx_word' id='word_1_66' title='bbox 459 1050 492 1090; x_wconf 91' lang='lat' dir='ltr'><strong>ac</strong></span> <span class='ocrx_word' id='word_1_67' title='bbox 515 1030 620 1104; x_wconf 85' lang='lat' dir='ltr'><strong>ferret,</strong></span> <span class='ocrx_word' id='word_1_68' title='bbox 640 1029 742 1090; x_wconf 90' lang='lat' dir='ltr'><strong>nullus</strong></span> <span class='ocrx_word' id='word_1_69' title='bbox 761 1030 891 1112; x_wconf 84' lang='lat' dir='ltr'><strong>profecto</strong></span> <span class='ocrx_word' id='word_1_70' title='bbox 909 1041 982 1090; x_wconf 86' lang='lat' dir='ltr'><strong>esset</strong></span> <span class='ocrx_word' id='word_1_71' title='bbox 992 1069 1000 1104; x_wconf 92' lang='lat'><strong><em>‚</em></strong></span> <span class='ocrx_word' id='word_1_72' title='bbox 1021 1044 1053 1090; x_wconf 90' lang='lat' dir='ltr'><strong>ut</strong></span> <span class='ocrx_word' id='word_1_73' title='bbox 1072 1031 1206 1106; x_wconf 86' lang='lat' dir='ltr'><strong>videtur,</strong></span> <span class='ocrx_word' id='word_1_74' title='bbox 1237 1030 1310 1090; x_wconf 88' lang='lat' dir='ltr'><strong>adeo</strong></span> 
     </span>
     <span class='ocr_line' id='line_1_9' title="bbox 77 1127 1309 1213; baseline 0 -25"><span class='ocrx_word' id='word_1_75' title='bbox 77 1130 300 1202; x_wconf 88' lang='lat' dir='ltr'><strong>adamantinus,</strong></span> <span class='ocrx_word' id='word_1_76' title='bbox 320 1130 420 1209; x_wconf 88' lang='lat' dir='ltr'><strong>quiin</strong></span> <span class='ocrx_word' id='word_1_77' title='bbox 440 1128 501 1208; x_wconf 84' lang='lat' dir='ltr'><strong>ipse</strong></span> <span class='ocrx_word' id='word_1_78' title='bbox 518 1129 632 1206; x_wconf 85' lang='lat' dir='ltr'><strong>justitia</strong></span> <span class='ocrx_word' id='word_1_79' title='bbox 651 1141 879 1213; x_wconf 67' lang='lat' dir='ltr'><strong>permaneretur</strong></span> <span class='ocrx_word' id='word_1_80' title='bbox 894 1127 931 1186; x_wconf 93' lang='lat' dir='ltr'><strong>ab</strong></span> <span class='ocrx_word' id='word_1_81' title='bbox 952 1127 1058 1186; x_wconf 87' lang='lat' dir='ltr'><strong>alienis</strong></span> <span class='ocrx_word' id='word_1_82' title='bbox 1075 1127 1220 1194; x_wconf 76' lang='lat' dir='ltr'><strong>abstinere</strong></span> <span class='ocrx_word' id='word_1_83' title='bbox 1250 1128 1309 1188; x_wconf 90' lang='lat' dir='ltr'><strong>vel·</strong></span> 
     </span>
     <span class='ocr_line' id='line_1_10' title="bbox 76 1225 1309 1310; baseline 0 -24"><span class='ocrx_word' id='word_1_84' title='bbox 76 1227 132 1301; x_wconf 79' lang='lat' dir='ltr'><strong>ter,</strong></span> <span class='ocrx_word' id='word_1_85' title='bbox 153 1245 219 1286; x_wconf 90' lang='lat' dir='ltr'><strong>cum</strong></span> <span class='ocrx_word' id='word_1_86' title='bbox 240 1227 339 1285; x_wconf 90' lang='lat' dir='ltr'><strong>liceret</strong></span> <span class='ocrx_word' id='word_1_87' title='bbox 360 1227 416 1306; x_wconf 90' lang='lat' dir='ltr'><strong>ipsi</strong></span> <span class='ocrx_word' id='word_1_88' title='bbox 435 1245 471 1284; x_wconf 77' lang='lat' dir='ltr'><strong>ex</strong></span> <span class='ocrx_word' id='word_1_89' title='bbox 492 1226 555 1285; x_wconf 85' lang='lat' dir='ltr'><strong>foro</strong></span> <span class='ocrx_word' id='word_1_90' title='bbox 574 1226 742 1307; x_wconf 85' lang='lat' dir='ltr'><strong>intrepide,</strong></span> <span class='ocrx_word' id='word_1_91' title='bbox 759 1225 953 1305; x_wconf 89' lang='lat' dir='ltr'><strong>quodcunque</strong></span> <span class='ocrx_word' id='word_1_92' title='bbox 973 1225 1064 1285; x_wconf 71' lang='lat' dir='ltr'><strong>stellet</strong></span> <span class='ocrx_word' id='word_1_93' title='bbox 1075 1271 1084 1300; x_wconf 93' lang='lat'><strong>,</strong></span> <span class='ocrx_word' id='word_1_94' title='bbox 1095 1229 1222 1310; x_wconf 76' lang='lat' dir='ltr'><strong>arripere</strong></span> <span class='ocrx_word' id='word_1_95' title='bbox 1236 1272 1245 1302; x_wconf 91' lang='lat'><strong>,</strong></span> <span class='ocrx_word' id='word_1_96' title='bbox 1261 1228 1309 1286; x_wconf 89' lang='lat' dir='ltr'><strong>in·</strong></span> 
     </span>
     <span class='ocr_line' id='line_1_11' title="bbox 76 1322 1309 1406; baseline 0.002 -24"><span class='ocrx_word' id='word_1_97' title='bbox 76 1325 213 1406; x_wconf 74' lang='lat' dir='ltr'><strong>grediqne</strong></span> <span class='ocrx_word' id='word_1_98' title='bbox 231 1325 342 1384; x_wconf 89' lang='lat' dir='ltr'><strong>alienas</strong></span> <span class='ocrx_word' id='word_1_99' title='bbox 360 1324 459 1384; x_wconf 85' lang='lat' dir='ltr'><strong>domos</strong></span> <span class='ocrx_word' id='word_1_100' title='bbox 470 1368 479 1399; x_wconf 92' lang='lat'><strong>,</strong></span> <span class='ocrx_word' id='word_1_101' title='bbox 499 1338 528 1383; x_wconf 91' lang='lat' dir='ltr'><strong>et</strong></span> <span class='ocrx_word' id='word_1_102' title='bbox 548 1325 788 1406; x_wconf 87' lang='lat' dir='ltr'><strong>clanculum-pro</strong></span> <span class='ocrx_word' id='word_1_103' title='bbox 809 1322 935 1384; x_wconf 88' lang='lat' dir='ltr'><strong>libidine</strong></span> <span class='ocrx_word' id='word_1_104' title='bbox 956 1344 1022 1384; x_wconf 90' lang='lat' dir='ltr'><strong>cum</strong></span> <span class='ocrx_word' id='word_1_105' title='bbox 1043 1343 1157 1404; x_wconf 88' lang='lat' dir='ltr'><strong>quoque</strong></span> <span class='ocrx_word' id='word_1_106' title='bbox 1192 1345 1309 1405; x_wconf 88' lang='lat' dir='ltr'><strong>congre·</strong></span> 
     </span>
     <span class='ocr_line' id='line_1_12' title="bbox 76 1421 1309 1510; baseline 0 -28"><span class='ocrx_word' id='word_1_107' title='bbox 76 1423 125 1496; x_wconf 91' lang='lat' dir='ltr'><strong>di,</strong></span> <span class='ocrx_word' id='word_1_108' title='bbox 143 1437 172 1482; x_wconf 87' lang='lat' dir='ltr'><strong>et</strong></span> <span class='ocrx_word' id='word_1_109' title='bbox 192 1443 245 1505; x_wconf 90' lang='lat' dir='ltr'><strong>pro</strong></span> <span class='ocrx_word' id='word_1_110' title='bbox 265 1422 386 1481; x_wconf 87' lang='lat' dir='ltr'><strong>arbitrio</strong></span> <span class='ocrx_word' id='word_1_111' title='bbox 404 1421 565 1502; x_wconf 89' lang='lat' dir='ltr'><strong>quemlibet</strong></span> <span class='ocrx_word' id='word_1_112' title='bbox 584 1421 767 1497; x_wconf 77' lang='lat' dir='ltr'><strong>interficere,</strong></span> <span class='ocrx_word' id='word_1_113' title='bbox 794 1436 822 1482; x_wconf 90' lang='lat' dir='ltr'><strong>et</strong></span> <span class='ocrx_word' id='word_1_114' title='bbox 840 1442 877 1480; x_wconf 83' lang='lat' dir='ltr'><strong>cx</strong></span> <span class='ocrx_word' id='word_1_115' title='bbox 896 1443 1011 1482; x_wconf 84' lang='lat' dir='ltr'><strong>carcere</strong></span> <span class='ocrx_word' id='word_1_116' title='bbox 1031 1421 1164 1498; x_wconf 89' lang='lat' dir='ltr'><strong>solvere,</strong></span> <span class='ocrx_word' id='word_1_117' title='bbox 1185 1437 1214 1482; x_wconf 89' lang='lat' dir='ltr'><strong>ct</strong></span> <span class='ocrx_word' id='word_1_118' title='bbox 1232 1423 1309 1510; x_wconf 70' lang='lat' dir='ltr'><strong>alia,</strong></span> 
     </span>
     <span class='ocr_line' id='line_1_13' title="bbox 76 1519 1310 1602; baseline 0.002 -24"><span class='ocrx_word' id='word_1_119' title='bbox 76 1521 154 1600; x_wconf 90' lang='lat' dir='ltr'><strong>quasi</strong></span> <span class='ocrx_word' id='word_1_120' title='bbox 173 1542 227 1602; x_wconf 88' lang='lat' dir='ltr'><strong>par</strong></span> <span class='ocrx_word' id='word_1_121' title='bbox 244 1523 304 1580; x_wconf 86' lang='lat' dir='ltr'><strong>Deo</strong></span> <span class='ocrx_word' id='word_1_122' title='bbox 323 1533 412 1593; x_wconf 88' lang='lat' dir='ltr'><strong>esset,</strong></span> <span class='ocrx_word' id='word_1_123' title='bbox 440 1522 517 1580; x_wconf 89' lang='lat' dir='ltr'><strong>inter</strong></span> <span class='ocrx_word' id='word_1_124' title='bbox 537 1519 668 1580; x_wconf 90' lang='lat' dir='ltr'><strong>homines</strong></span> <span class='ocrx_word' id='word_1_125' title='bbox 687 1542 740 1601; x_wconf 93' lang='lat' dir='ltr'><strong>pro</strong></span> <span class='ocrx_word' id='word_1_126' title='bbox 759 1520 880 1580; x_wconf 89' lang='lat' dir='ltr'><strong>arbitrio</strong></span> <span class='ocrx_word' id='word_1_127' title='bbox 907 1520 1117 1580; x_wconf 85' lang='lat' dir='ltr'><strong>facere:·haec</strong></span> <span class='ocrx_word' id='word_1_128' title='bbox 1137 1521 1227 1601; x_wconf 86' lang='lat' dir='ltr'><strong>igitur</strong></span> <span class='ocrx_word' id='word_1_129' title='bbox 1243 1542 1310 1580; x_wconf 88' lang='lat' dir='ltr'><strong>cum</strong></span> 
     </span>
     <span class='ocr_line' id='line_1_14' title="bbox 79 1603 1310 1698; baseline 0.002 -22"><span class='ocrx_word' id='word_1_130' title='bbox 79 1603 197 1698; x_wconf 76' lang='lat' dir='ltr'><strong>utdrque</strong></span> <span class='ocrx_word' id='word_1_131' title='bbox 215 1620 342 1692; x_wconf 84' lang='lat' dir='ltr'><strong>faceret,</strong></span> <span class='ocrx_word' id='word_1_132' title='bbox 361 1636 542 1698; x_wconf 86' lang='lat' dir='ltr'><strong>nequaquam</strong></span> <span class='ocrx_word' id='word_1_133' title='bbox 563 1618 636 1678; x_wconf 88' lang='lat' dir='ltr'><strong>alter</strong></span> <span class='ocrx_word' id='word_1_134' title='bbox 652 1619 690 1678; x_wconf 92' lang='lat' dir='ltr'><strong>ab</strong></span> <span class='ocrx_word' id='word_1_135' title='bbox 710 1617 801 1678; x_wconf 89' lang='lat' dir='ltr'><strong>altero</strong></span> <span class='ocrx_word' id='word_1_136' title='bbox 815 1619 852 1696; x_wconf 40' lang='lat' dir='ltr'><strong>,in</strong></span> <span class='ocrx_word' id='word_1_137' title='bbox 871 1618 984 1697; x_wconf 89' lang='lat' dir='ltr'><strong>agendo</strong></span> <span class='ocrx_word' id='word_1_138' title='bbox 1002 1617 1148 1693; x_wconf 81' lang='lat' dir='ltr'><strong>differret,</strong></span> <span class='ocrx_word' id='word_1_139' title='bbox 1163 1619 1310 1680; x_wconf 88' lang='lat' dir='ltr'><strong>sedambo</strong></span> 
     </span>
     <span class='ocr_line' id='line_1_15' title="bbox 79 1715 1310 1799; baseline 0.001 -24"><span class='ocrx_word' id='word_1_140' title='bbox 79 1716 175 1781; x_wconf 84' lang='lat' dir='ltr'><strong>codem</strong></span> <span class='ocrx_word' id='word_1_141' title='bbox 197 1716 361 1776; x_wconf 82' lang='lat' dir='ltr'><strong>tenderent.</strong></span> <span class='ocrx_word' id='word_1_142' title='bbox 403 1717 484 1790; x_wconf 84' lang='lat' dir='ltr'><strong>Quae</strong></span> <span class='ocrx_word' id='word_1_143' title='bbox 502 1716 621 1796; x_wconf 90' lang='lat' dir='ltr'><strong>quidem</strong></span> <span class='ocrx_word' id='word_1_144' title='bbox 641 1719 765 1776; x_wconf 86' lang='lat' dir='ltr'><strong>maxima</strong></span> <span class='ocrx_word' id='word_1_145' title='bbox 785 1715 866 1799; x_wconf 89' lang='lat' dir='ltr'><strong>apud</strong></span> <span class='ocrx_word' id='word_1_146' title='bbox 884 1736 983 1776; x_wconf 89' lang='lat' dir='ltr'><strong>omnes</strong></span> <span class='ocrx_word' id='word_1_147' title='bbox 998 1737 1058 1776; x_wconf 89' lang='lat' dir='ltr'><strong>esse</strong></span> <span class='ocrx_word' id='word_1_148' title='bbox 1076 1731 1169 1798; x_wconf 91' lang='lat' dir='ltr'><strong>potest</strong></span> <span class='ocrx_word' id='word_1_149' title='bbox 1190 1719 1310 1796; x_wconf 91' lang='lat' dir='ltr'><strong>conjec-</strong></span> 
     </span>
     <span class='ocr_line' id='line_1_16' title="bbox 78 1814 1309 1893; baseline 0.002 -21"><span class='ocrx_word' id='word_1_150' title='bbox 78 1828 157 1890; x_wconf 90' lang='lat' dir='ltr'><strong>tura,</strong></span> <span class='ocrx_word' id='word_1_151' title='bbox 180 1816 326 1876; x_wconf 85' lang='lat' dir='ltr'><strong>neminem</strong></span> <span class='ocrx_word' id='word_1_152' title='bbox 346 1815 513 1889; x_wconf 86' lang='lat' dir='ltr'><strong>volentem,</strong></span> <span class='ocrx_word' id='word_1_153' title='bbox 534 1814 585 1875; x_wconf 90' lang='lat' dir='ltr'><strong>scd</strong></span> <span class='ocrx_word' id='word_1_154' title='bbox 603 1816 750 1889; x_wconf 87' lang='lat' dir='ltr'><strong>invitum,</strong></span> <span class='ocrx_word' id='word_1_155' title='bbox 770 1837 831 1876; x_wconf 84' lang='lat' dir='ltr'><strong>esse</strong></span> <span class='ocrx_word' id='word_1_156' title='bbox 847 1817 977 1892; x_wconf 73' lang='lat' dir='ltr'><strong>justum,</strong></span> <span class='ocrx_word' id='word_1_157' title='bbox 999 1816 1081 1893; x_wconf 90' lang='lat' dir='ltr'><strong>quasi</strong></span> <span class='ocrx_word' id='word_1_158' title='bbox 1101 1814 1138 1874; x_wconf 86' lang='lat' dir='ltr'><strong>id.</strong></span> <span class='ocrx_word' id='word_1_159' title='bbox 1149 1815 1309 1876; x_wconf 90' lang='lat' dir='ltr'><strong>secundnm</strong></span> 
     </span>
     <span class='ocr_line' id='line_1_17' title="bbox 79 1913 1309 1996; baseline 0 -24"><span class='ocrx_word' id='word_1_160' title='bbox 79 1935 105 1972; x_wconf 90' lang='lat' dir='ltr'><strong>se</strong></span> <span class='ocrx_word' id='word_1_161' title='bbox 123 1928 151 1973; x_wconf 88' lang='lat' dir='ltr'><strong>et</strong></span> <span class='ocrx_word' id='word_1_162' title='bbox 170 1914 309 1996; x_wconf 70' lang='lat' dir='ltr'><strong>petreum</strong></span> <span class='ocrx_word' id='word_1_163' title='bbox 330 1935 390 1974; x_wconf 88' lang='lat' dir='ltr'><strong>non</strong></span> <span class='ocrx_word' id='word_1_164' title='bbox 411 1915 449 1977; x_wconf 82' lang='lat' dir='ltr'><strong>eit</strong></span> <span class='ocrx_word' id='word_1_165' title='bbox 468 1914 599 1988; x_wconf 90' lang='lat' dir='ltr'><strong>bonum;</strong></span> <span class='ocrx_word' id='word_1_166' title='bbox 630 1915 768 1992; x_wconf 89' lang='lat' dir='ltr'><strong>quoniam</strong></span> <span class='ocrx_word' id='word_1_167' title='bbox 788 1913 956 1991; x_wconf 89' lang='lat' dir='ltr'><strong>ubicunque</strong></span> <span class='ocrx_word' id='word_1_168' title='bbox 982 1914 1091 1991; x_wconf 87' lang='lat' dir='ltr'><strong>injuste</strong></span> <span class='ocrx_word' id='word_1_169' title='bbox 1119 1934 1202 1994; x_wconf 90' lang='lat' dir='ltr'><strong>agere</strong></span> <span class='ocrx_word' id='word_1_170' title='bbox 1231 1915 1309 1994; x_wconf 86' lang='lat' dir='ltr'><strong>quis·</strong></span> 
     </span>
     <span class='ocr_line' id='line_1_18' title="bbox 78 2009 1309 2094; baseline 0 -24"><span class='ocrx_word' id='word_1_171' title='bbox 78 2033 129 2091; x_wconf 87' lang='lat' dir='ltr'><strong>que</strong></span> <span class='ocrx_word' id='word_1_172' title='bbox 147 2032 176 2070; x_wconf 92' lang='lat' dir='ltr'><strong>se</strong></span> <span class='ocrx_word' id='word_1_173' title='bbox 197 2031 278 2092; x_wconf 88' lang='lat' dir='ltr'><strong>posse</strong></span> <span class='ocrx_word' id='word_1_174' title='bbox 298 2009 441 2087; x_wconf 87' lang='lat' dir='ltr'><strong>confidit,</strong></span> <span class='ocrx_word' id='word_1_175' title='bbox 472 2013 531 2092; x_wconf 85' lang='lat' dir='ltr'><strong>agit</strong></span> <span class='ocrx_word' id='word_1_176' title='bbox 558 2011 702 2094; x_wconf 89' lang='lat' dir='ltr'><strong>protinus.</strong></span> <span class='ocrx_word' id='word_1_177' title='bbox 744 2010 881 2072; x_wconf 83' lang='lat' dir='ltr'><strong>Prodesse</strong></span> <span class='ocrx_word' id='word_1_178' title='bbox 912 2012 990 2070; x_wconf 92' lang='lat' dir='ltr'><strong>enim</strong></span> <span class='ocrx_word' id='word_1_179' title='bbox 1019 2012 1141 2090; x_wconf 90' lang='lat' dir='ltr'><strong>quisque</strong></span> <span class='ocrx_word' id='word_1_180' title='bbox 1167 2013 1309 2092; x_wconf 85' lang='lat' dir='ltr'><strong>privatim</strong></span> 
     </span>
     <span class='ocr_line' id='line_1_19' title="bbox 78 2109 1308 2189; baseline 0.001 -21"><span class='ocrx_word' id='word_1_181' title='bbox 78 2109 166 2168; x_wconf 90' lang='lat' dir='ltr'><strong>multo</strong></span> <span class='ocrx_word' id='word_1_182' title='bbox 183 2110 275 2189; x_wconf 85' lang='lat' dir='ltr'><strong>magis</strong></span> <span class='ocrx_word' id='word_1_183' title='bbox 292 2110 439 2171; x_wconf 85' lang='lat' dir='ltr'><strong>existimat</strong></span> <span class='ocrx_word' id='word_1_184' title='bbox 458 2111 649 2187; x_wconf 88' lang='lat' dir='ltr'><strong>injustitiam,</strong></span> <span class='ocrx_word' id='word_1_185' title='bbox 666 2129 751 2188; x_wconf 90' lang='lat' dir='ltr'><strong>quam</strong></span> <span class='ocrx_word' id='word_1_186' title='bbox 769 2110 932 2187; x_wconf 87' lang='lat' dir='ltr'><strong>justitiam,</strong></span> <span class='ocrx_word' id='word_1_187' title='bbox 954 2123 1086 2188; x_wconf 87' lang='lat' dir='ltr'><strong>recteque</strong></span> <span class='ocrx_word' id='word_1_188' title='bbox 1104 2111 1210 2184; x_wconf 88' lang='lat' dir='ltr'><strong>sentit,</strong></span> <span class='ocrx_word' id='word_1_189' title='bbox 1232 2111 1308 2189; x_wconf 88' lang='lat' dir='ltr'><strong>quis·</strong></span> 
     </span>
     <span class='ocr_line' id='line_1_20' title="bbox 78 2206 1308 2288; baseline 0 -22"><span class='ocrx_word' id='word_1_190' title='bbox 78 2209 140 2285; x_wconf 85' lang='lat' dir='ltr'><strong>quis</strong></span> <span class='ocrx_word' id='word_1_191' title='bbox 158 2209 200 2266; x_wconf 91' lang='lat' dir='ltr'><strong>ita</strong></span> <span class='ocrx_word' id='word_1_192' title='bbox 214 2206 349 2286; x_wconf 86' lang='lat' dir='ltr'><strong>judicat,</strong></span> <span class='ocrx_word' id='word_1_193' title='bbox 382 2221 414 2266; x_wconf 92' lang='lat' dir='ltr'><strong>ut</strong></span> <span class='ocrx_word' id='word_1_194' title='bbox 441 2209 582 2268; x_wconf 84' lang='lat' dir='ltr'><strong>sermonis</strong></span> <span class='ocrx_word' id='word_1_195' title='bbox 607 2207 695 2285; x_wconf 79' lang='lat' dir='ltr'><strong>hujus</strong></span> <span class='ocrx_word' id='word_1_196' title='bbox 722 2207 880 2288; x_wconf 87' lang='lat' dir='ltr'><strong>perbibent</strong></span> <span class='ocrx_word' id='word_1_197' title='bbox 897 2221 1037 2266; x_wconf 85' lang='lat' dir='ltr'><strong>auctores.</strong></span> <span class='ocrx_word' id='word_1_198' title='bbox 1078 2206 1165 2281; x_wconf 85' lang='lat' dir='ltr'><strong>Quod</strong></span> <span class='ocrx_word' id='word_1_199' title='bbox 1184 2207 1308 2286; x_wconf 89' lang='lat' dir='ltr'><strong>siquis,</strong></span> 
     </span>
     <span class='ocr_line' id='line_1_21' title="bbox 79 2305 1310 2390; baseline 0 -26"><span class='ocrx_word' id='word_1_200' title='bbox 79 2305 242 2390; x_wconf 72' lang='lat' dir='ltr'><strong>hujumodi</strong></span> <span class='ocrx_word' id='word_1_201' title='bbox 261 2306 431 2364; x_wconf 79' lang='lat' dir='ltr'><strong>facultatem</strong></span> <span class='ocrx_word' id='word_1_202' title='bbox 451 2320 572 2380; x_wconf 89' lang='lat' dir='ltr'><strong>nactus,</strong></span> <span class='ocrx_word' id='word_1_203' title='bbox 595 2306 667 2365; x_wconf 87' lang='lat' dir='ltr'><strong>velit</strong></span> <span class='ocrx_word' id='word_1_204' title='bbox 686 2305 722 2366; x_wconf 91' lang='lat' dir='ltr'><strong>ab</strong></span> <span class='ocrx_word' id='word_1_205' title='bbox 744 2305 888 2384; x_wconf 89' lang='lat' dir='ltr'><strong>injustitia</strong></span> <span class='ocrx_word' id='word_1_206' title='bbox 914 2305 1059 2369; x_wconf 85' lang='lat' dir='ltr'><strong>abstinere</strong></span> <span class='ocrx_word' id='word_1_207' title='bbox 1089 2327 1182 2386; x_wconf 89' lang='lat' dir='ltr'><strong>neque</strong></span> <span class='ocrx_word' id='word_1_208' title='bbox 1211 2307 1310 2366; x_wconf 83' lang='lat' dir='ltr'><strong>aliena</strong></span> 
     </span>
     <span class='ocr_line' id='line_1_22' title="bbox 80 2402 1310 2486; baseline 0.002 -25"><span class='ocrx_word' id='word_1_209' title='bbox 80 2417 195 2484; x_wconf 85' lang='lat' dir='ltr'><strong>tangat,</strong></span> <span class='ocrx_word' id='word_1_210' title='bbox 216 2403 436 2464; x_wconf 76' lang='lat' dir='ltr'><strong>infelicissimus</strong></span> <span class='ocrx_word' id='word_1_211' title='bbox 453 2404 582 2463; x_wconf 90' lang='lat' dir='ltr'><strong>omnium</strong></span> <span class='ocrx_word' id='word_1_212' title='bbox 601 2418 630 2463; x_wconf 87' lang='lat' dir='ltr'><strong>et</strong></span> <span class='ocrx_word' id='word_1_213' title='bbox 647 2402 849 2464; x_wconf 88' lang='lat' dir='ltr'><strong>stolidissimus</strong></span> <span class='ocrx_word' id='word_1_214' title='bbox 869 2405 948 2486; x_wconf 90' lang='lat' dir='ltr'><strong>apud</strong></span> <span class='ocrx_word' id='word_1_215' title='bbox 968 2426 1032 2479; x_wconf 89' lang='lat' dir='ltr'><strong>eos,</strong></span> <span class='ocrx_word' id='word_1_216' title='bbox 1059 2405 1109 2485; x_wconf 90' lang='lat' dir='ltr'><strong>qui</strong></span> <span class='ocrx_word' id='word_1_217' title='bbox 1127 2405 1181 2464; x_wconf 92' lang='lat' dir='ltr'><strong>boc</strong></span> <span class='ocrx_word' id='word_1_218' title='bbox 1202 2404 1310 2466; x_wconf 80' lang='lat' dir='ltr'><strong>adver-</strong></span> 
     </span>
     <span class='ocr_line' id='line_1_23' title="bbox 79 2500 1309 2584; baseline 0.002 -24"><span class='ocrx_word' id='word_1_219' title='bbox 79 2513 188 2576; x_wconf 88' lang='lat' dir='ltr'><strong>terent,</strong></span> <span class='ocrx_word' id='word_1_220' title='bbox 217 2514 385 2583; x_wconf 76' lang='lat' dir='ltr'><strong>putaretur:</strong></span> <span class='ocrx_word' id='word_1_221' title='bbox 417 2500 572 2562; x_wconf 83' lang='lat' dir='ltr'><strong>laudarent</strong></span> <span class='ocrx_word' id='word_1_222' title='bbox 599 2515 697 2563; x_wconf 87' lang='lat' dir='ltr'><strong>tamen</strong></span> <span class='ocrx_word' id='word_1_223' title='bbox 723 2501 809 2560; x_wconf 90' lang='lat' dir='ltr'><strong>illum</strong></span> <span class='ocrx_word' id='word_1_224' title='bbox 827 2503 941 2582; x_wconf 88' lang='lat' dir='ltr'><strong>palam,</strong></span> <span class='ocrx_word' id='word_1_225' title='bbox 964 2503 1091 2566; x_wconf 83' lang='lat' dir='ltr'><strong>vicissim</strong></span> <span class='ocrx_word' id='word_1_226' title='bbox 1110 2524 1139 2562; x_wconf 89' lang='lat' dir='ltr'><strong>se</strong></span> <span class='ocrx_word' id='word_1_227' title='bbox 1160 2502 1309 2584; x_wconf 85' lang='lat' dir='ltr'><strong>decipien-</strong></span> 
     </span>
     <span class='ocr_line' id='line_1_24' title="bbox 79 2597 1308 2681; baseline 0.002 -24"><span class='ocrx_word' id='word_1_228' title='bbox 79 2613 136 2672; x_wconf 83' lang='lat' dir='ltr'><strong>tes,</strong></span> <span class='ocrx_word' id='word_1_229' title='bbox 156 2600 227 2680; x_wconf 89' lang='lat' dir='ltr'><strong>quia</strong></span> <span class='ocrx_word' id='word_1_230' title='bbox 244 2601 369 2658; x_wconf 87' lang='lat' dir='ltr'><strong>maxime</strong></span> <span class='ocrx_word' id='word_1_231' title='bbox 389 2600 511 2672; x_wconf 88' lang='lat' dir='ltr'><strong>timent,</strong></span> <span class='ocrx_word' id='word_1_232' title='bbox 533 2621 570 2658; x_wconf 89' lang='lat' dir='ltr'><strong>ne</strong></span> <span class='ocrx_word' id='word_1_233' title='bbox 589 2597 756 2660; x_wconf 88' lang='lat' dir='ltr'><strong>afficiantur</strong></span> <span class='ocrx_word' id='word_1_234' title='bbox 770 2602 890 2677; x_wconf 67' lang='lat' dir='ltr'><strong>injuria.</strong></span> <span class='ocrx_word' id='word_1_235' title='bbox 931 2605 1025 2680; x_wconf 83' lang='lat' dir='ltr'><strong>Atque</strong></span> <span class='ocrx_word' id='word_1_236' title='bbox 1044 2602 1115 2660; x_wconf 91' lang='lat' dir='ltr'><strong>baec</strong></span> <span class='ocrx_word' id='word_1_237' title='bbox 1134 2600 1253 2681; x_wconf 90' lang='lat' dir='ltr'><strong>quidem</strong></span> <span class='ocrx_word' id='word_1_238' title='bbox 1268 2603 1308 2661; x_wconf 87' lang='lat' dir='ltr'><strong>ita</strong></span> 
     </span>
     <span class='ocr_line' id='line_1_25' title="bbox 79 2694 1308 2780; baseline 0.004 -27"><span class='ocrx_word' id='word_1_239' title='bbox 79 2694 133 2755; x_wconf 86' lang='lat' dir='ltr'><strong>sint</strong></span> <span class='ocrx_word' id='word_1_240' title='bbox 159 2697 250 2763; x_wconf 80' lang='lat' dir='ltr'><strong>dicta.</strong></span> <span class='ocrx_word' id='word_1_241' title='bbox 293 2699 392 2760; x_wconf 83' lang='lat' dir='ltr'><strong>Vitam</strong></span> <span class='ocrx_word' id='word_1_242' title='bbox 421 2718 490 2758; x_wconf 85' lang='lat' dir='ltr'><strong>vero</strong></span> <span class='ocrx_word' id='word_1_243' title='bbox 516 2699 684 2777; x_wconf 87' lang='lat' dir='ltr'><strong>utriusque,</strong></span> <span class='ocrx_word' id='word_1_244' title='bbox 711 2699 783 2776; x_wconf 86' lang='lat' dir='ltr'><strong>justi</strong></span> <span class='ocrx_word' id='word_1_245' title='bbox 814 2695 954 2758; x_wconf 75' lang='lat' dir='ltr'><strong>videlicet</strong></span> <span class='ocrx_word' id='word_1_246' title='bbox 971 2711 999 2756; x_wconf 89' lang='lat' dir='ltr'><strong>ct</strong></span> <span class='ocrx_word' id='word_1_247' title='bbox 1019 2699 1139 2776; x_wconf 87' lang='lat' dir='ltr'><strong>injusti,</strong></span> <span class='ocrx_word' id='word_1_248' title='bbox 1161 2701 1201 2758; x_wconf 90' lang='lat' dir='ltr'><strong>ita</strong></span> <span class='ocrx_word' id='word_1_249' title='bbox 1220 2700 1308 2780; x_wconf 89' lang='lat' dir='ltr'><strong>plane</strong></span> 
     </span>
     <span class='ocr_line' id='line_1_26' title="bbox 79 2769 1308 2882; baseline 0.003 -29"><span class='ocrx_word' id='word_1_250' title='bbox 79 2793 320 2882; x_wconf 71' lang='lat' dir='ltr'><strong>dijudicabimus,</strong></span> <span class='ocrx_word' id='word_1_251' title='bbox 342 2795 366 2854; x_wconf 91' lang='lat' dir='ltr'><strong>si</strong></span> <span class='ocrx_word' id='word_1_252' title='bbox 382 2769 573 2873; x_wconf 65' lang='lat' dir='ltr'><strong>justissimum</strong></span> <span class='ocrx_word' id='word_1_253' title='bbox 591 2796 689 2856; x_wconf 82' lang='lat' dir='ltr'><strong>vitum</strong></span> <span class='ocrx_word' id='word_1_254' title='bbox 708 2817 834 2856; x_wconf 88' lang='lat' dir='ltr'><strong>seorsum</strong></span> <span class='ocrx_word' id='word_1_255' title='bbox 853 2809 882 2856; x_wconf 92' lang='lat' dir='ltr'><strong>ct</strong></span> <span class='ocrx_word' id='word_1_256' title='bbox 901 2795 1120 2872; x_wconf 81' lang='lat' dir='ltr'><strong>injustissimum</strong></span> <span class='ocrx_word' id='word_1_257' title='bbox 1138 2794 1308 2856; x_wconf 83' lang='lat' dir='ltr'><strong>distinxeri-</strong></span> 
     </span>
     <span class='ocr_line' id='line_1_27' title="bbox 79 2886 1308 2974; baseline 0.002 -22"><span class='ocrx_word' id='word_1_258' title='bbox 79 2913 154 2952; x_wconf 87' lang='lat' dir='ltr'><strong>mus:</strong></span> <span class='ocrx_word' id='word_1_259' title='bbox 186 2891 271 2952; x_wconf 88' lang='lat' dir='ltr'><strong>alitcr</strong></span> <span class='ocrx_word' id='word_1_260' title='bbox 298 2908 368 2952; x_wconf 84' lang='lat' dir='ltr'><strong>vero</strong></span> <span class='ocrx_word' id='word_1_261' title='bbox 396 2913 586 2974; x_wconf 82' lang='lat' dir='ltr'><strong>nequaquam.</strong></span> <span class='ocrx_word' id='word_1_262' title='bbox 627 2892 671 2952; x_wconf 92' lang='lat' dir='ltr'><strong>Sit</strong></span> <span class='ocrx_word' id='word_1_263' title='bbox 698 2906 796 2954; x_wconf 86' lang='lat' dir='ltr'><strong>autem</strong></span> <span class='ocrx_word' id='word_1_264' title='bbox 824 2894 894 2954; x_wconf 87' lang='lat' dir='ltr'><strong>baec</strong></span> <span class='ocrx_word' id='word_1_265' title='bbox 915 2886 1052 2954; x_wconf 87' lang='lat' dir='ltr'><strong>discretio</strong></span> <span class='ocrx_word' id='word_1_266' title='bbox 1072 2894 1157 2969; x_wconf 88' lang='lat' dir='ltr'><strong>talis,</strong></span> <span class='ocrx_word' id='word_1_267' title='bbox 1177 2909 1208 2954; x_wconf 87' lang='lat' dir='ltr'><strong>ut</strong></span> <span class='ocrx_word' id='word_1_268' title='bbox 1229 2894 1308 2954; x_wconf 91' lang='lat' dir='ltr'><strong>nibil</strong></span> 
     </span>
     <span class='ocr_line' id='line_1_28' title="bbox 79 2980 1308 3072; baseline 0.003 -24"><span class='ocrx_word' id='word_1_269' title='bbox 79 2993 237 3053; x_wconf 79' lang='lat' dir='ltr'><strong>auferamus</strong></span> <span class='ocrx_word' id='word_1_270' title='bbox 261 2990 422 3070; x_wconf 85' lang='lat' dir='ltr'><strong>injustitiae</strong></span> <span class='ocrx_word' id='word_1_271' title='bbox 450 2990 488 3049; x_wconf 92' lang='lat' dir='ltr'><strong>ab</strong></span> <span class='ocrx_word' id='word_1_272' title='bbox 504 2980 624 3070; x_wconf 81' lang='lat' dir='ltr'><strong>‘injusto</strong></span> <span class='ocrx_word' id='word_1_273' title='bbox 635 3035 644 3066; x_wconf 89' lang='lat'><strong>,</strong></span> <span class='ocrx_word' id='word_1_274' title='bbox 665 2990 717 3050; x_wconf 91' lang='lat' dir='ltr'><strong>sed</strong></span> <span class='ocrx_word' id='word_1_275' title='bbox 736 2992 896 3072; x_wconf 86' lang='lat' dir='ltr'><strong>perfectum</strong></span> <span class='ocrx_word' id='word_1_276' title='bbox 911 3005 1064 3072; x_wconf 87' lang='lat' dir='ltr'><strong>utrumque</strong></span> <span class='ocrx_word' id='word_1_277' title='bbox 1086 2993 1119 3050; x_wconf 92' lang='lat' dir='ltr'><strong>in</strong></span> <span class='ocrx_word' id='word_1_278' title='bbox 1137 3013 1190 3052; x_wconf 91' lang='lat' dir='ltr'><strong>suo</strong></span> <span class='ocrx_word' id='word_1_279' title='bbox 1210 2992 1308 3054; x_wconf 83' lang='lat' dir='ltr'><strong>studio</strong></span> 
     </span>
     <span class='ocr_line' id='line_1_29' title="bbox 79 3088 1306 3172; baseline 0.002 -26"><span class='ocrx_word' id='word_1_280' title='bbox 79 3107 224 3167; x_wconf 89' lang='lat' dir='ltr'><strong>ponamus.</strong></span> <span class='ocrx_word' id='word_1_281' title='bbox 264 3089 392 3146; x_wconf 90' lang='lat' dir='ltr'><strong>Primum</strong></span> <span class='ocrx_word' id='word_1_282' title='bbox 422 3089 512 3168; x_wconf 88' lang='lat' dir='ltr'><strong>igitur</strong></span> <span class='ocrx_word' id='word_1_283' title='bbox 542 3089 686 3167; x_wconf 88' lang='lat' dir='ltr'><strong>injustus,</strong></span> <span class='ocrx_word' id='word_1_284' title='bbox 717 3103 854 3168; x_wconf 78' lang='lat' dir='ltr'><strong>tanquam</strong></span> <span class='ocrx_word' id='word_1_285' title='bbox 886 3090 988 3172; x_wconf 90' lang='lat' dir='ltr'><strong>optimi</strong></span> <span class='ocrx_word' id='word_1_286' title='bbox 1017 3088 1161 3164; x_wconf 81' lang='lat' dir='ltr'><strong>artifices,</strong></span> <span class='ocrx_word' id='word_1_287' title='bbox 1201 3091 1306 3150; x_wconf 81' lang='lat' dir='ltr'><strong>faciat:</strong></span> 
     </span>
     <span class='ocr_line' id='line_1_30' title="bbox 78 3184 1307 3274; baseline 0.002 -30"><span class='ocrx_word' id='word_1_288' title='bbox 78 3184 316 3263; x_wconf 77' lang='lat' dir='ltr'><strong>quemadmodum</strong></span> <span class='ocrx_word' id='word_1_289' title='bbox 334 3185 512 3266; x_wconf 86' lang='lat' dir='ltr'><strong>gubernator</strong></span> <span class='ocrx_word' id='word_1_290' title='bbox 539 3207 666 3274; x_wconf 76' lang='lat' dir='ltr'><strong>summus</strong></span> <span class='ocrx_word' id='word_1_291' title='bbox 691 3187 740 3246; x_wconf 84' lang='lat' dir='ltr'><strong>vel</strong></span> <span class='ocrx_word' id='word_1_292' title='bbox 766 3188 912 3263; x_wconf 87' lang='lat' dir='ltr'><strong>medicus,</strong></span> <span class='ocrx_word' id='word_1_293' title='bbox 926 3209 1007 3268; x_wconf 59' lang='lat' dir='ltr'><strong>,quae</strong></span> <span class='ocrx_word' id='word_1_294' title='bbox 1036 3201 1096 3248; x_wconf 91' lang='lat' dir='ltr'><strong>arte</strong></span> <span class='ocrx_word' id='word_1_295' title='bbox 1123 3209 1174 3250; x_wconf 85' lang='lat' dir='ltr'><strong>sua</strong></span> <span class='ocrx_word' id='word_1_296' title='bbox 1201 3188 1307 3250; x_wconf 88' lang='lat' dir='ltr'><strong>confici</strong></span> 
     </span>
     <span class='ocr_line' id='line_1_31' title="bbox 79 3285 1308 3368; baseline 0.003 -25"><span class='ocrx_word' id='word_1_297' title='bbox 79 3285 185 3363; x_wconf 87' lang='lat' dir='ltr'><strong>possint</strong></span> <span class='ocrx_word' id='word_1_298' title='bbox 212 3297 240 3342; x_wconf 88' lang='lat' dir='ltr'><strong>ct</strong></span> <span class='ocrx_word' id='word_1_299' title='bbox 269 3305 342 3362; x_wconf 85' lang='lat' dir='ltr'><strong>qnae</strong></span> <span class='ocrx_word' id='word_1_300' title='bbox 373 3305 432 3344; x_wconf 92' lang='lat' dir='ltr'><strong>non</strong></span> <span class='ocrx_word' id='word_1_301' title='bbox 453 3286 582 3366; x_wconf 84' lang='lat' dir='ltr'><strong>possint,</strong></span> <span class='ocrx_word' id='word_1_302' title='bbox 605 3287 694 3347; x_wconf 86' lang='lat' dir='ltr'><strong>sentit</strong></span> <span class='ocrx_word' id='word_1_303' title='bbox 705 3331 713 3359; x_wconf 91' lang='lat'><strong>,</strong></span> <span class='ocrx_word' id='word_1_304' title='bbox 736 3299 764 3344; x_wconf 89' lang='lat' dir='ltr'><strong>et</strong></span> <span class='ocrx_word' id='word_1_305' title='bbox 783 3286 836 3346; x_wconf 93' lang='lat' dir='ltr'><strong>illa</strong></span> <span class='ocrx_word' id='word_1_306' title='bbox 854 3287 1038 3368; x_wconf 87' lang='lat' dir='ltr'><strong>aggreditur,</strong></span> <span class='ocrx_word' id='word_1_307' title='bbox 1059 3287 1129 3346; x_wconf 90' lang='lat' dir='ltr'><strong>baec</strong></span> <span class='ocrx_word' id='word_1_308' title='bbox 1145 3288 1308 3367; x_wconf 89' lang='lat' dir='ltr'><strong>relinquit,</strong></span> 
     </span>
     <span class='ocr_line' id='line_1_32' title="bbox 79 3384 1307 3466; baseline 0.006 -27"><span class='ocrx_word' id='word_1_309' title='bbox 79 3385 138 3440; x_wconf 86' lang='lat' dir='ltr'><strong>etsi</strong></span> <span class='ocrx_word' id='word_1_310' title='bbox 158 3403 215 3462; x_wconf 90' lang='lat' dir='ltr'><strong>qua</strong></span> <span class='ocrx_word' id='word_1_311' title='bbox 235 3396 382 3463; x_wconf 88' lang='lat' dir='ltr'><strong>praetcrea</strong></span> <span class='ocrx_word' id='word_1_312' title='bbox 400 3384 431 3442; x_wconf 91' lang='lat' dir='ltr'><strong>iu</strong></span> <span class='ocrx_word' id='word_1_313' title='bbox 452 3404 483 3442; x_wconf 90' lang='lat' dir='ltr'><strong>re</strong></span> <span class='ocrx_word' id='word_1_314' title='bbox 500 3385 681 3465; x_wconf 87' lang='lat' dir='ltr'><strong>peccaverit,</strong></span> <span class='ocrx_word' id='word_1_315' title='bbox 702 3385 843 3464; x_wconf 83' lang='lat' dir='ltr'><strong>corrigere</strong></span> <span class='ocrx_word' id='word_1_316' title='bbox 862 3399 973 3466; x_wconf 89' lang='lat' dir='ltr'><strong>potest,</strong></span> <span class='ocrx_word' id='word_1_317' title='bbox 995 3387 1083 3446; x_wconf 85' lang='lat' dir='ltr'><strong>itaet</strong></span> <span class='ocrx_word' id='word_1_318' title='bbox 1102 3387 1228 3464; x_wconf 86' lang='lat' dir='ltr'><strong>injustus</strong></span> <span class='ocrx_word' id='word_1_319' title='bbox 1247 3407 1307 3446; x_wconf 92' lang='lat' dir='ltr'><strong>rec·</strong></span> 
     </span>
     <span class='ocr_line' id='line_1_33' title="bbox 79 3481 1308 3560; baseline 0.006 -24"><span class='ocrx_word' id='word_1_320' title='bbox 79 3492 103 3537; x_wconf 91' lang='lat' dir='ltr'><strong>tc</strong></span> <span class='ocrx_word' id='word_1_321' title='bbox 120 3481 243 3558; x_wconf 87' lang='lat' dir='ltr'><strong>injurias</strong></span> <span class='ocrx_word' id='word_1_322' title='bbox 262 3481 448 3560; x_wconf 85' lang='lat' dir='ltr'><strong>aggrediens,</strong></span> <span class='ocrx_word' id='word_1_323' title='bbox 470 3482 573 3554; x_wconf 89' lang='lat' dir='ltr'><strong>lateat,</strong></span> <span class='ocrx_word' id='word_1_324' title='bbox 606 3483 630 3541; x_wconf 92' lang='lat' dir='ltr'><strong>si</strong></span> <span class='ocrx_word' id='word_1_325' title='bbox 649 3483 774 3540; x_wconf 86' lang='lat' dir='ltr'><strong>maxime</strong></span> <span class='ocrx_word' id='word_1_326' title='bbox 794 3484 921 3560; x_wconf 89' lang='lat' dir='ltr'><strong>injustus</strong></span> <span class='ocrx_word' id='word_1_327' title='bbox 948 3484 1065 3542; x_wconf 86' lang='lat' dir='ltr'><strong>futurus</strong></span> <span class='ocrx_word' id='word_1_328' title='bbox 1090 3499 1150 3544; x_wconf 89' lang='lat' dir='ltr'><strong>est:</strong></span> <span class='ocrx_word' id='word_1_329' title='bbox 1183 3498 1308 3543; x_wconf 83' lang='lat' dir='ltr'><strong>extrema</strong></span> 
     </span>
     <span class='ocr_line' id='line_1_34' title="bbox 79 3578 1307 3662; baseline 0.007 -28"><span class='ocrx_word' id='word_1_330' title='bbox 79 3579 151 3635; x_wconf 87' lang='lat' dir='ltr'><strong>enirn</strong></span> <span class='ocrx_word' id='word_1_331' title='bbox 171 3579 317 3662; x_wconf 82' lang='lat' dir='ltr'><strong>injustitia</strong></span> <span class='ocrx_word' id='word_1_332' title='bbox 337 3593 396 3653; x_wconf 90' lang='lat' dir='ltr'><strong>est,</strong></span> <span class='ocrx_word' id='word_1_333' title='bbox 414 3581 526 3656; x_wconf 89' lang='lat' dir='ltr'><strong>justum</strong></span> <span class='ocrx_word' id='word_1_334' title='bbox 545 3578 641 3641; x_wconf 83' lang='lat' dir='ltr'><strong>videri</strong></span> <span class='ocrx_word' id='word_1_335' title='bbox 661 3597 745 3655; x_wconf 89' lang='lat' dir='ltr'><strong>eum,</strong></span> <span class='ocrx_word' id='word_1_336' title='bbox 773 3583 824 3659; x_wconf 90' lang='lat' dir='ltr'><strong>qui</strong></span> <span class='ocrx_word' id='word_1_337' title='bbox 846 3584 965 3641; x_wconf 90' lang='lat' dir='ltr'><strong>nonsit</strong></span> <span class='ocrx_word' id='word_1_338' title='bbox 990 3585 1105 3660; x_wconf 85' lang='lat' dir='ltr'><strong>justus:</strong></span> <span class='ocrx_word' id='word_1_339' title='bbox 1135 3582 1234 3642; x_wconf 89' lang='lat' dir='ltr'><strong>danda</strong></span> <span class='ocrx_word' id='word_1_340' title='bbox 1264 3597 1307 3651; x_wconf 76' lang='lat' dir='ltr'><strong>cst</strong></span> 
     </span>
     <span class='ocr_line' id='line_1_35' title="bbox 79 3675 1306 3761; baseline 0.007 -29"><span class='ocrx_word' id='word_1_341' title='bbox 79 3675 161 3754; x_wconf 87' lang='lat' dir='ltr'><strong>igitur</strong></span> <span class='ocrx_word' id='word_1_342' title='bbox 187 3677 376 3754; x_wconf 85' lang='lat' dir='ltr'><strong>injustissimo</strong></span> <span class='ocrx_word' id='word_1_343' title='bbox 404 3691 530 3737; x_wconf 80' lang='lat' dir='ltr'><strong>extrema</strong></span> <span class='ocrx_word' id='word_1_344' title='bbox 562 3678 726 3756; x_wconf 89' lang='lat' dir='ltr'><strong>injustitia,</strong></span> <span class='ocrx_word' id='word_1_345' title='bbox 761 3700 854 3758; x_wconf 87' lang='lat' dir='ltr'><strong>neque</strong></span> <span class='ocrx_word' id='word_1_346' title='bbox 874 3678 1050 3755; x_wconf 83' lang='lat' dir='ltr'><strong>auferenda,</strong></span> <span class='ocrx_word' id='word_1_347' title='bbox 1071 3679 1122 3755; x_wconf 81' lang='lat' dir='ltr'><strong>sed</strong></span> <span class='ocrx_word' id='word_1_348' title='bbox 1139 3681 1306 3761; x_wconf 84' lang='lat' dir='ltr'><strong>permitten-</strong></span> 
     </span>
     <span class='ocr_line' id='line_1_36' title="bbox 78 3771 1307 3861; baseline 0.007 -30"><span class='ocrx_word' id='word_1_349' title='bbox 78 3771 160 3847; x_wconf 89' lang='lat' dir='ltr'><strong>dum,</strong></span> <span class='ocrx_word' id='word_1_350' title='bbox 183 3788 214 3833; x_wconf 92' lang='lat' dir='ltr'><strong>ut</strong></span> <span class='ocrx_word' id='word_1_351' title='bbox 234 3775 277 3848; x_wconf 91' lang='lat' dir='ltr'><strong>is,</strong></span> <span class='ocrx_word' id='word_1_352' title='bbox 298 3776 348 3853; x_wconf 88' lang='lat' dir='ltr'><strong>qui</strong></span> <span class='ocrx_word' id='word_1_353' title='bbox 371 3775 479 3854; x_wconf 89' lang='lat' dir='ltr'><strong>injuste</strong></span> <span class='ocrx_word' id='word_1_354' title='bbox 499 3775 590 3851; x_wconf 73' lang='lat' dir='ltr'><strong>multa</strong></span> <span class='ocrx_word' id='word_1_355' title='bbox 610 3779 755 3857; x_wconf 81' lang='lat' dir='ltr'><strong>patravit,</strong></span> <span class='ocrx_word' id='word_1_356' title='bbox 775 3778 855 3858; x_wconf 92' lang='lat' dir='ltr'><strong>apud</strong></span> <span class='ocrx_word' id='word_1_357' title='bbox 875 3799 973 3838; x_wconf 91' lang='lat' dir='ltr'><strong>omues</strong></span> <span class='ocrx_word' id='word_1_358' title='bbox 987 3779 1061 3856; x_wconf 88' lang='lat' dir='ltr'><strong>justi</strong></span> <span class='ocrx_word' id='word_1_359' title='bbox 1081 3778 1187 3838; x_wconf 86' lang='lat' dir='ltr'><strong>habeat</strong></span> <span class='ocrx_word' id='word_1_360' title='bbox 1207 3781 1307 3861; x_wconf 92' lang='lat' dir='ltr'><strong>opini-</strong></span> 
     </span>
     <span class='ocr_line' id='line_1_37' title="bbox 79 3873 1307 3958; baseline 0.009 -30"><span class='ocrx_word' id='word_1_361' title='bbox 79 3891 174 3930; x_wconf 89' lang='lat' dir='ltr'><strong>onem:</strong></span> <span class='ocrx_word' id='word_1_362' title='bbox 196 3886 225 3931; x_wconf 91' lang='lat' dir='ltr'><strong>et</strong></span> <span class='ocrx_word' id='word_1_363' title='bbox 243 3873 267 3931; x_wconf 91' lang='lat' dir='ltr'><strong>si</strong></span> <span class='ocrx_word' id='word_1_364' title='bbox 285 3894 340 3951; x_wconf 89' lang='lat' dir='ltr'><strong>qua</strong></span> <span class='ocrx_word' id='word_1_365' title='bbox 360 3875 391 3932; x_wconf 88' lang='lat' dir='ltr'><strong>iu</strong></span> <span class='ocrx_word' id='word_1_366' title='bbox 412 3894 442 3932; x_wconf 91' lang='lat' dir='ltr'><strong>re</strong></span> <span class='ocrx_word' id='word_1_367' title='bbox 467 3877 617 3955; x_wconf 87' lang='lat' dir='ltr'><strong>peccavit,</strong></span> <span class='ocrx_word' id='word_1_368' title='bbox 646 3877 787 3955; x_wconf 88' lang='lat' dir='ltr'><strong>corrigere</strong></span> <span class='ocrx_word' id='word_1_369' title='bbox 806 3877 912 3958; x_wconf 87' lang='lat' dir='ltr'><strong>possit,</strong></span> <span class='ocrx_word' id='word_1_370' title='bbox 944 3877 1037 3955; x_wconf 86' lang='lat' dir='ltr'><strong>sitque</strong></span> <span class='ocrx_word' id='word_1_371' title='bbox 1063 3875 1098 3934; x_wconf 89' lang='lat' dir='ltr'><strong>ad</strong></span> <span class='ocrx_word' id='word_1_372' title='bbox 1131 3877 1307 3958; x_wconf 84' lang='lat' dir='ltr'><strong>persuaden-</strong></span> 
     </span>
     <span class='ocr_line' id='line_1_38' title="bbox 79 3965 1305 4057; baseline 0.009 -30"><span class='ocrx_word' id='word_1_373' title='bbox 79 3965 142 4028; x_wconf 89' lang='lat' dir='ltr'><strong>dum</strong></span> <span class='ocrx_word' id='word_1_374' title='bbox 170 3969 321 4057; x_wconf 65' lang='lat' dir='ltr'><strong>idoneus,</strong></span> <span class='ocrx_word' id='word_1_375' title='bbox 344 3973 368 4030; x_wconf 92' lang='lat' dir='ltr'><strong>si</strong></span> <span class='ocrx_word' id='word_1_376' title='bbox 396 3971 470 4051; x_wconf 92' lang='lat' dir='ltr'><strong>quid</strong></span> <span class='ocrx_word' id='word_1_377' title='bbox 499 3971 536 4032; x_wconf 88' lang='lat' dir='ltr'><strong>de</strong></span> <span class='ocrx_word' id='word_1_378' title='bbox 554 3974 616 4054; x_wconf 90' lang='lat' dir='ltr'><strong>ipso</strong></span> <span class='ocrx_word' id='word_1_379' title='bbox 637 3973 707 4032; x_wconf 90' lang='lat' dir='ltr'><strong>mali</strong></span> <span class='ocrx_word' id='word_1_380' title='bbox 727 3975 865 4034; x_wconf 85' lang='lat' dir='ltr'><strong>facinoris</strong></span> <span class='ocrx_word' id='word_1_381' title='bbox 885 3974 1055 4048; x_wconf 82' lang='lat' dir='ltr'><strong>nuntiatur,</strong></span> <span class='ocrx_word' id='word_1_382' title='bbox 1077 3987 1105 4032; x_wconf 93' lang='lat' dir='ltr'><strong>et</strong></span> <span class='ocrx_word' id='word_1_383' title='bbox 1123 3974 1161 4034; x_wconf 95' lang='lat' dir='ltr'><strong>ad</strong></span> <span class='ocrx_word' id='word_1_384' title='bbox 1181 3977 1260 4051; x_wconf 87' lang='lat' dir='ltr'><strong>vim,</strong></span> <span class='ocrx_word' id='word_1_385' title='bbox 1281 3979 1305 4038; x_wconf 93' lang='lat' dir='ltr'><strong>si</strong></span> 
     </span>
     <span class='ocr_line' id='line_1_39' title="bbox 79 4068 1306 4153; baseline 0.009 -30"><span class='ocrx_word' id='word_1_386' title='bbox 79 4085 145 4145; x_wconf 88' lang='lat' dir='ltr'><strong>opus</strong></span> <span class='ocrx_word' id='word_1_387' title='bbox 161 4069 267 4144; x_wconf 77' lang='lat' dir='ltr'><strong>luerit,</strong></span> <span class='ocrx_word' id='word_1_388' title='bbox 289 4068 474 4130; x_wconf 85' lang='lat' dir='ltr'><strong>inferendam</strong></span> <span class='ocrx_word' id='word_1_389' title='bbox 488 4069 664 4130; x_wconf 51' lang='lat' dir='ltr'><strong>¹fortitudine</strong></span> <span class='ocrx_word' id='word_1_390' title='bbox 684 4083 712 4130; x_wconf 88' lang='lat' dir='ltr'><strong>et</strong></span> <span class='ocrx_word' id='word_1_391' title='bbox 734 4073 835 4131; x_wconf 86' lang='lat' dir='ltr'><strong>robore</strong></span> <span class='ocrx_word' id='word_1_392' title='bbox 856 4088 999 4153; x_wconf 88' lang='lat' dir='ltr'><strong>opumque</strong></span> <span class='ocrx_word' id='word_1_393' title='bbox 1028 4086 1057 4131; x_wconf 86' lang='lat' dir='ltr'><strong>et</strong></span> <span class='ocrx_word' id='word_1_394' title='bbox 1074 4074 1230 4133; x_wconf 89' lang='lat' dir='ltr'><strong>amicorum</strong></span> <span class='ocrx_word' id='word_1_395' title='bbox 1260 4095 1306 4135; x_wconf 91' lang='lat' dir='ltr'><strong>co·</strong></span> 
     </span>
     <span class='ocr_line' id='line_1_40' title="bbox 79 4163 1306 4252; baseline 0.011 -32"><span class='ocrx_word' id='word_1_396' title='bbox 79 4165 122 4241; x_wconf 80' lang='lat' dir='ltr'><strong>pil</strong></span> <span class='ocrx_word' id='word_1_397' title='bbox 140 4166 264 4228; x_wconf 88' lang='lat' dir='ltr'><strong>validus.</strong></span> <span class='ocrx_word' id='word_1_398' title='bbox 307 4169 379 4228; x_wconf 90' lang='lat' dir='ltr'><strong>Cum</strong></span> <span class='ocrx_word' id='word_1_399' title='bbox 398 4168 477 4227; x_wconf 89' lang='lat' dir='ltr'><strong>hunc</strong></span> <span class='ocrx_word' id='word_1_400' title='bbox 495 4168 582 4228; x_wconf 86' lang='lat' dir='ltr'><strong>talem</strong></span> <span class='ocrx_word' id='word_1_401' title='bbox 601 4163 790 4245; x_wconf 75' lang='lat' dir='ltr'><strong>finxerimus,</strong></span> <span class='ocrx_word' id='word_1_402' title='bbox 808 4172 894 4250; x_wconf 88' lang='lat' dir='ltr'><strong>juxta</strong></span> <span class='ocrx_word' id='word_1_403' title='bbox 917 4171 1012 4252; x_wconf 88' lang='lat' dir='ltr'><strong>ipsum</strong></span> <span class='ocrx_word' id='word_1_404' title='bbox 1041 4173 1137 4233; x_wconf 83' lang='lat' dir='ltr'><strong>virum</strong></span> <span class='ocrx_word' id='word_1_405' title='bbox 1165 4193 1306 4252; x_wconf 90' lang='lat' dir='ltr'><strong>ponamus</strong></span> 
     </span>
     <span class='ocr_line' id='line_1_41' title="bbox 75 4260 1362 4350; baseline 0.007 -31"><span class='ocrx_word' id='word_1_406' title='bbox 75 4260 197 4339; x_wconf 86' lang='lat' dir='ltr'><strong>justum,</strong></span> <span class='ocrx_word' id='word_1_407' title='bbox 228 4265 390 4346; x_wconf 89' lang='lat' dir='ltr'><strong>simplicem</strong></span> <span class='ocrx_word' id='word_1_408' title='bbox 417 4265 564 4326; x_wconf 90' lang='lat' dir='ltr'><strong>bominem</strong></span> <span class='ocrx_word' id='word_1_409' title='bbox 594 4281 622 4327; x_wconf 90' lang='lat' dir='ltr'><strong>et</strong></span> <span class='ocrx_word' id='word_1_410' title='bbox 648 4270 808 4349; x_wconf 88' lang='lat' dir='ltr'><strong>ingenuum</strong></span> <span class='ocrx_word' id='word_1_411' title='bbox 820 4314 829 4344; x_wconf 92' lang='lat'><strong>,</strong></span> <span class='ocrx_word' id='word_1_412' title='bbox 859 4271 908 4348; x_wconf 89' lang='lat' dir='ltr'><strong>qui</strong></span> <span class='ocrx_word' id='word_1_413' title='bbox 938 4269 1099 4329; x_wconf 90' lang='lat' dir='ltr'><strong>secundum</strong></span> <span class='ocrx_word' id='word_1_414' title='bbox 1128 4268 1305 4350; x_wconf 78' lang='lat' dir='ltr'><strong>Aeschylum</strong></span> <span class='ocrx_word' id='word_1_415' title='bbox 1360 4281 1362 4285; x_wconf 82' lang='grc'><strong>“</strong></span> 
     </span>
     <span class='ocr_line' id='line_1_42' title="bbox 76 4361 1304 4450; baseline 0.011 -36"><span class='ocrx_word' id='word_1_416' title='bbox 76 4379 133 4417; x_wconf 90' lang='lat' dir='ltr'><strong>non</strong></span> <span class='ocrx_word' id='word_1_417' title='bbox 158 4361 253 4422; x_wconf 84' lang='lat' dir='ltr'><strong>videri</strong></span> <span class='ocrx_word' id='word_1_418' title='bbox 281 4362 333 4424; x_wconf 88' lang='lat' dir='ltr'><strong>sed</strong></span> <span class='ocrx_word' id='word_1_419' title='bbox 361 4384 420 4424; x_wconf 91' lang='lat' dir='ltr'><strong>esse</strong></span> <span class='ocrx_word' id='word_1_420' title='bbox 451 4363 545 4425; x_wconf 88' lang='lat' dir='ltr'><strong>bonus</strong></span> <span class='ocrx_word' id='word_1_421' title='bbox 568 4365 692 4427; x_wconf 86' lang='lat' dir='ltr'><strong>studeat.</strong></span> <span class='ocrx_word' id='word_1_422' title='bbox 736 4367 923 4430; x_wconf 84' lang='lat' dir='ltr'><strong>Removenda</strong></span> <span class='ocrx_word' id='word_1_423' title='bbox 942 4368 1051 4450; x_wconf 90' lang='lat' dir='ltr'><strong>quippe</strong></span> <span class='ocrx_word' id='word_1_424' title='bbox 1069 4367 1106 4426; x_wconf 92' lang='lat' dir='ltr'><strong>ab</strong></span> <span class='ocrx_word' id='word_1_425' title='bbox 1126 4388 1160 4427; x_wconf 93' lang='lat' dir='ltr'><strong>eo</strong></span> <span class='ocrx_word' id='word_1_426' title='bbox 1172 4367 1304 4444; x_wconf 83' lang='lat' dir='ltr'><strong>justitiae</strong></span> 
     </span>
     <span class='ocr_line' id='line_1_43' title="bbox 80 4458 1303 4542; baseline 0.007 -27"><span class='ocrx_word' id='word_1_427' title='bbox 80 4458 168 4518; x_wconf 89' lang='lat' dir='ltr'><strong>omnis</strong></span> <span class='ocrx_word' id='word_1_428' title='bbox 186 4462 304 4542; x_wconf 90' lang='lat' dir='ltr'><strong>opinio,</strong></span> <span class='ocrx_word' id='word_1_429' title='bbox 326 4483 363 4521; x_wconf 90' lang='lat' dir='ltr'><strong>ne</strong></span> <span class='ocrx_word' id='word_1_430' title='bbox 378 4463 474 4540; x_wconf 91' lang='lat' dir='ltr'><strong>justus</strong></span> <span class='ocrx_word' id='word_1_431' title='bbox 494 4463 628 4541; x_wconf 89' lang='lat' dir='ltr'><strong>cuiquam</strong></span> <span class='ocrx_word' id='word_1_432' title='bbox 650 4463 801 4525; x_wconf 81' lang='lat' dir='ltr'><strong>videatur:</strong></span> <span class='ocrx_word' id='word_1_433' title='bbox 823 4466 846 4524; x_wconf 89' lang='lat' dir='ltr'><strong>si</strong></span> <span class='ocrx_word' id='word_1_434' title='bbox 866 4467 944 4526; x_wconf 89' lang='lat' dir='ltr'><strong>enim</strong></span> <span class='ocrx_word' id='word_1_435' title='bbox 962 4465 1113 4527; x_wconf 88' lang='lat' dir='ltr'><strong>videbitur</strong></span> <span class='ocrx_word' id='word_1_436' title='bbox 1127 4467 1224 4542; x_wconf 89' lang='lat' dir='ltr'><strong>justus</strong></span> <span class='ocrx_word' id='word_1_437' title='bbox 1233 4485 1303 4540; x_wconf 87' lang='lat' dir='ltr'><strong>esse,</strong></span> 
     </span>
    </p>
   </div>
   <div class='ocr_carea' id='block_1_4' title="bbox 0 0 1448 5118">
    <p class='ocr_par' dir='ltr' id='par_1_4' title="bbox 0 0 1448 5118">
     <span class='ocr_line' id='line_1_44' title="bbox 0 0 1448 5118; baseline 0 0"><span class='ocrx_word' id='word_1_438' title='bbox 0 0 1448 5118; x_wconf 95' lang='lat' dir='ltr'><strong> </strong></span> 
     </span>
    </p>
   </div>
  </div>
 </body>
</html>
