<?xml version="1.0" encoding="UTF-8"?>
<!DOCTYPE html PUBLIC "-//W3C//DTD XHTML 1.0 Transitional//EN"
    "http://www.w3.org/TR/xhtml1/DTD/xhtml1-transitional.dtd">
<html xmlns="http://www.w3.org/1999/xhtml" xml:lang="en" lang="en">
 <head>
  <title>
</title>
<meta http-equiv="Content-Type" content="text/html;charset=utf-8" />
  <meta name='ocr-system' content='tesseract 3.04.00' />
  <meta name='ocr-capabilities' content='ocr_page ocr_carea ocr_par ocr_line ocrx_word'/>
</head>
<body>
  <div class='ocr_page' id='page_1' title='image "./initiaphilosoph02heusgoog_0436.png"; bbox 0 0 2886 5118; ppageno 0'>
   <div class='ocr_carea' id='block_1_1' title="bbox 642 262 702 322">
    <p class='ocr_par' dir='ltr' id='par_1_1' title="bbox 642 262 702 322">
     <span class='ocr_line' id='line_1_1' title="bbox 642 262 702 322; baseline 0 0"><span class='ocrx_word' id='word_1_1' title='bbox 642 262 702 322; x_wconf 69' lang='lat'><strong>415</strong></span> 
     </span>
    </p>
   </div>
   <div class='ocr_carea' id='block_1_2' title="bbox 28 417 1374 4154">
    <p class='ocr_par' dir='ltr' id='par_1_2' title="bbox 58 417 1374 1876">
     <span class='ocr_line' id='line_1_2' title="bbox 59 417 1374 504; baseline 0.002 -20"><span class='ocrx_word' id='word_1_2' title='bbox 59 425 186 504; x_wconf 87' lang='lat' dir='ltr'><strong>quidem,</strong></span> <span class='ocrx_word' id='word_1_3' title='bbox 215 439 245 484; x_wconf 92' lang='lat' dir='ltr'><strong>ut</strong></span> <span class='ocrx_word' id='word_1_4' title='bbox 273 425 314 484; x_wconf 89' lang='lat' dir='ltr'><strong>ait</strong></span> <span class='ocrx_word' id='word_1_5' title='bbox 342 425 409 500; x_wconf 85' lang='lat' dir='ltr'><strong>ille,</strong></span> <span class='ocrx_word' id='word_1_6' title='bbox 433 423 462 504; x_wconf 83' lang='grc'><strong>1)</strong></span> <span class='ocrx_word' id='word_1_7' title='bbox 488 425 615 486; x_wconf 85' lang='lat' dir='ltr'><strong>hominis</strong></span> <span class='ocrx_word' id='word_1_8' title='bbox 645 425 764 504; x_wconf 84' lang='lat' dir='ltr'><strong>ingenio</strong></span> <span class='ocrx_word' id='word_1_9' title='bbox 794 425 933 498; x_wconf 84' lang='lat' dir='ltr'><strong>insitum,</strong></span> <span class='ocrx_word' id='word_1_10' title='bbox 955 438 987 483; x_wconf 91' lang='lat' dir='ltr'><strong>ut</strong></span> <span class='ocrx_word' id='word_1_11' title='bbox 1008 425 1040 484; x_wconf 90' lang='lat' dir='ltr'><strong>in</strong></span> <span class='ocrx_word' id='word_1_12' title='bbox 1058 446 1173 486; x_wconf 78' lang='lat' dir='ltr'><strong>caussas</strong></span> <span class='ocrx_word' id='word_1_13' title='bbox 1192 445 1287 488; x_wconf 85' lang='lat' dir='ltr'><strong>rerum</strong></span> <span class='ocrx_word' id='word_1_14' title='bbox 1372 417 1374 422; x_wconf 42' lang='lat'><strong>¹</strong></span> 
     </span>
     <span class='ocr_line' id='line_1_3' title="bbox 59 519 1289 605; baseline 0.002 -24"><span class='ocrx_word' id='word_1_15' title='bbox 59 525 187 602; x_wconf 88' lang='lat' dir='ltr'><strong>inquirat.</strong></span> <span class='ocrx_word' id='word_1_16' title='bbox 229 522 353 582; x_wconf 89' lang='lat' dir='ltr'><strong>Faciunt</strong></span> <span class='ocrx_word' id='word_1_17' title='bbox 380 522 517 605; x_wconf 83' lang='lat' dir='ltr'><strong>parvuli,</strong></span> <span class='ocrx_word' id='word_1_18' title='bbox 548 522 598 580; x_wconf 92' lang='lat' dir='ltr'><strong>ubi</strong></span> <span class='ocrx_word' id='word_1_19' title='bbox 617 523 741 602; x_wconf 83' lang='lat' dir='ltr'><strong>cogitare</strong></span> <span class='ocrx_word' id='word_1_20' title='bbox 761 536 789 581; x_wconf 92' lang='lat' dir='ltr'><strong>et</strong></span> <span class='ocrx_word' id='word_1_21' title='bbox 809 519 1175 604; x_wconf 66' lang='lat' dir='ltr'><strong>ratiocinar·i&#39;‚coeperunt:</strong></span> <span class='ocrx_word' id='word_1_22' title='bbox 1198 526 1289 585; x_wconf 90' lang='lat' dir='ltr'><strong>omni·</strong></span> 
     </span>
     <span class='ocr_line' id='line_1_4' title="bbox 58 619 1291 704; baseline 0.002 -24"><span class='ocrx_word' id='word_1_23' title='bbox 58 643 108 700; x_wconf 90' lang='lat' dir='ltr'><strong>quc</strong></span> <span class='ocrx_word' id='word_1_24' title='bbox 124 635 212 681; x_wconf 91' lang='lat' dir='ltr'><strong>aetate</strong></span> <span class='ocrx_word' id='word_1_25' title='bbox 232 619 317 682; x_wconf 88' lang='lat' dir='ltr'><strong>homo</strong></span> <span class='ocrx_word' id='word_1_26' title='bbox 327 669 335 704; x_wconf 83' lang='lat'><strong>,</strong></span> <span class='ocrx_word' id='word_1_27' title='bbox 357 636 386 682; x_wconf 92' lang='lat' dir='ltr'><strong>et</strong></span> <span class='ocrx_word' id='word_1_28' title='bbox 404 621 618 683; x_wconf 89' lang='lat' dir='ltr'><strong>sollertissimus</strong></span> <span class='ocrx_word' id='word_1_29' title='bbox 632 622 753 700; x_wconf 86' lang='lat' dir='ltr'><strong>quisque</strong></span> <span class='ocrx_word' id='word_1_30' title='bbox 769 622 909 696; x_wconf 78' lang='lat' dir='ltr'>maxime,</span> <span class='ocrx_word' id='word_1_31' title='bbox 931 620 964 680; x_wconf 91' lang='lat' dir='ltr'><strong>id</strong></span> <span class='ocrx_word' id='word_1_32' title='bbox 983 643 1092 682; x_wconf 88' lang='lat' dir='ltr'><strong>summa</strong></span> <span class='ocrx_word' id='word_1_33' title='bbox 1111 645 1165 704; x_wconf 92' lang='lat' dir='ltr'><strong>ope</strong></span> <span class='ocrx_word' id='word_1_34' title='bbox 1184 625 1291 683; x_wconf 88' lang='lat' dir='ltr'><strong>nititur</strong></span> 
     </span>
     <span class='ocr_line' id='line_1_5' title="bbox 59 719 1291 802; baseline 0.004 -25"><span class='ocrx_word' id='word_1_35' title='bbox 59 733 231 780; x_wconf 81' lang='lat' dir='ltr'><strong>constanter:</strong></span> <span class='ocrx_word' id='word_1_36' title='bbox 253 721 392 780; x_wconf 89' lang='lat' dir='ltr'><strong>debemus</strong></span> <span class='ocrx_word' id='word_1_37' title='bbox 412 719 484 780; x_wconf 90' lang='lat' dir='ltr'><strong>adeo</strong></span> <span class='ocrx_word' id='word_1_38' title='bbox 503 719 600 780; x_wconf 89' lang='lat' dir='ltr'><strong>studio</strong></span> <span class='ocrx_word' id='word_1_39' title='bbox 615 720 684 778; x_wconf 90' lang='lat' dir='ltr'><strong>huie</strong></span> <span class='ocrx_word' id='word_1_40' title='bbox 705 733 803 780; x_wconf 87' lang='lat' dir='ltr'><strong>nostro</strong></span> <span class='ocrx_word' id='word_1_41' title='bbox 821 741 908 799; x_wconf 86' lang='lat' dir='ltr'><strong>quam</strong></span> <span class='ocrx_word' id='word_1_42' title='bbox 927 720 1055 800; x_wconf 89' lang='lat' dir='ltr'><strong>plurima</strong></span> <span class='ocrx_word' id='word_1_43' title='bbox 1066 722 1291 802; x_wconf 84' lang='lat' dir='ltr'><strong>gravissimaque</strong></span> 
     </span>
     <span class='ocr_line' id='line_1_6' title="bbox 59 817 1291 901; baseline 0.005 -27"><span class='ocrx_word' id='word_1_44' title='bbox 59 817 86 876; x_wconf 93' lang='lat' dir='ltr'><strong>in</strong></span> <span class='ocrx_word' id='word_1_45' title='bbox 104 817 187 876; x_wconf 90' lang='lat' dir='ltr'><strong>rebus</strong></span> <span class='ocrx_word' id='word_1_46' title='bbox 205 819 382 878; x_wconf 91' lang='lat' dir='ltr'><strong>mechanicis</strong></span> <span class='ocrx_word' id='word_1_47' title='bbox 402 831 431 878; x_wconf 93' lang='lat' dir='ltr'><strong>et</strong></span> <span class='ocrx_word' id='word_1_48' title='bbox 448 819 645 880; x_wconf 80' lang='lat' dir='ltr'><strong>astronomicis</strong></span> <span class='ocrx_word' id='word_1_49' title='bbox 666 820 797 892; x_wconf 80' lang='lat' dir='ltr'><strong>inventa.</strong></span> <span class='ocrx_word' id='word_1_50' title='bbox 839 820 898 878; x_wconf 88' lang='lat' dir='ltr'><strong>Nec</strong></span> <span class='ocrx_word' id='word_1_51' title='bbox 917 817 1119 898; x_wconf 86' lang='lat' dir='ltr'><strong>repudiandus</strong></span> <span class='ocrx_word' id='word_1_52' title='bbox 1138 842 1291 901; x_wconf 78' lang='lat' dir='ltr'><strong>magnope·</strong></span> 
     </span>
     <span class='ocr_line' id='line_1_7' title="bbox 59 917 1291 999; baseline 0.005 -29"><span class='ocrx_word' id='word_1_53' title='bbox 59 935 85 971; x_wconf 92' lang='lat' dir='ltr'><strong>re</strong></span> <span class='ocrx_word' id='word_1_54' title='bbox 102 929 160 990; x_wconf 88' lang='lat' dir='ltr'><strong>est,</strong></span> <span class='ocrx_word' id='word_1_55' title='bbox 192 919 300 997; x_wconf 89' lang='lat' dir='ltr'><strong>siquis</strong></span> <span class='ocrx_word' id='word_1_56' title='bbox 320 917 457 978; x_wconf 88' lang='lat' dir='ltr'><strong>emundi</strong></span> <span class='ocrx_word' id='word_1_57' title='bbox 487 917 656 977; x_wconf 91' lang='lat' dir='ltr'><strong>conditione</strong></span> <span class='ocrx_word' id='word_1_58' title='bbox 686 931 715 990; x_wconf 88' lang='lat' dir='ltr'><strong>et</strong></span> <span class='ocrx_word' id='word_1_59' title='bbox 739 917 943 997; x_wconf 87' lang='lat' dir='ltr'><strong>pulcritudine</strong></span> <span class='ocrx_word' id='word_1_60' title='bbox 972 919 1168 994; x_wconf 87' lang='lat' dir='ltr'><strong>conjecturam</strong></span> <span class='ocrx_word' id='word_1_61' title='bbox 1189 939 1291 999; x_wconf 83' lang='lat' dir='ltr'><strong>capere</strong></span> 
     </span>
     <span class='ocr_line' id='line_1_8' title="bbox 59 997 1291 1098; baseline 0.006 -29"><span class='ocrx_word' id='word_1_62' title='bbox 59 1012 91 1072; x_wconf 87' lang='lat' dir='ltr'><strong>ad</strong></span> <span class='ocrx_word' id='word_1_63' title='bbox 106 1015 311 1093; x_wconf 83' lang='lat' dir='ltr'><strong>assequendam</strong></span> <span class='ocrx_word' id='word_1_64' title='bbox 323 997 424 1076; x_wconf 87' lang='lat' dir='ltr'><strong>harum</strong></span> <span class='ocrx_word' id='word_1_65' title='bbox 437 1036 532 1074; x_wconf 91' lang='lat' dir='ltr'><strong>rerum</strong></span> <span class='ocrx_word' id='word_1_66' title='bbox 549 1037 676 1078; x_wconf 87' lang='lat' dir='ltr'><strong>caussam</strong></span> <span class='ocrx_word' id='word_1_67' title='bbox 690 1017 716 1076; x_wconf 86' lang='lat' dir='ltr'><strong>i.</strong></span> <span class='ocrx_word' id='word_1_68' title='bbox 736 1037 760 1076; x_wconf 88' lang='lat' dir='ltr'><strong>e.</strong></span> <span class='ocrx_word' id='word_1_69' title='bbox 781 1015 916 1075; x_wconf 89' lang='lat' dir='ltr'><strong>divinam</strong></span> <span class='ocrx_word' id='word_1_70' title='bbox 935 1029 1100 1075; x_wconf 86' lang='lat' dir='ltr'><strong>mentemet</strong></span> <span class='ocrx_word' id='word_1_71' title='bbox 1119 1018 1291 1098; x_wconf 87' lang='lat' dir='ltr'><strong>sapientiam</strong></span> 
     </span>
     <span class='ocr_line' id='line_1_9' title="bbox 60 1111 1292 1196; baseline 0.004 -26"><span class='ocrx_word' id='word_1_72' title='bbox 60 1111 132 1172; x_wconf 82' lang='lat' dir='ltr'><strong>relit.</strong></span> <span class='ocrx_word' id='word_1_73' title='bbox 173 1114 254 1172; x_wconf 91' lang='lat' dir='ltr'><strong>Fecit</strong></span> <span class='ocrx_word' id='word_1_74' title='bbox 271 1113 401 1174; x_wconf 88' lang='lat' dir='ltr'><strong>Socrates</strong></span> <span class='ocrx_word' id='word_1_75' title='bbox 420 1112 471 1194; x_wconf 83' lang='lat'><strong>2),</strong></span> <span class='ocrx_word' id='word_1_76' title='bbox 498 1135 531 1172; x_wconf 91' lang='lat' dir='ltr'><strong>ao</strong></span> <span class='ocrx_word' id='word_1_77' title='bbox 553 1114 715 1194; x_wconf 86' lang='lat' dir='ltr'><strong>probarunt</strong></span> <span class='ocrx_word' id='word_1_78' title='bbox 734 1116 795 1190; x_wconf 89' lang='lat' dir='ltr'><strong>ejus</strong></span> <span class='ocrx_word' id='word_1_79' title='bbox 818 1114 948 1174; x_wconf 90' lang='lat' dir='ltr'><strong>studium</strong></span> <span class='ocrx_word' id='word_1_80' title='bbox 974 1115 1075 1194; x_wconf 92' lang='lat' dir='ltr'><strong>optimi</strong></span> <span class='ocrx_word' id='word_1_81' title='bbox 1095 1116 1202 1194; x_wconf 90' lang='lat' dir='ltr'><strong>quique</strong></span> <span class='ocrx_word' id='word_1_82' title='bbox 1222 1117 1292 1196; x_wconf 88' lang='lat' dir='ltr'><strong>phi-</strong></span> 
     </span>
     <span class='ocr_line' id='line_1_10' title="bbox 61 1209 1292 1292; baseline 0.005 -25"><span class='ocrx_word' id='word_1_83' title='bbox 61 1209 171 1291; x_wconf 93' lang='lat' dir='ltr'><strong>losophi.</strong></span> <span class='ocrx_word' id='word_1_84' title='bbox 215 1211 272 1271; x_wconf 88' lang='lat' dir='ltr'><strong>Sed</strong></span> <span class='ocrx_word' id='word_1_85' title='bbox 300 1212 379 1271; x_wconf 90' lang='lat' dir='ltr'><strong>hunc</strong></span> <span class='ocrx_word' id='word_1_86' title='bbox 410 1213 443 1270; x_wconf 89' lang='lat' dir='ltr'><strong>in</strong></span> <span class='ocrx_word' id='word_1_87' title='bbox 472 1213 590 1272; x_wconf 89' lang='lat' dir='ltr'><strong>modum</strong></span> <span class='ocrx_word' id='word_1_88' title='bbox 620 1213 657 1272; x_wconf 91' lang='lat' dir='ltr'><strong>de</strong></span> <span class='ocrx_word' id='word_1_89' title='bbox 684 1211 870 1292; x_wconf 90' lang='lat' dir='ltr'><strong>philosophia</strong></span> <span class='ocrx_word' id='word_1_90' title='bbox 900 1213 1114 1292; x_wconf 86' lang='lat' dir='ltr'><strong>pronunciare,</strong></span> <span class='ocrx_word' id='word_1_91' title='bbox 1147 1234 1207 1272; x_wconf 90' lang='lat' dir='ltr'><strong>esse</strong></span> <span class='ocrx_word' id='word_1_92' title='bbox 1230 1234 1292 1273; x_wconf 89' lang='lat' dir='ltr'><strong>eam</strong></span> 
     </span>
     <span class='ocr_line' id='line_1_11' title="bbox 59 1305 1291 1389; baseline 0.006 -25"><span class='ocrx_word' id='word_1_93' title='bbox 59 1328 208 1368; x_wconf 89' lang='lat' dir='ltr'><strong>caussarum</strong></span> <span class='ocrx_word' id='word_1_94' title='bbox 219 1309 390 1386; x_wconf 87' lang='lat' dir='ltr'><strong>scientiam,</strong></span> <span class='ocrx_word' id='word_1_95' title='bbox 401 1311 509 1388; x_wconf 89' lang='lat' dir='ltr'><strong>quibus</strong></span> <span class='ocrx_word' id='word_1_96' title='bbox 520 1305 616 1370; x_wconf 85' lang='lat' dir='ltr'><strong>omnia</strong></span> <span class='ocrx_word' id='word_1_97' title='bbox 628 1356 636 1384; x_wconf 91' lang='lat'><strong>,</strong></span> <span class='ocrx_word' id='word_1_98' title='bbox 657 1331 731 1389; x_wconf 90' lang='lat' dir='ltr'><strong>quae</strong></span> <span class='ocrx_word' id='word_1_99' title='bbox 749 1324 817 1369; x_wconf 91' lang='lat' dir='ltr'><strong>sunt</strong></span> <span class='ocrx_word' id='word_1_100' title='bbox 832 1330 864 1367; x_wconf 88' lang='lat' dir='ltr'><strong>ac</strong></span> <span class='ocrx_word' id='word_1_101' title='bbox 885 1310 1026 1383; x_wconf 89' lang='lat' dir='ltr'><strong>fuerunt,</strong></span> <span class='ocrx_word' id='word_1_102' title='bbox 1047 1312 1241 1387; x_wconf 83' lang='lat' dir='ltr'><strong>exstiterunt,</strong></span> <span class='ocrx_word' id='word_1_103' title='bbox 1257 1311 1291 1372; x_wconf 91' lang='lat' dir='ltr'><strong>id</strong></span> 
     </span>
     <span class='ocr_line' id='line_1_12' title="bbox 59 1406 1293 1488; baseline 0.002 -22"><span class='ocrx_word' id='word_1_104' title='bbox 59 1425 119 1466; x_wconf 81' lang='lat' dir='ltr'><strong>rcro</strong></span> <span class='ocrx_word' id='word_1_105' title='bbox 144 1407 420 1488; x_wconf 86' lang='lat' dir='ltr'><strong>reprehendendum</strong></span> <span class='ocrx_word' id='word_1_106' title='bbox 449 1423 500 1469; x_wconf 88' lang='lat' dir='ltr'><strong>est.</strong></span> <span class='ocrx_word' id='word_1_107' title='bbox 543 1409 606 1468; x_wconf 88' lang='lat' dir='ltr'><strong>Non</strong></span> <span class='ocrx_word' id='word_1_108' title='bbox 636 1410 709 1488; x_wconf 90' lang='lat' dir='ltr'><strong>quin</strong></span> <span class='ocrx_word' id='word_1_109' title='bbox 738 1406 874 1488; x_wconf 89' lang='lat' dir='ltr'><strong>pulcrum</strong></span> <span class='ocrx_word' id='word_1_110' title='bbox 893 1406 1045 1468; x_wconf 87' lang='lat' dir='ltr'><strong>videatur:</strong></span> <span class='ocrx_word' id='word_1_111' title='bbox 1078 1409 1135 1467; x_wconf 91' lang='lat' dir='ltr'><strong>irno</strong></span> <span class='ocrx_word' id='word_1_112' title='bbox 1154 1409 1293 1470; x_wconf 83' lang='lat' dir='ltr'><strong>divinum</strong></span> 
     </span>
     <span class='ocr_line' id='line_1_13' title="bbox 59 1505 1292 1588; baseline 0.005 -28"><span class='ocrx_word' id='word_1_113' title='bbox 59 1517 94 1562; x_wconf 87' lang='lat' dir='ltr'><strong>est</strong></span> <span class='ocrx_word' id='word_1_114' title='bbox 112 1506 255 1586; x_wconf 82' lang='lat' dir='ltr'><strong>negotium</strong></span> <span class='ocrx_word' id='word_1_115' title='bbox 274 1507 396 1566; x_wconf 90' lang='lat' dir='ltr'><strong>scientia</strong></span> <span class='ocrx_word' id='word_1_116' title='bbox 417 1507 470 1568; x_wconf 94' lang='lat' dir='ltr'><strong>illa</strong></span> <span class='ocrx_word' id='word_1_117' title='bbox 490 1520 518 1566; x_wconf 90' lang='lat' dir='ltr'><strong>et</strong></span> <span class='ocrx_word' id='word_1_118' title='bbox 537 1505 656 1566; x_wconf 89' lang='lat' dir='ltr'><strong>divinae</strong></span> <span class='ocrx_word' id='word_1_119' title='bbox 677 1506 836 1586; x_wconf 89' lang='lat' dir='ltr'><strong>sapientiae</strong></span> <span class='ocrx_word' id='word_1_120' title='bbox 856 1507 1009 1587; x_wconf 90' lang='lat' dir='ltr'><strong>proprium</strong></span> <span class='ocrx_word' id='word_1_121' title='bbox 1019 1529 1028 1581; x_wconf 82' lang='lat'>3</span> <span class='ocrx_word' id='word_1_122' title='bbox 1052 1505 1103 1564; x_wconf 91' lang='lat' dir='ltr'><strong>sed</strong></span> <span class='ocrx_word' id='word_1_123' title='bbox 1120 1523 1292 1588; x_wconf 84' lang='lat' dir='ltr'><strong>propterea,</strong></span> 
     </span>
     <span class='ocr_line' id='line_1_14' title="bbox 60 1602 1291 1685; baseline 0.005 -27"><span class='ocrx_word' id='word_1_124' title='bbox 60 1617 86 1661; x_wconf 92' lang='lat' dir='ltr'><strong>ut</strong></span> <span class='ocrx_word' id='word_1_125' title='bbox 101 1602 245 1677; x_wconf 85' lang='lat' dir='ltr'><strong>diximus,</strong></span> <span class='ocrx_word' id='word_1_126' title='bbox 267 1626 352 1685; x_wconf 90' lang='lat' dir='ltr'><strong>supra</strong></span> <span class='ocrx_word' id='word_1_127' title='bbox 372 1605 541 1666; x_wconf 85' lang='lat' dir='ltr'><strong>facultatem</strong></span> <span class='ocrx_word' id='word_1_128' title='bbox 559 1604 702 1664; x_wconf 89' lang='lat' dir='ltr'><strong>humanae</strong></span> <span class='ocrx_word' id='word_1_129' title='bbox 721 1620 842 1664; x_wconf 88' lang='lat' dir='ltr'><strong>naturae</strong></span> <span class='ocrx_word' id='word_1_130' title='bbox 864 1619 916 1664; x_wconf 89' lang='lat' dir='ltr'><strong>est.</strong></span> <span class='ocrx_word' id='word_1_131' title='bbox 938 1603 1132 1679; x_wconf 87' lang='lat' dir='ltr'><strong>Quamobrem</strong></span> <span class='ocrx_word' id='word_1_132' title='bbox 1143 1607 1291 1685; x_wconf 86' lang='lat' dir='ltr'><strong>aptissime</strong></span> 
     </span>
     <span class='ocr_line' id='line_1_15' title="bbox 59 1699 1292 1784; baseline 0.006 -28"><span class='ocrx_word' id='word_1_133' title='bbox 59 1699 124 1760; x_wconf 89' lang='lat' dir='ltr'><strong>hanc</strong></span> <span class='ocrx_word' id='word_1_134' title='bbox 151 1702 302 1764; x_wconf 87' lang='lat' dir='ltr'><strong>seientiam</strong></span> <span class='ocrx_word' id='word_1_135' title='bbox 332 1703 394 1784; x_wconf 87' lang='lat' dir='ltr'><strong>ipse</strong></span> <span class='ocrx_word' id='word_1_136' title='bbox 422 1703 591 1766; x_wconf 85' lang='lat' dir='ltr'><strong>Aristoteles</strong></span> <span class='ocrx_word' id='word_1_137' title='bbox 622 1716 648 1762; x_wconf 93' lang='lat' dir='ltr'><strong>et</strong></span> <span class='ocrx_word' id='word_1_138' title='bbox 681 1710 866 1781; x_wconf 79' lang='lat' dir='ltr'><strong>capientium</strong></span> <span class='ocrx_word' id='word_1_139' title='bbox 894 1701 1056 1784; x_wconf 87' lang='lat' dir='ltr'><strong>appellavit</strong></span> <span class='ocrx_word' id='word_1_140' title='bbox 1084 1715 1113 1760; x_wconf 92' lang='lat' dir='ltr'><strong>et</strong></span> <span class='ocrx_word' id='word_1_141' title='bbox 1132 1702 1292 1765; x_wconf 86' lang='lat' dir='ltr'><strong>destinavit</strong></span> 
     </span>
     <span class='ocr_line' id='line_1_16' title="bbox 59 1803 1189 1876; baseline 0.002 -22"><span class='ocrx_word' id='word_1_142' title='bbox 59 1803 244 1876; x_wconf 58' lang='lat' dir='ltr'><strong>comeatibus.</strong></span> <span class='ocrx_word' id='word_1_143' title='bbox 1183 1805 1189 1814; x_wconf 84' lang='lat'>&#39;</span> 
     </span>
    </p>

    <p class='ocr_par' dir='ltr' id='par_1_3' title="bbox 28 1895 1354 4154">
     <span class='ocr_line' id='line_1_17' title="bbox 91 1895 1291 1960; baseline -0.003 -4"><span class='ocrx_word' id='word_1_144' title='bbox 91 1897 145 1958; x_wconf 89' lang='lat' dir='ltr'><strong>Nec</strong></span> <span class='ocrx_word' id='word_1_145' title='bbox 171 1919 241 1959; x_wconf 85' lang='lat' dir='ltr'><strong>vero</strong></span> <span class='ocrx_word' id='word_1_146' title='bbox 271 1898 357 1958; x_wconf 90' lang='lat' dir='ltr'><strong>aliter</strong></span> <span class='ocrx_word' id='word_1_147' title='bbox 386 1899 562 1960; x_wconf 86' lang='lat' dir='ltr'><strong>existimasse</strong></span> <span class='ocrx_word' id='word_1_148' title='bbox 593 1898 674 1958; x_wconf 88' lang='lat' dir='ltr'><strong>Plato</strong></span> <span class='ocrx_word' id='word_1_149' title='bbox 703 1898 739 1959; x_wconf 93' lang='lat' dir='ltr'><strong>de</strong></span> <span class='ocrx_word' id='word_1_150' title='bbox 769 1896 823 1956; x_wconf 89' lang='lat' dir='ltr'><strong>hac</strong></span> <span class='ocrx_word' id='word_1_151' title='bbox 852 1899 914 1958; x_wconf 86' lang='lat' dir='ltr'><strong>sive</strong></span> <span class='ocrx_word' id='word_1_152' title='bbox 942 1895 1077 1958; x_wconf 88' lang='lat' dir='ltr'><strong>doctrina</strong></span> <span class='ocrx_word' id='word_1_153' title='bbox 1102 1897 1164 1954; x_wconf 79' lang='lat' dir='ltr'><strong>sive</strong></span> <span class='ocrx_word' id='word_1_154' title='bbox 1192 1895 1291 1954; x_wconf 90' lang='lat' dir='ltr'><strong>scien-</strong></span> 
     </span>
     <span class='ocr_line' id='line_1_18' title="bbox 59 1992 1291 2077; baseline -0.001 -26"><span class='ocrx_word' id='word_1_155' title='bbox 59 1995 92 2052; x_wconf 91' lang='lat' dir='ltr'><strong>tia</strong></span> <span class='ocrx_word' id='word_1_156' title='bbox 118 1996 176 2057; x_wconf 83' lang='lat' dir='ltr'><strong>sive</strong></span> <span class='ocrx_word' id='word_1_157' title='bbox 207 1997 351 2077; x_wconf 88' lang='lat' dir='ltr'><strong>sapientia</strong></span> <span class='ocrx_word' id='word_1_158' title='bbox 379 1995 507 2058; x_wconf 80' lang='lat' dir='ltr'><strong>ridetur.</strong></span> <span class='ocrx_word' id='word_1_159' title='bbox 550 1997 585 2054; x_wconf 92' lang='lat' dir='ltr'><strong>In</strong></span> <span class='ocrx_word' id='word_1_160' title='bbox 615 1995 788 2070; x_wconf 83' lang='lat' dir='ltr'><strong>Phaedone,</strong></span> <span class='ocrx_word' id='word_1_161' title='bbox 823 2008 855 2053; x_wconf 91' lang='lat' dir='ltr'><strong>ut</strong></span> <span class='ocrx_word' id='word_1_162' title='bbox 885 1994 1033 2067; x_wconf 74' lang='lat' dir='ltr'><strong>vidimus,</strong></span> <span class='ocrx_word' id='word_1_163' title='bbox 1065 1993 1209 2054; x_wconf 85' lang='lat' dir='ltr'><strong>Socratem</strong></span> <span class='ocrx_word' id='word_1_164' title='bbox 1240 1992 1291 2051; x_wconf 89' lang='lat' dir='ltr'><strong>in-</strong></span> 
     </span>
     <span class='ocr_line' id='line_1_19' title="bbox 60 2089 1290 2176; baseline -0.001 -27"><span class='ocrx_word' id='word_1_165' title='bbox 60 2091 135 2153; x_wconf 82' lang='lat' dir='ltr'><strong>duxit</strong></span> <span class='ocrx_word' id='word_1_166' title='bbox 158 2094 308 2156; x_wconf 86' lang='lat' dir='ltr'><strong>simillime</strong></span> <span class='ocrx_word' id='word_1_167' title='bbox 336 2109 364 2155; x_wconf 90' lang='lat' dir='ltr'><strong>et</strong></span> <span class='ocrx_word' id='word_1_168' title='bbox 392 2096 594 2176; x_wconf 83' lang='lat' dir='ltr'><strong>exquirentem</strong></span> <span class='ocrx_word' id='word_1_169' title='bbox 622 2115 735 2156; x_wconf 87' lang='lat' dir='ltr'><strong>caussas</strong></span> <span class='ocrx_word' id='word_1_170' title='bbox 755 2115 852 2154; x_wconf 87' lang='lat' dir='ltr'><strong>rerum</strong></span> <span class='ocrx_word' id='word_1_171' title='bbox 883 2106 911 2152; x_wconf 93' lang='lat' dir='ltr'><strong>et</strong></span> <span class='ocrx_word' id='word_1_172' title='bbox 940 2093 1127 2170; x_wconf 77' lang='lat' dir='ltr'><strong>Anaxagorae</strong></span> <span class='ocrx_word' id='word_1_173' title='bbox 1160 2089 1290 2149; x_wconf 89' lang='lat' dir='ltr'><strong>studium</strong></span> 
     </span>
     <span class='ocr_line' id='line_1_20' title="bbox 59 2185 1291 2270; baseline -0.002 -20"><span class='ocrx_word' id='word_1_174' title='bbox 59 2189 269 2267; x_wconf 86' lang='lat' dir='ltr'><strong>dijudicantem.</strong></span> <span class='ocrx_word' id='word_1_175' title='bbox 310 2193 480 2267; x_wconf 80' lang='lat' dir='ltr'><strong>«Juvenis,</strong></span> <span class='ocrx_word' id='word_1_176' title='bbox 509 2193 624 2270; x_wconf 89' lang='lat' dir='ltr'><strong>inquit,</strong></span> <span class='ocrx_word' id='word_1_177' title='bbox 655 2192 715 2250; x_wconf 84' lang='lat' dir='ltr'><strong>diei</strong></span> <span class='ocrx_word' id='word_1_178' title='bbox 742 2212 803 2249; x_wconf 89' lang='lat' dir='ltr'><strong>non</strong></span> <span class='ocrx_word' id='word_1_179' title='bbox 831 2203 943 2269; x_wconf 90' lang='lat' dir='ltr'><strong>potest,</strong></span> <span class='ocrx_word' id='word_1_180' title='bbox 971 2202 1080 2268; x_wconf 88' lang='lat' dir='ltr'><strong>quanto</strong></span> <span class='ocrx_word' id='word_1_181' title='bbox 1108 2191 1204 2251; x_wconf 86' lang='lat' dir='ltr'><strong>studio</strong></span> <span class='ocrx_word' id='word_1_182' title='bbox 1234 2185 1291 2268; x_wconf 81' lang='grc' dir='ltr'><strong>τῆς</strong></span> 
     </span>
     <span class='ocr_line' id='line_1_21' title="bbox 60 2279 1291 2372; baseline 0.001 -23"><span class='ocrx_word' id='word_1_183' title='bbox 60 2282 164 2366; x_wconf 74' lang='grc' dir='ltr'><strong><em>φύσεως</em></strong></span> <span class='ocrx_word' id='word_1_184' title='bbox 185 2287 492 2372; x_wconf 74' lang='lat' dir='ltr'><strong>iocopluvpersecutus</strong></span> <span class='ocrx_word' id='word_1_185' title='bbox 513 2291 584 2352; x_wconf 81' lang='lat' dir='ltr'><strong>sim:</strong></span> <span class='ocrx_word' id='word_1_186' title='bbox 607 2279 800 2369; x_wconf 71' lang='grc' dir='ltr'><em>ὑπερήφανον</em></span> <span class='ocrx_word' id='word_1_187' title='bbox 822 2279 880 2367; x_wconf 77' lang='grc' dir='ltr'><strong>γάρ</strong></span> <span class='ocrx_word' id='word_1_188' title='bbox 903 2308 956 2364; x_wconf 89' lang='grc' dir='ltr'><strong>μοι</strong></span> <span class='ocrx_word' id='word_1_189' title='bbox 977 2279 1074 2347; x_wconf 75' lang='grc' dir='ltr'><em>ἐδόκει</em></span> <span class='ocrx_word' id='word_1_190' title='bbox 1096 2280 1167 2347; x_wconf 75' lang='grc' dir='ltr'><strong><em>εἶναι</em></strong></span> <span class='ocrx_word' id='word_1_191' title='bbox 1182 2283 1291 2350; x_wconf 74' lang='grc' dir='ltr'><strong><em>εἰδέναι</em></strong></span> 
     </span>
     <span class='ocr_line' id='line_1_22' title="bbox 59 2382 1292 2472; baseline 0.005 -24"><span class='ocrx_word' id='word_1_192' title='bbox 59 2384 104 2464; x_wconf 69' lang='grc' dir='ltr'><strong>τας</strong></span> <span class='ocrx_word' id='word_1_193' title='bbox 124 2390 218 2468; x_wconf 79' lang='grc' dir='ltr'><strong><em>αἰτίας</em></strong></span> <span class='ocrx_word' id='word_1_194' title='bbox 240 2387 382 2465; x_wconf 68' lang='lat' dir='ltr'><strong>indotos,</strong></span> <span class='ocrx_word' id='word_1_195' title='bbox 404 2383 456 2452; x_wconf 78' lang='lat' dir='ltr'><strong>deci</strong></span> <span class='ocrx_word' id='word_1_196' title='bbox 466 2387 498 2451; x_wconf 86' lang='grc' dir='ltr'><strong>τί</strong></span> <span class='ocrx_word' id='word_1_197' title='bbox 517 2387 642 2470; x_wconf 78' lang='grc' dir='ltr'><strong><em>γίγνεται</em></strong></span> <span class='ocrx_word' id='word_1_198' title='bbox 652 2386 774 2450; x_wconf 73' lang='grc' dir='ltr'><strong><em>ἕκαστον</em></strong></span> <span class='ocrx_word' id='word_1_199' title='bbox 789 2387 839 2450; x_wconf 85' lang='grc' dir='ltr'><strong><em>καί</em></strong></span> <span class='ocrx_word' id='word_1_200' title='bbox 860 2382 952 2472; x_wconf 62' lang='lat' dir='ltr'><strong>decipi</strong></span> <span class='ocrx_word' id='word_1_201' title='bbox 971 2382 1250 2454; x_wconf 76' lang='grc' dir='ltr'><strong><em>αἰπόλλυταικαὶδιᾶ</em></strong></span> <span class='ocrx_word' id='word_1_202' title='bbox 1259 2389 1292 2454; x_wconf 82' lang='grc' dir='ltr'><strong>τί</strong></span> 
     </span>
     <span class='ocr_line' id='line_1_23' title="bbox 60 2488 1290 2580; baseline 0 -30"><span class='ocrx_word' id='word_1_203' title='bbox 60 2488 139 2554; x_wconf 77' lang='grc' dir='ltr'><em>ἐστιν·</em></span> <span class='ocrx_word' id='word_1_204' title='bbox 159 2498 359 2580; x_wconf 78' lang='lat' dir='ltr'><strong>magnificum</strong></span> <span class='ocrx_word' id='word_1_205' title='bbox 378 2503 459 2554; x_wconf 80' lang='lat' dir='ltr'><strong>enim</strong></span> <span class='ocrx_word' id='word_1_206' title='bbox 476 2495 622 2552; x_wconf 72' lang='lat' dir='ltr'><strong>militesne</strong></span> <span class='ocrx_word' id='word_1_207' title='bbox 642 2495 819 2565; x_wconf 81' lang='lat' dir='ltr'><strong>videbatur,</strong></span> <span class='ocrx_word' id='word_1_208' title='bbox 839 2511 965 2549; x_wconf 77' lang='lat' dir='ltr'><strong>causaue</strong></span> <span class='ocrx_word' id='word_1_209' title='bbox 983 2499 1290 2570; x_wconf 74' lang='lat' dir='ltr'><strong>antuacujuaqeom-</strong></span> 
     </span>
     <span class='ocr_line' id='line_1_24' title="bbox 57 2592 1290 2673; baseline -0.003 -21"><span class='ocrx_word' id='word_1_210' title='bbox 57 2603 125 2673; x_wconf 79' lang='lat' dir='ltr'><strong>gotti</strong></span> <span class='ocrx_word' id='word_1_211' title='bbox 148 2605 247 2668; x_wconf 77' lang='lat' dir='ltr'><strong>seire,</strong></span> <span class='ocrx_word' id='word_1_212' title='bbox 278 2615 334 2670; x_wconf 82' lang='lat' dir='ltr'><strong>quo</strong></span> <span class='ocrx_word' id='word_1_213' title='bbox 362 2593 435 2667; x_wconf 79' lang='lat' dir='ltr'><strong>quid</strong></span> <span class='ocrx_word' id='word_1_214' title='bbox 459 2592 569 2665; x_wconf 82' lang='lat' dir='ltr'><strong>fieret,</strong></span> <span class='ocrx_word' id='word_1_215' title='bbox 600 2610 655 2666; x_wconf 79' lang='lat' dir='ltr'><strong>quo</strong></span> <span class='ocrx_word' id='word_1_216' title='bbox 679 2598 818 2668; x_wconf 67' lang='lat' dir='ltr'><strong>periret,</strong></span> <span class='ocrx_word' id='word_1_217' title='bbox 847 2607 903 2663; x_wconf 82' lang='lat' dir='ltr'><strong>quo</strong></span> <span class='ocrx_word' id='word_1_218' title='bbox 922 2597 1014 2646; x_wconf 80' lang='lat' dir='ltr'><strong>erret:</strong></span> <span class='ocrx_word' id='word_1_219' title='bbox 1037 2602 1065 2647; x_wconf 89' lang='lat' dir='ltr'><strong>et</strong></span> <span class='ocrx_word' id='word_1_220' title='bbox 1082 2609 1290 2669; x_wconf 87' lang='lat' dir='ltr'><strong>saepenumero</strong></span> 
     </span>
     <span class='ocr_line' id='line_1_25' title="bbox 60 2670 1289 2768; baseline -0.005 -18"><span class='ocrx_word' id='word_1_221' title='bbox 60 2712 97 2751; x_wconf 89' lang='lat' dir='ltr'><strong>rne</strong></span> <span class='ocrx_word' id='word_1_222' title='bbox 122 2715 234 2754; x_wconf 86' lang='lat' dir='ltr'><strong>sursum</strong></span> <span class='ocrx_word' id='word_1_223' title='bbox 261 2670 450 2768; x_wconf 77' lang='lat' dir='ltr'><strong>deorsumque</strong></span> <span class='ocrx_word' id='word_1_224' title='bbox 474 2690 604 2767; x_wconf 87' lang='lat' dir='ltr'><strong>jactavi,</strong></span> <span class='ocrx_word' id='word_1_225' title='bbox 636 2687 825 2748; x_wconf 88' lang='lat' dir='ltr'><strong>considerans</strong></span> <span class='ocrx_word' id='word_1_226' title='bbox 851 2686 997 2766; x_wconf 85' lang='lat' dir='ltr'><strong>primum,</strong></span> <span class='ocrx_word' id='word_1_227' title='bbox 1029 2705 1117 2761; x_wconf 92' lang='lat' dir='ltr'><strong>num,</strong></span> <span class='ocrx_word' id='word_1_228' title='bbox 1138 2700 1289 2767; x_wconf 88' lang='lat' dir='ltr'><strong>postquam</strong></span> 
     </span>
     <span class='ocr_line' id='line_1_26' title="bbox 61 2767 1289 2872; baseline -0.003 -25"><span class='ocrx_word' id='word_1_229' title='bbox 61 2767 144 2852; x_wconf 78' lang='lat' dir='ltr'><strong>calida</strong></span> <span class='ocrx_word' id='word_1_230' title='bbox 163 2805 190 2852; x_wconf 91' lang='lat' dir='ltr'><strong>et</strong></span> <span class='ocrx_word' id='word_1_231' title='bbox 201 2788 310 2872; x_wconf 80' lang='lat' dir='ltr'><strong>frigida</strong></span> <span class='ocrx_word' id='word_1_232' title='bbox 330 2787 516 2869; x_wconf 86' lang='lat' dir='ltr'><strong>putredinem</strong></span> <span class='ocrx_word' id='word_1_233' title='bbox 535 2799 740 2866; x_wconf 86' lang='lat' dir='ltr'><strong>susceperunt,</strong></span> <span class='ocrx_word' id='word_1_234' title='bbox 752 2798 784 2843; x_wconf 91' lang='lat' dir='ltr'><strong>ut</strong></span> <span class='ocrx_word' id='word_1_235' title='bbox 794 2784 935 2844; x_wconf 83' lang='lat' dir='ltr'><strong>dixerunt</strong></span> <span class='ocrx_word' id='word_1_236' title='bbox 953 2782 1111 2858; x_wconf 87' lang='lat' dir='ltr'><strong>nonnulli,</strong></span> <span class='ocrx_word' id='word_1_237' title='bbox 1123 2797 1194 2844; x_wconf 91' lang='lat' dir='ltr'><strong>tunc</strong></span> <span class='ocrx_word' id='word_1_238' title='bbox 1203 2785 1289 2843; x_wconf 91' lang='lat' dir='ltr'><strong>alan-</strong></span> 
     </span>
     <span class='ocr_line' id='line_1_27' title="bbox 62 2883 1291 2965; baseline -0.002 -20"><span class='ocrx_word' id='word_1_239' title='bbox 62 2900 101 2947; x_wconf 91' lang='lat' dir='ltr'><strong>tur</strong></span> <span class='ocrx_word' id='word_1_240' title='bbox 119 2889 272 2951; x_wconf 89' lang='lat' dir='ltr'><strong>animalia:</strong></span> <span class='ocrx_word' id='word_1_241' title='bbox 290 2885 398 2948; x_wconf 88' lang='lat' dir='ltr'><strong>deinde</strong></span> <span class='ocrx_word' id='word_1_242' title='bbox 409 2931 417 2959; x_wconf 88' lang='lat'><strong>,</strong></span> <span class='ocrx_word' id='word_1_243' title='bbox 427 2885 583 2964; x_wconf 83' lang='lat' dir='ltr'><strong>sanguisne</strong></span> <span class='ocrx_word' id='word_1_244' title='bbox 594 2885 632 2943; x_wconf 92' lang='lat' dir='ltr'><strong>sit</strong></span> <span class='ocrx_word' id='word_1_245' title='bbox 641 2905 698 2963; x_wconf 91' lang='lat' dir='ltr'><strong>quo</strong></span> <span class='ocrx_word' id='word_1_246' title='bbox 709 2883 852 2965; x_wconf 83' lang='lat' dir='ltr'><strong>sapiamus</strong></span> <span class='ocrx_word' id='word_1_247' title='bbox 863 2927 872 2956; x_wconf 89' lang='lat'><strong>,</strong></span> <span class='ocrx_word' id='word_1_248' title='bbox 883 2904 921 2940; x_wconf 91' lang='lat' dir='ltr'><strong>an</strong></span> <span class='ocrx_word' id='word_1_249' title='bbox 940 2887 989 2940; x_wconf 77' lang='lat' dir='ltr'><strong>aer</strong></span> <span class='ocrx_word' id='word_1_250' title='bbox 999 2926 1008 2955; x_wconf 88' lang='lat'><em>‚</em></span> <span class='ocrx_word' id='word_1_251' title='bbox 1019 2903 1057 2940; x_wconf 92' lang='lat' dir='ltr'><strong>an</strong></span> <span class='ocrx_word' id='word_1_252' title='bbox 1068 2883 1145 2962; x_wconf 82' lang='lat' dir='ltr'><strong>ignis</strong></span> <span class='ocrx_word' id='word_1_253' title='bbox 1155 2928 1163 2958; x_wconf 92' lang='lat'>‚</span> <span class='ocrx_word' id='word_1_254' title='bbox 1174 2905 1210 2942; x_wconf 85' lang='lat' dir='ltr'><strong>an</strong></span> <span class='ocrx_word' id='word_1_255' title='bbox 1222 2903 1291 2942; x_wconf 88' lang='lat' dir='ltr'><strong>vero</strong></span> 
     </span>
     <span class='ocr_line' id='line_1_28' title="bbox 28 2977 1290 3061; baseline -0.005 -18"><span class='ocrx_word' id='word_1_256' title='bbox 28 2977 33 2996; x_wconf 92' lang='lat'><em>&#39;</em></span> <span class='ocrx_word' id='word_1_257' title='bbox 61 2985 150 3047; x_wconf 91' lang='lat' dir='ltr'><strong>horum</strong></span> <span class='ocrx_word' id='word_1_258' title='bbox 168 2988 266 3060; x_wconf 90' lang='lat' dir='ltr'><strong>nihil,</strong></span> <span class='ocrx_word' id='word_1_259' title='bbox 288 2986 339 3046; x_wconf 92' lang='lat' dir='ltr'><strong>sed</strong></span> <span class='ocrx_word' id='word_1_260' title='bbox 357 2984 508 3050; x_wconf 81' lang='lat' dir='ltr'><strong>¹cerebrum</strong></span> <span class='ocrx_word' id='word_1_261' title='bbox 528 2983 582 3056; x_wconf 90' lang='lat' dir='ltr'><strong>sit,</strong></span> <span class='ocrx_word' id='word_1_262' title='bbox 604 2981 682 3060; x_wconf 89' lang='lat' dir='ltr'><strong>quod</strong></span> <span class='ocrx_word' id='word_1_263' title='bbox 701 3003 803 3040; x_wconf 87' lang='lat' dir='ltr'><strong>sensus</strong></span> <span class='ocrx_word' id='word_1_264' title='bbox 820 2980 957 3061; x_wconf 88' lang='lat' dir='ltr'><strong>praebeat</strong></span> <span class='ocrx_word' id='word_1_265' title='bbox 973 2979 1134 3054; x_wconf 89' lang='lat' dir='ltr'><strong>audiendi,</strong></span> <span class='ocrx_word' id='word_1_266' title='bbox 1155 2979 1290 3055; x_wconf 84' lang='lat' dir='ltr'><strong>videndi,</strong></span> 
     </span>
     <span class='ocr_line' id='line_1_29' title="bbox 62 3077 1291 3159; baseline -0.004 -19"><span class='ocrx_word' id='word_1_267' title='bbox 62 3083 221 3148; x_wconf 87' lang='lat' dir='ltr'><strong>olfaciendi:</strong></span> <span class='ocrx_word' id='word_1_268' title='bbox 243 3106 280 3144; x_wconf 83' lang='lat' dir='ltr'><strong>ex</strong></span> <span class='ocrx_word' id='word_1_269' title='bbox 292 3085 338 3142; x_wconf 93' lang='lat' dir='ltr'><strong>his</strong></span> <span class='ocrx_word' id='word_1_270' title='bbox 349 3096 444 3142; x_wconf 85' lang='lat' dir='ltr'><strong>antem</strong></span> <span class='ocrx_word' id='word_1_271' title='bbox 454 3081 588 3142; x_wconf 88' lang='lat' dir='ltr'><strong>memoria</strong></span> <span class='ocrx_word' id='word_1_272' title='bbox 601 3079 650 3138; x_wconf 86' lang='lat' dir='ltr'><strong>fiat</strong></span> <span class='ocrx_word' id='word_1_273' title='bbox 661 3093 689 3137; x_wconf 91' lang='lat' dir='ltr'><strong>et</strong></span> <span class='ocrx_word' id='word_1_274' title='bbox 699 3080 815 3159; x_wconf 89' lang='lat' dir='ltr'><strong>opinio:</strong></span> <span class='ocrx_word' id='word_1_275' title='bbox 838 3099 874 3136; x_wconf 83' lang='lat' dir='ltr'><strong>ex</strong></span> <span class='ocrx_word' id='word_1_276' title='bbox 885 3078 1021 3136; x_wconf 88' lang='lat' dir='ltr'><strong>memoria</strong></span> <span class='ocrx_word' id='word_1_277' title='bbox 1032 3097 1101 3138; x_wconf 79' lang='lat' dir='ltr'><strong>vero</strong></span> <span class='ocrx_word' id='word_1_278' title='bbox 1113 3091 1141 3136; x_wconf 90' lang='lat' dir='ltr'><strong>et</strong></span> <span class='ocrx_word' id='word_1_279' title='bbox 1151 3077 1291 3157; x_wconf 83' lang='lat' dir='ltr'><strong>opinione</strong></span> 
     </span>
     <span class='ocr_line' id='line_1_30' title="bbox 63 3173 1291 3266; baseline -0.005 -29"><span class='ocrx_word' id='word_1_280' title='bbox 63 3197 126 3241; x_wconf 89' lang='lat' dir='ltr'><strong>recte</strong></span> <span class='ocrx_word' id='word_1_281' title='bbox 135 3197 291 3266; x_wconf 88' lang='lat' dir='ltr'><strong>temperata</strong></span> <span class='ocrx_word' id='word_1_282' title='bbox 301 3229 308 3255; x_wconf 91' lang='lat'><strong>,</strong></span> <span class='ocrx_word' id='word_1_283' title='bbox 319 3180 418 3239; x_wconf 89' lang='lat' dir='ltr'><strong>eadem</strong></span> <span class='ocrx_word' id='word_1_284' title='bbox 438 3180 550 3238; x_wconf 86' lang='lat' dir='ltr'><strong>ratione</strong></span> <span class='ocrx_word' id='word_1_285' title='bbox 562 3177 683 3236; x_wconf 87' lang='lat' dir='ltr'><strong>scientia</strong></span> <span class='ocrx_word' id='word_1_286' title='bbox 694 3177 754 3242; x_wconf 87' lang='lat' dir='ltr'><strong>fiat.</strong></span> <span class='ocrx_word' id='word_1_287' title='bbox 770 3177 827 3238; x_wconf 90' lang='lat' dir='ltr'><strong>Sed</strong></span> <span class='ocrx_word' id='word_1_288' title='bbox 844 3177 939 3236; x_wconf 85' lang='lat' dir='ltr'><strong>exitus</strong></span> <span class='ocrx_word' id='word_1_289' title='bbox 950 3174 1053 3234; x_wconf 89' lang='lat' dir='ltr'><strong>horum</strong></span> <span class='ocrx_word' id='word_1_290' title='bbox 1065 3175 1228 3235; x_wconf 90' lang='lat' dir='ltr'><strong>studiorum</strong></span> <span class='ocrx_word' id='word_1_291' title='bbox 1236 3173 1291 3232; x_wconf 90' lang='lat' dir='ltr'><strong>hu-</strong></span> 
     </span>
     <span class='ocr_line' id='line_1_31' title="bbox 60 3271 1288 3356; baseline -0.002 -20"><span class='ocrx_word' id='word_1_292' title='bbox 60 3279 171 3353; x_wconf 82' lang='lat' dir='ltr'><strong>jusmodi</strong></span> <span class='ocrx_word' id='word_1_293' title='bbox 181 3284 249 3356; x_wconf 79' lang='lat' dir='ltr'><strong>fait,</strong></span> <span class='ocrx_word' id='word_1_294' title='bbox 261 3295 292 3340; x_wconf 91' lang='lat' dir='ltr'><strong>ut</strong></span> <span class='ocrx_word' id='word_1_295' title='bbox 302 3279 421 3342; x_wconf 88' lang='lat' dir='ltr'><strong>tandem</strong></span> <span class='ocrx_word' id='word_1_296' title='bbox 432 3277 564 3336; x_wconf 88' lang='lat' dir='ltr'><strong>mihimet</strong></span> <span class='ocrx_word' id='word_1_297' title='bbox 574 3277 630 3356; x_wconf 88' lang='lat' dir='ltr'><strong>ipsi</strong></span> <span class='ocrx_word' id='word_1_298' title='bbox 641 3274 679 3334; x_wconf 90' lang='lat' dir='ltr'><strong>ad</strong></span> <span class='ocrx_word' id='word_1_299' title='bbox 690 3297 722 3334; x_wconf 91' lang='lat' dir='ltr'><strong>ea</strong></span> <span class='ocrx_word' id='word_1_300' title='bbox 731 3277 772 3336; x_wconf 89' lang='lat' dir='ltr'><strong>sie</strong></span> <span class='ocrx_word' id='word_1_301' title='bbox 784 3276 873 3336; x_wconf 87' lang='lat' dir='ltr'><strong>hebes</strong></span> <span class='ocrx_word' id='word_1_302' title='bbox 883 3274 1010 3349; x_wconf 82' lang='lat' dir='ltr'><strong>viderer,</strong></span> <span class='ocrx_word' id='word_1_303' title='bbox 1021 3288 1053 3332; x_wconf 94' lang='lat' dir='ltr'><strong>ut</strong></span> <span class='ocrx_word' id='word_1_304' title='bbox 1062 3274 1140 3333; x_wconf 86' lang='lat' dir='ltr'><strong>nihil</strong></span> <span class='ocrx_word' id='word_1_305' title='bbox 1148 3275 1236 3355; x_wconf 83' lang='lat' dir='ltr'><strong>magis</strong></span> <span class='ocrx_word' id='word_1_306' title='bbox 1246 3271 1288 3352; x_wconf 75' lang='lat'><strong>3).</strong></span> 
     </span>
     <span class='ocr_line' id='line_1_32' title="bbox 62 3364 1292 3461; baseline -0.002 -26"><span class='ocrx_word' id='word_1_307' title='bbox 62 3378 162 3440; x_wconf 87' lang='lat' dir='ltr'><strong>Deinde</strong></span> <span class='ocrx_word' id='word_1_308' title='bbox 177 3402 246 3441; x_wconf 87' lang='lat' dir='ltr'><strong>vero</strong></span> <span class='ocrx_word' id='word_1_309' title='bbox 261 3379 374 3461; x_wconf 91' lang='lat' dir='ltr'><strong>placuit</strong></span> <span class='ocrx_word' id='word_1_310' title='bbox 393 3376 465 3436; x_wconf 90' lang='lat' dir='ltr'><strong>mihi</strong></span> <span class='ocrx_word' id='word_1_311' title='bbox 484 3375 570 3434; x_wconf 91' lang='lat' dir='ltr'><strong>unice</strong></span> <span class='ocrx_word' id='word_1_312' title='bbox 579 3377 800 3454; x_wconf 75' lang='lat' dir='ltr'><strong>Anaxagorenm</strong></span> <span class='ocrx_word' id='word_1_313' title='bbox 811 3375 889 3435; x_wconf 90' lang='lat' dir='ltr'><strong>illud</strong></span> <span class='ocrx_word' id='word_1_314' title='bbox 900 3421 908 3450; x_wconf 92' lang='lat'><strong>,</strong></span> <span class='ocrx_word' id='word_1_315' title='bbox 930 3366 972 3446; x_wconf 73' lang='grc' dir='ltr'><strong>αἱς</strong></span> <span class='ocrx_word' id='word_1_316' title='bbox 994 3365 1054 3456; x_wconf 72' lang='grc' dir='ltr'><strong>ἄρα</strong></span> <span class='ocrx_word' id='word_1_317' title='bbox 1074 3371 1157 3447; x_wconf 69' lang='lat' dir='ltr'><strong>roric</strong></span> <span class='ocrx_word' id='word_1_318' title='bbox 1180 3364 1292 3434; x_wconf 66' lang='grc' dir='ltr'><strong>ἕσταόι</strong></span> 
     </span>
     <span class='ocr_line' id='line_1_33' title="bbox 63 3467 1291 3558; baseline -0.003 -24"><span class='ocrx_word' id='word_1_319' title='bbox 63 3475 218 3558; x_wconf 76' lang='grc' dir='ltr'><strong><em>διακοσμῶν</em></strong></span> <span class='ocrx_word' id='word_1_320' title='bbox 239 3499 270 3540; x_wconf 79' lang='grc' dir='ltr'><strong>τε</strong></span> <span class='ocrx_word' id='word_1_321' title='bbox 291 3475 340 3538; x_wconf 78' lang='grc' dir='ltr'><strong>καὶ</strong></span> <span class='ocrx_word' id='word_1_322' title='bbox 360 3467 480 3536; x_wconf 77' lang='grc' dir='ltr'><em>πάντων</em></span> <span class='ocrx_word' id='word_1_323' title='bbox 501 3468 612 3545; x_wconf 81' lang='grc' dir='ltr'><strong><em>αἴτιος,</em></strong></span> <span class='ocrx_word' id='word_1_324' title='bbox 634 3484 764 3533; x_wconf 83' lang='lat' dir='ltr'><strong>mantem</strong></span> <span class='ocrx_word' id='word_1_325' title='bbox 784 3497 864 3548; x_wconf 80' lang='lat' dir='ltr'><strong>ease,</strong></span> <span class='ocrx_word' id='word_1_326' title='bbox 895 3477 1163 3550; x_wconf 73' lang='lat' dir='ltr'><strong>praeordinasset</strong></span> <span class='ocrx_word' id='word_1_327' title='bbox 1191 3482 1291 3534; x_wconf 81' lang='lat' dir='ltr'><strong>omnia</strong></span> 
     </span>
     <span class='ocr_line' id='line_1_34' title="bbox 63 3572 1292 3657; baseline -0.006 -20"><span class='ocrx_word' id='word_1_328' title='bbox 63 3590 237 3657; x_wconf 72' lang='lat' dir='ltr'><strong>omniumque</strong></span> <span class='ocrx_word' id='word_1_329' title='bbox 265 3590 340 3640; x_wconf 79' lang='lat' dir='ltr'><strong>ascet</strong></span> <span class='ocrx_word' id='word_1_330' title='bbox 371 3598 489 3638; x_wconf 76' lang='lat' dir='ltr'><strong>ceuceu.</strong></span> <span class='ocrx_word' id='word_1_331' title='bbox 532 3573 703 3634; x_wconf 85' lang='lat' dir='ltr'><strong>Arbitrabar</strong></span> <span class='ocrx_word' id='word_1_332' title='bbox 733 3574 830 3648; x_wconf 89' lang='lat' dir='ltr'><strong>enirn,</strong></span> <span class='ocrx_word' id='word_1_333' title='bbox 861 3575 885 3633; x_wconf 86' lang='lat' dir='ltr'><strong>si</strong></span> <span class='ocrx_word' id='word_1_334' title='bbox 916 3575 956 3634; x_wconf 88' lang='lat' dir='ltr'><strong>ita</strong></span> <span class='ocrx_word' id='word_1_335' title='bbox 985 3595 1015 3634; x_wconf 92' lang='lat' dir='ltr'><strong>se</strong></span> <span class='ocrx_word' id='word_1_336' title='bbox 1035 3595 1080 3633; x_wconf 90' lang='lat' dir='ltr'><strong>res</strong></span> <span class='ocrx_word' id='word_1_337' title='bbox 1100 3572 1237 3646; x_wconf 90' lang='lat' dir='ltr'><strong>haberet,</strong></span> <span class='ocrx_word' id='word_1_338' title='bbox 1259 3586 1292 3630; x_wconf 93' lang='lat' dir='ltr'><strong>ut</strong></span> 
     </span>
     <span class='ocr_line' id='line_1_35' title="bbox 34 3671 1291 3752; baseline -0.009 -13"><span class='ocrx_word' id='word_1_339' title='bbox 34 3735 42 3749; x_wconf 75' lang='grc'><strong>,</strong></span> <span class='ocrx_word' id='word_1_340' title='bbox 63 3696 132 3738; x_wconf 85' lang='lat' dir='ltr'><strong>mens</strong></span> <span class='ocrx_word' id='word_1_341' title='bbox 152 3680 292 3741; x_wconf 87' lang='lat' dir='ltr'><strong>ordinans</strong></span> <span class='ocrx_word' id='word_1_342' title='bbox 308 3678 456 3740; x_wconf 89' lang='lat' dir='ltr'><strong>ordinaret</strong></span> <span class='ocrx_word' id='word_1_343' title='bbox 476 3675 595 3746; x_wconf 89' lang='lat' dir='ltr'><strong>omnia,</strong></span> <span class='ocrx_word' id='word_1_344' title='bbox 617 3672 731 3752; x_wconf 82' lang='lat' dir='ltr'><strong>singula</strong></span> <span class='ocrx_word' id='word_1_345' title='bbox 751 3673 836 3732; x_wconf 89' lang='lat' dir='ltr'><strong>etiam</strong></span> <span class='ocrx_word' id='word_1_346' title='bbox 856 3671 980 3732; x_wconf 89' lang='lat' dir='ltr'><strong>eandem</strong></span> <span class='ocrx_word' id='word_1_347' title='bbox 999 3673 1040 3730; x_wconf 91' lang='lat' dir='ltr'><strong>sic</strong></span> <span class='ocrx_word' id='word_1_348' title='bbox 1064 3671 1236 3751; x_wconf 86' lang='lat' dir='ltr'><strong>disponere,</strong></span> <span class='ocrx_word' id='word_1_349' title='bbox 1259 3681 1291 3728; x_wconf 91' lang='lat' dir='ltr'><strong>ut</strong></span> 
     </span>
     <span class='ocr_line' id='line_1_36' title="bbox 64 3770 1354 3853; baseline -0.007 -19"><span class='ocrx_word' id='word_1_350' title='bbox 64 3785 158 3853; x_wconf 83' lang='lat' dir='ltr'><strong>optime</strong></span> <span class='ocrx_word' id='word_1_351' title='bbox 177 3801 206 3838; x_wconf 88' lang='lat' dir='ltr'><strong>se</strong></span> <span class='ocrx_word' id='word_1_352' title='bbox 225 3777 375 3838; x_wconf 89' lang='lat' dir='ltr'><strong>haberent.</strong></span> <span class='ocrx_word' id='word_1_353' title='bbox 418 3772 612 3850; x_wconf 88' lang='lat' dir='ltr'><strong>Quamobrem</strong></span> <span class='ocrx_word' id='word_1_354' title='bbox 630 3771 654 3830; x_wconf 91' lang='lat' dir='ltr'><strong>si</strong></span> <span class='ocrx_word' id='word_1_355' title='bbox 674 3770 764 3831; x_wconf 84' lang='lat' dir='ltr'><strong>vellet</strong></span> <span class='ocrx_word' id='word_1_356' title='bbox 782 3771 890 3851; x_wconf 77' lang='lat' dir='ltr'><strong>aliquis</strong></span> <span class='ocrx_word' id='word_1_357' title='bbox 907 3791 1035 3830; x_wconf 88' lang='lat' dir='ltr'><strong>caussam</strong></span> <span class='ocrx_word' id='word_1_358' title='bbox 1055 3770 1209 3844; x_wconf 82' lang='lat' dir='ltr'><strong>invenire,</strong></span> <span class='ocrx_word' id='word_1_359' title='bbox 1234 3787 1290 3846; x_wconf 88' lang='lat' dir='ltr'><strong>qua</strong></span> <span class='ocrx_word' id='word_1_360' title='bbox 1352 3825 1354 3832; x_wconf 81' lang='grc'><em>,</em></span> 
     </span>
     <span class='ocr_line' id='line_1_37' title="bbox 63 3866 1292 3956; baseline -0.006 -25"><span class='ocrx_word' id='word_1_361' title='bbox 63 3875 167 3956; x_wconf 81' lang='lat' dir='ltr'><strong>singula</strong></span> <span class='ocrx_word' id='word_1_362' title='bbox 196 3889 246 3936; x_wconf 90' lang='lat' dir='ltr'><strong>aut</strong></span> <span class='ocrx_word' id='word_1_363' title='bbox 268 3875 340 3936; x_wconf 82' lang='lat' dir='ltr'><strong>siant</strong></span> <span class='ocrx_word' id='word_1_364' title='bbox 368 3889 419 3934; x_wconf 91' lang='lat' dir='ltr'><strong>ant</strong></span> <span class='ocrx_word' id='word_1_365' title='bbox 446 3884 566 3955; x_wconf 90' lang='lat' dir='ltr'><strong>percant</strong></span> <span class='ocrx_word' id='word_1_366' title='bbox 593 3883 642 3929; x_wconf 92' lang='lat' dir='ltr'><strong>aut</strong></span> <span class='ocrx_word' id='word_1_367' title='bbox 670 3870 746 3944; x_wconf 90' lang='lat' dir='ltr'><strong>sint,</strong></span> <span class='ocrx_word' id='word_1_368' title='bbox 776 3868 832 3929; x_wconf 90' lang='lat' dir='ltr'><strong>hoe</strong></span> <span class='ocrx_word' id='word_1_369' title='bbox 860 3871 954 3951; x_wconf 88' lang='lat' dir='ltr'><strong>ipsum</strong></span> <span class='ocrx_word' id='word_1_370' title='bbox 975 3889 1035 3928; x_wconf 90' lang='lat' dir='ltr'><strong>esse</strong></span> <span class='ocrx_word' id='word_1_371' title='bbox 1058 3866 1292 3941; x_wconf 86' lang='lat' dir='ltr'><strong>inveniendum,</strong></span> 
     </span>
     <span class='ocr_line' id='line_1_38' title="bbox 64 3965 1291 4062; baseline -0.008 -32"><span class='ocrx_word' id='word_1_372' title='bbox 64 3993 112 4049; x_wconf 90' lang='lat' dir='ltr'><strong>qua</strong></span> <span class='ocrx_word' id='word_1_373' title='bbox 130 3977 239 4036; x_wconf 86' lang='lat' dir='ltr'><strong>ratione</strong></span> <span class='ocrx_word' id='word_1_374' title='bbox 259 3983 405 4052; x_wconf 82' lang='lat' dir='ltr'><strong>optimum</strong></span> <span class='ocrx_word' id='word_1_375' title='bbox 424 3973 461 4031; x_wconf 89' lang='lat' dir='ltr'><strong>sit</strong></span> <span class='ocrx_word' id='word_1_376' title='bbox 482 3969 641 4047; x_wconf 89' lang='lat' dir='ltr'><strong>unicuique</strong></span> <span class='ocrx_word' id='word_1_377' title='bbox 661 3981 711 4026; x_wconf 88' lang='lat' dir='ltr'><strong>aut</strong></span> <span class='ocrx_word' id='word_1_378' title='bbox 736 3988 795 4027; x_wconf 90' lang='lat' dir='ltr'><strong>esse</strong></span> <span class='ocrx_word' id='word_1_379' title='bbox 817 3982 866 4027; x_wconf 89' lang='lat' dir='ltr'><strong>aut</strong></span> <span class='ocrx_word' id='word_1_380' title='bbox 885 3970 981 4027; x_wconf 88' lang='lat' dir='ltr'><strong>facere</strong></span> <span class='ocrx_word' id='word_1_381' title='bbox 999 3965 1124 4062; x_wconf 74' lang='lat' dir='ltr'><strong>quodvis</strong></span> <span class='ocrx_word' id='word_1_382' title='bbox 1143 3979 1193 4025; x_wconf 88' lang='lat' dir='ltr'><strong>aut</strong></span> <span class='ocrx_word' id='word_1_383' title='bbox 1211 3967 1291 4046; x_wconf 87' lang='lat' dir='ltr'><strong>pati:</strong></span> 
     </span>
     <span class='ocr_line' id='line_1_39' title="bbox 65 4063 1293 4154; baseline -0.007 -26"><span class='ocrx_word' id='word_1_384' title='bbox 65 4069 110 4130; x_wconf 95' lang='lat' dir='ltr'><strong>hoc</strong></span> <span class='ocrx_word' id='word_1_385' title='bbox 126 4087 219 4135; x_wconf 89' lang='lat' dir='ltr'><strong>autem</strong></span> <span class='ocrx_word' id='word_1_386' title='bbox 239 4087 324 4154; x_wconf 91' lang='lat' dir='ltr'><strong>pacto</strong></span> <span class='ocrx_word' id='word_1_387' title='bbox 344 4070 389 4131; x_wconf 90' lang='lat' dir='ltr'><strong>nil</strong></span> <span class='ocrx_word' id='word_1_388' title='bbox 416 4067 499 4138; x_wconf 85' lang='lat' dir='ltr'><strong>aliud</strong></span> <span class='ocrx_word' id='word_1_389' title='bbox 518 4067 664 4126; x_wconf 91' lang='lat' dir='ltr'><strong>hominem</strong></span> <span class='ocrx_word' id='word_1_390' title='bbox 688 4065 872 4126; x_wconf 89' lang='lat' dir='ltr'><strong>considerare</strong></span> <span class='ocrx_word' id='word_1_391' title='bbox 894 4087 947 4125; x_wconf 90' lang='lat' dir='ltr'><strong>nec</strong></span> <span class='ocrx_word' id='word_1_392' title='bbox 969 4065 1006 4125; x_wconf 90' lang='lat' dir='ltr'><strong>de</strong></span> <span class='ocrx_word' id='word_1_393' title='bbox 1034 4085 1136 4124; x_wconf 90' lang='lat' dir='ltr'><strong>senec</strong></span> <span class='ocrx_word' id='word_1_394' title='bbox 1158 4063 1194 4122; x_wconf 92' lang='lat' dir='ltr'><strong>de</strong></span> <span class='ocrx_word' id='word_1_395' title='bbox 1225 4063 1293 4122; x_wconf 88' lang='lat' dir='ltr'><strong>aliis</strong></span> 
     </span>
    </p>
   </div>
   <div class='ocr_carea' id='block_1_3' title="bbox 71 4216 322 4232">
    <p class='ocr_par' dir='ltr' id='par_1_4' title="bbox 71 4216 322 4232">
     <span class='ocr_line' id='line_1_40' title="bbox 71 4216 322 4232; baseline -0.012 3"><span class='ocrx_word' id='word_1_396' title='bbox 71 4216 322 4232; x_wconf 38' lang='grc' dir='ltr'><strong>Ἇ-α--ο</strong></span> 
     </span>
    </p>
   </div>
   <div class='ocr_carea' id='block_1_4' title="bbox 94 4285 713 4527">
    <p class='ocr_par' dir='ltr' id='par_1_5' title="bbox 94 4285 713 4527">
     <span class='ocr_line' id='line_1_41' title="bbox 95 4285 713 4361; baseline -0.006 -21"><span class='ocrx_word' id='word_1_397' title='bbox 95 4289 117 4355; x_wconf 87' lang='grc'><strong>1)</strong></span> <span class='ocrx_word' id='word_1_398' title='bbox 134 4292 212 4345; x_wconf 75' lang='lat' dir='ltr'><strong>Arist.</strong></span> <span class='ocrx_word' id='word_1_399' title='bbox 229 4294 334 4361; x_wconf 63' lang='lat' dir='ltr'><strong>Metapa.</strong></span> <span class='ocrx_word' id='word_1_400' title='bbox 349 4292 433 4343; x_wconf 90' lang='lat' dir='ltr'><strong>initio.</strong></span> <span class='ocrx_word' id='word_1_401' title='bbox 449 4287 497 4342; x_wconf 75' lang='lat' dir='ltr'><strong>Cll-</strong></span> <span class='ocrx_word' id='word_1_402' title='bbox 517 4287 595 4338; x_wconf 79' lang='lat' dir='ltr'><strong>lne&#39;ts&#39;u</strong></span> <span class='ocrx_word' id='word_1_403' title='bbox 610 4303 636 4353; x_wconf 88' lang='lat' dir='ltr'><strong>p.</strong></span> <span class='ocrx_word' id='word_1_404' title='bbox 654 4285 713 4337; x_wconf 84' lang='lat'>350.</span> 
     </span>
     <span class='ocr_line' id='line_1_42' title="bbox 94 4375 422 4441; baseline -0.015 -10"><span class='ocrx_word' id='word_1_405' title='bbox 94 4375 118 4439; x_wconf 77' lang='lat'><strong>2)</strong></span> <span class='ocrx_word' id='word_1_406' title='bbox 135 4379 197 4430; x_wconf 88' lang='lat' dir='ltr'><strong>Xen.</strong></span> <span class='ocrx_word' id='word_1_407' title='bbox 217 4382 287 4431; x_wconf 74' lang='lat' dir='ltr'><strong>Mein.</strong></span> <span class='ocrx_word' id='word_1_408' title='bbox 306 4379 325 4429; x_wconf 91' lang='lat' dir='ltr'><strong>l.</strong></span> <span class='ocrx_word' id='word_1_409' title='bbox 345 4379 377 4441; x_wconf 77' lang='lat' dir='ltr'><strong>ll,</strong></span> <span class='ocrx_word' id='word_1_410' title='bbox 396 4375 422 4428; x_wconf 80' lang='lat'><strong>2.</strong></span> 
     </span>
     <span class='ocr_line' id='line_1_43' title="bbox 94 4460 664 4527; baseline -0.004 -15"><span class='ocrx_word' id='word_1_411' title='bbox 94 4460 118 4524; x_wconf 84' lang='lat'><strong>3)</strong></span> <span class='ocrx_word' id='word_1_412' title='bbox 135 4465 225 4517; x_wconf 73' lang='lat' dir='ltr'><strong>Placeat.</strong></span> <span class='ocrx_word' id='word_1_413' title='bbox 239 4465 281 4516; x_wconf 84' lang='lat'><strong>96.</strong></span> <span class='ocrx_word' id='word_1_414' title='bbox 301 4466 331 4516; x_wconf 83' lang='grc' dir='ltr'><strong>Α.</strong></span> <span class='ocrx_word' id='word_1_415' title='bbox 351 4464 380 4515; x_wconf 87' lang='grc' dir='ltr'><strong>Β.</strong></span> <span class='ocrx_word' id='word_1_416' title='bbox 401 4462 448 4514; x_wconf 78' lang='lat' dir='ltr'><strong>clf.</strong></span> <span class='ocrx_word' id='word_1_417' title='bbox 468 4463 544 4513; x_wconf 72' lang='lat' dir='ltr'><strong>latria</strong></span> <span class='ocrx_word' id='word_1_418' title='bbox 563 4479 578 4527; x_wconf 89' lang='lat' dir='ltr'><strong>p</strong></span> <span class='ocrx_word' id='word_1_419' title='bbox 605 4460 664 4512; x_wconf 70' lang='lat'>349.</span> 
     </span>
    </p>
   </div>
   <div class='ocr_carea' id='block_1_5' title="bbox 0 0 1452 5118">
    <p class='ocr_par' dir='ltr' id='par_1_6' title="bbox 0 0 1452 5118">
     <span class='ocr_line' id='line_1_44' title="bbox 0 0 1452 5118; baseline 0 0"><span class='ocrx_word' id='word_1_420' title='bbox 0 0 1452 5118; x_wconf 95' lang='lat' dir='ltr'><strong> </strong></span> 
     </span>
    </p>
   </div>
  </div>
 </body>
</html>
