2886 5118
683 254 739 314 427

102 422 235 499 quoesint
251 442 369 481 numero
385 420 446 480 soni
458 465 466 493 ,
478 419 669 500 exploremus.
712 418 770 478 Nos
785 433 845 478 tum
867 418 937 480 brec
949 417 1159 498 explicuimus,
1170 404 1259 498 qutun
1269 418 1335 479 dia·

101 521 225 582 lecticam
246 521 373 579 Platonis
402 518 605 591 tradebamus,
632 536 663 574 ac
675 563 684 591 ,
706 515 780 576 duee
801 517 939 592 Platone,
963 516 1133 591 docuimus,
1152 517 1335 596 quemadmo-

100 618 167 677 dum
185 618 237 676 hac
255 632 314 676 arte
330 618 436 678 musica
452 631 480 676 et
500 616 600 676 literae
621 615 682 676 sive
697 615 881 696 alphabetico
901 616 1043 696 scriptura
1060 616 1199 676 inventae
1218 617 1277 676 sint
1296 615 1335 695 l).

101 719 175 778 Hinc
198 716 327 776 Socrates
345 717 474 790 ⁸sublime
503 729 640 777 memorat
663 713 849 792 antiquorum
876 714 1010 774 ell'atum:
1042 713 1095 777 «οἱ
1119 711 1176 793 μὲν
1202 713 1336 795 παλαιοὶ,

100 815 255 895 κρείττονες
285 810 372 898 ἡμῶν
391 815 440 878 καὶ
456 810 604 897 ἐγγυτέρω
625 807 708 877 θεῶν
724 813 883 888 οἰκοῦντες,
904 808 1017 898 ταύτην
1033 810 1140 898 φήμην
1150 812 1321 900 παρέδοσαν
1326 863 1335 892 ,

101 913 139 992 ιο’ς
161 917 192 990 ἐξ
215 915 281 992 irtio
307 915 363 998 μὲν
384 919 433 980 καὶ
459 918 576 980 πολλῶν
605 913 700 980 ὄντων
727 916 787 977 τῶν
814 913 859 977 dai
887 911 1050 996 λεγομένοιν
1078 913 1164 995 εἶναι,
1186 915 1279 998 πέρας
1301 917 1336 980 δὲ

99 1021 145 1082 καί
165 1017 301 1102 οἷπειρίαν
322 1021 354 1083 ἐν
376 1018 491 1098 ἑαυτοῖς
508 1017 662 1103 ξύμφυτον
677 1015 823 1103 ἐχόντων·
842 1032 1025 1101 comprimi
1046 1026 1128 1082 nobie
1144 1033 1338 1101 praestanti-

100 1147 161 1184 ores
183 1125 313 1203 Diiaque
337 1124 589 1204 propinquiores,
622 1127 693 1182 liceo
726 1127 808 1183 nobis
837 1123 962 1181 oracula
980 1123 1201 1204 tradiderunt,
1222 1139 1258 1183 oe
1280 1147 1338 1182 απο

100 1234 128 1281 et
146 1227 254 1283 multia
274 1237 412 1284 constare
430 1247 508 1304 *quoe
529 1247 645 1303 temper
665 1246 724 1283 esre
745 1225 910 1297 dicuntur,
931 1223 1023 1294 finem
1034 1232 1177 1280 autemst
1195 1224 1333 1295 infinito·

100 1333 156 1381 iem
176 1331 319 1382 iunctum
349 1326 465 1383 babere.
507 1324 616 1384 Icoirco
647 1344 700 1382 nos
729 1323 849 1397 decere„
871 1321 895 1378 si
925 1320 966 1378 ita
996 1321 1067 1380 baec
1099 1319 1234 1380 ordinata
1260 1323 1337 1398 sint,

100 1443 188 1480 unum
207 1423 280 1503 quid
301 1424 335 1482 in
357 1425 437 1484 omni
458 1443 488 1482 re
519 1423 672 1502 exquirere
695 1443 727 1480 ac
748 1442 877 1502 ponere,
907 1409 1079 1479 inventuros
1108 1419 1187 1478 enim
1218 1419 1339 1482 insitum

99 1540 174 1578 esse:
196 1521 275 1600 quod
297 1522 347 1581 ubi
366 1520 663 1603 deprehenderimus,
684 1537 748 1602 post
770 1541 861 1579 unum
879 1519 939 1578 duo
949 1563 959 1594 ,
991 1518 1015 1578 si
1035 1518 1147 1592 insint,
1169 1517 1338 1599 explorare,

101 1618 144 1699 vel
164 1621 221 1706 tria
242 1619 291 1681 vel
308 1621 398 1679 alium
427 1642 579 1680 numerum
603 1621 767 1700 quempiam
778 1665 786 1694 ,
807 1641 839 1677 ac
859 1617 1012 1698 quodlibet
1042 1637 1139 1676 eorum
1160 1638 1251 1676 unum
1270 1618 1339 1678 dili·

100 1731 195 1796 genter
215 1718 398 1778 considerare
426 1718 540 1797 denuo,
574 1718 666 1779 donec
687 1718 738 1794 id,
768 1717 846 1797 quod
865 1716 903 1776 ab
932 1717 1018 1775 initio
1041 1735 1132 1775 unum
1152 1717 1338 1781 invenimus,

100 1838 155 1875 non
175 1816 268 1882 solum
285 1830 316 1875 ut
337 1839 427 1878 unum
447 1818 495 1879 vel
515 1832 548 1877 ut
564 1818 657 1876 multa
677 1817 726 1878 vel
747 1831 779 1876 ut
795 1815 931 1890 infinita,
953 1813 1004 1874 sed
1022 1829 1054 1874 ut
1071 1825 1142 1893 quot
1160 1815 1219 1875 sint
1239 1837 1337 1874 nume·

100 1935 128 1974 ro
146 1915 365 1995 perspiciamus.
405 1916 454 1976 Sic
471 1918 559 1996 igitur
573 1916 749 1976 infinitatem
761 1938 821 1974 non
840 1912 1026 1973 multitudini
1047 1934 1106 1978 esse
1125 1913 1337 1991 adhibendam,

99 2014 265 2092 priusquam
285 2035 435 2074 numerum
455 2017 520 2094 quis
541 2017 603 2095 ejus
631 2035 761 2088 omnem,
783 2013 832 2092 qui
854 2014 932 2072 inter
958 2011 1109 2072 inlinitum
1129 2027 1157 2074 et
1178 2035 1269 2076 unum
1288 2014 1339 2072 in·

100 2111 254 2170 termedius
274 2112 327 2186 sit,
356 2115 554 2194 perspexerit:
581 2129 643 2174 tum
662 2131 839 2175 verounum
867 2109 1020 2190 quodlibet
1038 2111 1168 2172 omnium
1188 2110 1221 2170 in
1237 2110 1336 2170 inlini-

100 2221 157 2266 tum
176 2208 325 2270 dimittere
353 2225 493 2291 oportere.
535 2213 584 2272 Dii
606 2233 692 2292 ergo,
722 2209 801 2290 quod
827 2209 911 2282 dixi,
939 2209 981 2268 sic
1003 2207 1087 2268 nobis
1109 2223 1337 2290 praeceperunt,

100 2321 129 2366 nt
150 2329 194 2366 res
216 2308 449 2388 exploraremus,
471 2296 665 2386 disceremus,
694 2309 880 2385 doceremus5
901 2308 952 2387 qui
980 2321 1075 2366 autem
1098 2327 1178 2370 nuuc
1196 2305 1339 2371 dicuntur

100 2406 258 2486 sapientes,
279 2429 369 2468 unum
390 2422 418 2468 et
437 2409 528 2468 multa
542 2410 672 2470 velocius
701 2408 869 2482 tardiusve,
901 2428 987 2484 quem
1018 2419 1149 2487 oportet,
1177 2406 1338 2471 conficiunt

99 2531 129 2568 ac
152 2521 218 2590 post
237 2529 328 2566 unum
350 2509 493 2568 continuo·
511 2509 543 2568 in
565 2508 683 2568 infinita
703 2506 860 2582 incidunt;
893 2505 988 2565 media
1007 2519 1103 2564 autem
1115 2551 1123 2578 ,
1144 2505 1251 2583 quibus
1279 2507 1336 2567 dis·

100 2608 221 2686 putandi
243 2609 316 2666 ratio
336 2607 489 2667 dialectica
509 2629 525 2666 a
544 2607 670 2688 litigiosa
688 2606 881 2680 discernitur,
902 2605 1020 2685 lugiunt
1038 2602 1105 2661 illos
1116 2600 1178 2682 2).²’

118 2759 119 2764 ,
138 2707 281 2780 Effatum,
301 2705 380 2787 qnod
402 2703 539 2767 laudatur
549 2707 581 2766 in
600 2705 698 2780 hisce,
716 2703 842 2763 Philolai
861 2717 921 2776 est,
941 2725 956 2760 a
976 2703 1104 2782 Diogene
1122 2701 1235 2763 Laertio
1253 2704 1338 2764 nobis

100 2821 296 2880 servatum,a
323 2806 424 2868 Proclo
452 2819 546 2865 autem
567 2826 628 2865 non
647 2802 734 2864 semel
758 2814 1018 2862 commemoratum.
1061 2792 1155 2873 Φύσις
1185 2795 1220 2860 δὲ
1242 2797 1274 2862 ἓν
1295 2786 1339 2886 uqi

99 2899 200 2988 κόσμῳ
223 2896 304 2982 ἁρμό
306 2906 375 2986 χᾶν]
396 2902 430 2974 ,ἐξ
457 2898 587 2980 οἷπείριον
615 2924 646 2963 τε
673 2900 723 2962 καὶ
748 2893 960 2982 περαινόντων,
989 2897 1037 2962 καί
1061 2893 1130 2974 ὅλος
1155 2896 1270 2981 κόσμος
1290 2905 1339 2966 καί

99 3001 134 3066 roi
156 3005 188 3066 ἓν
210 3001 292 3091 αὐτῷ
314 3005 354 3086 3).
398 3006 483 3081 Quod
514 3006 628 3066 Platoni
660 3028 720 3064 non
742 3016 853 3084 poterat
883 3024 942 3062 non
974 3002 1161 3062 vehementer
1189 3007 1337 3081 arridere,

100 3112 179 3187 cujus
200 3109 354 3170 dialectica
375 3109 493 3187 ipsaque
512 3104 697 3185 philosophia
727 3100 922 3162 discernendo
948 3097 1174 3180 deliniendoque
1194 3103 1253 3165 fere
1279 3119 1337 3164 tota

100 3207 344 3288 progrediebatur.
385 3205 439 3264 His
467 3204 556 3282 igitur
571 3201 685 3264 duobus
715 3201 835 3282 positis,
864 3201 1008 3273 infinitis
1046 3213 1074 3258 ct
1104 3202 1337 3278 definientibus,

100 3307 213 3366 tertium
231 3305 332 3379 addit,
352 3303 429 3382 quod
449 3323 484 3359 ιτ
505 3303 553 3360 liis
574 3311 780 3377 temperatur:
807 3321 860 3358 τον
882 3299 957 3358 θεον
979 3291 1121 3377 ἐλέγομέν
1141 3290 1261 3374 που,τό
1271 3297 1338 3378 μὲν,

101 3398 217 3484 ι’ίπειρον
239 3403 334 3474 δεῖξαι
355 3401 416 3464 ταῖν
438 3392 545 3473 ὄντων,
567 3393 604 3460 ro*
626 3394 676 3473 δὲ,
698 3393 802 3478 πέρας·
830 3394 944 3461 τούτων
972 3395 1012 3483 δή
1034 3400 1094 3462 τῶν
1115 3400 1203 3462 sidric
1222 3396 1260 3462 roi
1282 3399 1338 3466 doio

100 3503 280 3585 τιθαίμεθα
301 3499 335 3566 τό
359 3503 394 3568 δὲ
415 3501 529 3584 τρίτον,
552 3495 583 3573 ἔξ
604 3495 719 3581 οἷμφοῖν
732 3496 854 3563 τούτοιν
876 3499 957 3564 ἕντι
980 3498 1229 3583 ξυμμιογίμενον·
1250 3506 1337 3564 deum

100 3611 232 3668 dirimire
250 3633 286 3668 ea·
300 3617 356 3681 iia,
377 3630 453 3686 quoe
475 3616 564 3679 eunt,
584 3606 718 3662 ulturum
737 3607 917 3682 infinitum,
939 3609 1071 3666 altorum
1097 3609 1224 3680 finitum
1242 3618 1336 3665 osten·

101 3709 196 3768 dirce:
214 3711 270 3769 duo
288 3716 393 3789 igitur
412 3708 483 3764 ltoee
508 3726 623 3785 genero
649 3726 814 3781 μοιιιινπαι,
846 3714 974 3764 tertium
1006 3715 1128 3779 autem,
1146 3708 1336 3782 qroducunt

101 3829 134 3863 οι
155 3819 281 3886 utroque
309 3809 362 3866 illo
393 3813 593 3883 temperatum
625 3817 668 3862 eat
688 3801 728 3882 ll).
771 3804 902 3863 Tandem
930 3818 1065 3882 quartum
1096 3804 1142 3862 his
1163 3804 1335 3885 subjungit,

101 3913 255 3966 aristionis
278 3926 436 3966 euersam:
466 3904 521 3984 τῆς
549 3900 718 3980 ουμμίξειος
740 3896 854 3964 τούτοιν
871 3897 948 3982 πριίς
966 3896 1078 3982 ἄλληλα
1096 3897 1204 3962 αἰτίαν·
1221 3925 1252 3961 ac
1272 3903 1336 3962 sin-

102 4089 353 4098 —.„-.-.-—.--—-—

134 4181 158 4244 ¹l
179 4185 224 4236 cff.
244 4186 322 4236 initia
340 4203 364 4252 p.
383 4185 441 4236 270.

122 4267 159 4332 ·2)
179 4271 269 4321 Plsilelr.
290 4270 329 4321 16.
351 4269 380 4321 C.
399 4299 433 4307 -
451 4269 491 4320 17.
513 4272 543 4322 Α.

133 4353 158 4502 ll
177 4356 384 4492 ζςτέἱώΒέἓοίέίι.
404 4359 429 4412 e'n
450 4357 561 4408 Ρίαίοίαο
579 4376 603 4424 p.
623 4360 664 4409 45.
684 4368 709 4409 et
728 4359 866 4411 Stellbaum
887 4359 982 4427 Prolep.
1002 4361 1037 4410 nd
1054 4360 1145 4410 Phileb.
1167 4376 1191 4425 p.
1203 4357 1252 4408 tx.
