2950 5134
645 272 680 330 51

80 434 214 513 pravitatis
232 434 376 514 particeps
392 431 525 494 deorsum
544 432 755 512 praependere
774 431 893 504 ruebat,
912 433 951 494 ad
969 447 1073 493 terram
1089 455 1226 515 vergens,
1247 437 1303 495 nisi

80 531 141 589 hene
164 546 232 590 esset
251 533 288 590 ab
307 531 405 610 auriga
425 529 527 588 doctus
545 543 573 588 et
592 529 748 593 cohibitus.
791 530 849 604 Qui
875 533 989 591 animus
1008 534 1114 614 optime
1140 547 1168 592 et
1191 550 1304 594 secutus

81 643 114 687 est
130 631 216 688 Deum
234 651 317 688 suum
334 641 361 688 et
381 628 528 700 imitatus,
548 627 656 686 extulit
676 628 726 688 ille
747 629 776 686 in
799 627 952 688 sublimem
971 644 1052 689 trans
1075 631 1188 690 coelum
1209 631 1304 691 locum

81 727 179 806 aurigae
204 741 290 808 caput
317 741 345 787 et
372 747 431 784 una
458 745 524 784 eum
552 725 626 784 coeli
651 725 839 786 conversione
859 745 1015 786 conversus
1041 742 1103 802 est,
1134 751 1304 809 quamquam

81 825 196 883 turbatus
214 826 294 904 equis
312 839 339 884 et
365 826 417 884 vix
441 816 478 884 tei
501 815 574 884 ὄντα
599 823 819 904 contemplatus.
863 823 946 882 Alius
970 839 1065 884 autent
1089 827 1174 886 modo
1200 826 1306 887 extulit

81 937 170 1003 eaput,
194 922 279 984 modo
298 922 426 999 demisit,
440 939 487 998 et,
515 921 721 984 ferocientibus
744 922 839 1000 equis,
864 923 969 1001 partim
992 923 1106 1003 aliquid
1126 925 1221 1000 vidit,
1242 947 1294 1006 par

82 1022 124 1080 tim
137 1043 194 1081 non
213 1021 298 1082 vidit.
321 1023 431 1081 Caeteri
447 1044 515 1085 vero
533 1034 700 1103 appetentes
717 1017 835 1098 quidem
849 1039 947 1080 omnes
962 1022 1128 1102 superiora,
1150 1025 1305 1104 sequeban-

83 1133 137 1192 tur,
156 1120 205 1179 sed
233 1121 339 1180 [rustra
366 1119 593 1193 contendentes,
621 1117 759 1178 submersi
779 1117 1078 1193 circumferebantur,
1105 1121 1249 1182 calcantes
1276 1145 1306 1182 se

84 1218 194 1278 invicem
213 1232 241 1277 et
263 1217 481 1288 incumbentes,
502 1217 553 1276 alii
570 1216 646 1276 'alios
666 1228 846 1294 praevertere
866 1215 1031 1295 proruendo
1049 1233 1197 1280 conantes.
1238 1221 1305 1280 Illic

83 1316 158 1394 igitur
177 1315 316 1376 tumultus
336 1329 364 1375 et
383 1329 526 1376 certamen
544 1327 572 1374 et
591 1313 678 1372 sudor
699 1326 859 1385 extremus,
879 1312 930 1372 ubi
950 1315 1023 1386 vitio
1042 1318 1206 1397 aurigarum
1221 1319 1305 1378 multi

83 1414 288 1487 claudicarunt,
312 1413 397 1474 multi
418 1414 523 1474 multas
546 1428 656 1492 pennas
679 1411 898 1490 confregerunt,
923 1433 1035 1488 omnes,
1060 1417 1141 1494 gravi
1161 1417 1307 1476 exantlato

85 1511 185 1586 labore,
205 1514 267 1573 veri
286 1525 434 1591 expertes,
459 1510 537 1589 quod
551 1522 709 1590 spectatum
729 1509 844 1568 iverant
854 1497 1094 1588 ,discesserunu
1115 1535 1224 1593 proque
1240 1535 1308 1574 uero

84 1609 207 1688 opinione
225 1610 269 1672 usi
289 1623 356 1671 sunt
367 1609 517 1670 alimento.
563 1606 650 1668 Unde
671 1620 765 1666 autem
789 1620 902 1666 tantum
921 1607 999 1669 illud
1021 1609 1152 1670 studium
1174 1633 1307 1694 campum

85 1706 194 1768 videndi
215 1705 367 1780 veritatis,
385 1706 504 1768 ubinam
528 1707 589 1766 sit?
612 1704 730 1766 Scilicet
753 1724 789 1762 ex
809 1703 862 1764 illo
885 1720 966 1786 prato
990 1709 1076 1768 unice
1104 1711 1230 1790 petitur,
1250 1731 1307 1790 quo

84 1805 178 1885 optima
205 1806 242 1866 sit
270 1803 427 1866 nutrienda
450 1804 542 1865 animi
572 1824 657 1883 pars,
686 1821 814 1880 quaeque
842 1804 971 1864 animum
999 1805 1117 1868 elevent
1143 1807 1224 1883 alne,
1253 1809 1307 1869 lroc

86 1899 201 1962 aluntur.
236 1901 264 1981 l)

119 2001 244 2074 Etenim,
260 2015 292 2060 ut
306 2001 430 2060 Deorum
447 1999 556 2072 animi,
572 1999 612 2056 sic
626 1997 777 2056 hominum
791 1996 950 2075 aliquando
963 1999 1018 2060 alis
1032 2001 1151 2062 fuerunt
1163 2005 1307 2066 instructi.

89 2099 132 2158 His
149 2100 179 2158 in
204 2099 294 2158 altum
312 2098 420 2160 sublati
439 2118 474 2156 ao
501 2097 671 2170 sustentati,
693 2115 725 2156 eo
753 2095 965 2170 escendebant,
987 2098 1037 2158 ubi
1057 2101 1182 2162 Deorum
1198 2102 1310 2164 habitat

89 2215 173 2273 genus
213 2198 283 2256 Nam
304 2197 366 2258 alae
387 2196 515 2254 omniurn
535 2195 659 2255 maxime
676 2193 779 2254 divim
798 2207 866 2253 sant
885 2196 1059 2277 natnrd;*2)
1089 2190 1127 2258 rei
1149 2194 1186 2260 os*
1206 2205 1310 2263 θεῖον

89 2288 177 2368 sula,
208 2288 317 2375 courir,
348 2287 469 2372 ἀγαθόν
488 2291 537 2352 aul
568 2291 627 2354 πᾶν
658 2284 677 2352 ὅ
707 2313 734 2352 n
763 2288 903 2352 τοιοῦτον
935 2297 1100 2358 divinum
1131 2313 1233 2361 autam
1266 2317 1311 2364 ert

87 2398 233 2472 pulcrum,
255 2405 391 2474 rapiens,
412 2399 517 2456 lunum
542 2405 572 2454 et
599 2395 746 2474 quidquid
771 2404 816 2453 est
837 2397 1029 2470 hujusmodl.-
1057 2397 1103 2457 his
1131 2400 1253 2462 aluntur
1282 2419 1310 2463 et

92 2495 294 2557 corroborantur
314 2495 478 2556 animorum
501 2493 581 2568 alac,
602 2494 680 2574 turpi
709 2513 779 2552 vern
801 2506 831 2551 et
850 2493 925 2552 malo
952 2508 981 2553 et
1004 2499 1155 2557 oontrariis
1177 2501 1311 2560 omnibus

92 2593 277 2674 infringuntur
297 2607 328 2652 et
346 2607 477 2674 percunt.
519 2591 628 2654 Fractis
646 2591 735 2670 igitur
753 2590 808 2650 alis
827 2592 860 2650 in
879 2591 932 2651 illa
950 2595 1135 2655 contentione
1154 2599 1192 2658 ad
1211 2621 1310 2659 verum

93 2693 265 2770 spectandum
275 2737 284 2765 ,
304 2691 376 2772 lapsi
397 2705 464 2750 sunt
482 2692 571 2750 animi
591 2691 763 2774 interram,
785 2702 986 2770 terrenumque
1006 2692 1167 2755 induerunt
1189 2719 1292 2780 corpus
1302 2746 1310 2774 ‚

95 2787 135 2847 alii
154 2811 218 2854 vero
236 2789 337 2863 aliud,
362 2790 468 2868 quique
491 2788 618 2869 plurima
646 2787 805 2860 viderunt,
825 2789 858 2846 in
887 2810 934 2848 eos
952 2790 1112 2869 migrarunt
1135 2797 1186 2874 qui
1215 2811 1310 2878 postea

98 2890 147 2946 nati
166 2903 230 2948 sunt
249 2891 309 2951 sive
328 2881 541 2968 φιλόσοφοι,
561 2888 625 2950 sive
647 2879 851 2966 φιλόκαλοι,
869 2883 941 2950 sive*
956 2888 1133 2965 μουσικοὶ.
1155 2892 1187 2975 3)

128 2985 200 3046 Talis
217 3003 258 3048 est
283 2988 438 3072 descriptio
457 2989 607 3050 Platonica
633 2988 732 3048 beatae
763 2990 840 3048 vitae
850 3035 859 3063 ‚
878 3011 965 3068 quam
993 3006 1143 3070 gustarunt
1161 2994 1310 3054 hominum

97 3085 190 3158 animi,
206 3100 375 3167 anteaquam
402 3109 564 3168 corpoream
589 3087 664 3146 hanc
690 3101 822 3146 naturam
849 3087 1018 3148 induerunt.
1061 3092 1254 3152 Continentur
1279 3096 1311 3152 eh

98 3180 145 3240 elia
161 3185 226 3244 item
243 3185 334 3244 multa
358 3200 384 3246 et
408 3186 563 3257 sublimia,
584 3185 616 3244 in
635 3186 754 3264 primis,
775 3207 848 3264 quae
867 3188 912 3246 vis
932 3189 969 3248 sit
986 3190 1090 3248 amoris
1110 3195 1140 3249 et‘
1155 3190 1249 3270 pulcri
1274 3193 1311 3252 ad

100 3278 278 3341 reducendum
297 3285 426 3343 animum
445 3304 480 3342 ex
498 3296 645 3364 praesente
661 3283 714 3342 hae
731 3283 902 3344 conditione
916 3285 949 3344 in
964 3287 1115 3365 pristinam
1129 3288 1209 3347 illam
1224 3289 1313 3348 beati·

100 3377 222 3441 tudinem.
265 3381 322 3441 Sed
341 3384 373 3441 in
395 3383 457 3462 ipsa
476 3379 651 3462 explicanda
673 3380 856 3464 philosophia
875 3383 1003 3442 Platonis
1023 3400 1123 3466 sponte
1147 3408 1198 3446 nos
1216 3388 1268 3446 illa
1280 3403 1313 3448 *et

100 3475 257 3567 adducemus
276 3479 413 3562 deinceps
432 3493 459 3538 et
475 3477 741 3560 interpretabimur.
783 3481 867 3538 Nune
887 3502 955 3540 vero
972 3481 1013 3542 ad
1030 3482 1221 3560 illustranda,
1240 3508 1314 3566 quae

100 3576 248 3652 attulimus,
279 3579 419 3638 nonnihil
446 3599 482 3636 ex
501 3577 584 3659 puisi
612 3578 730 3656 antiqua
760 3592 789 3637 et
820 3577 1005 3661 philosophia
1034 3581 1230 3644 adhibeamus.
1276 3585 1312 3644 Et

101 3673 208 3750 primum
225 3675 342 3755 quidem
359 3676 413 3734 hoc
429 3673 727 3735 animadvertendum.

134 3771 227 3832 lunata
245 3787 286 3832 est
310 3774 421 3832 homini
444 3773 564 3854 perfecti
589 3771 715 3854 cupido,
736 3773 783 3833 eui
803 3793 869 3832 cum
898 3794 958 3834 non
985 3776 1139 3836 conveniat
1157 3782 1313 3858 praesentis

104 3871 221 3949 temporis
238 3871 386 3945 conditio,
407 3871 512 3952 lingere
528 3870 605 3930 illud
623 3870 694 3929 solet
712 3871 850 3950 ingenio,
864 3885 892 3930 et
911 3873 1033 3953 pristino
1050 3874 1165 3934 cuidam
1180 3892 1208 3936 et
1225 3901 1312 3938 remo·

106 3965 197 4026 tissimo
220 3990 289 4028 aevo
312 3969 447 4027 tribuere.
489 3969 587 4050 Itaque
616 3989 728 4026 auream
757 3969 876 4028 humani
905 3971 1016 4048 generis
1042 3986 1159 4032 aetatem
1185 3979 1311 4036 certatim

107 4061 269 4125 celebrarunt
289 4067 381 4125 omnis
401 4067 466 4125 aevi
483 4079 510 4124 et
525 4065 580 4124 loci
601 4071 716 4146 poetae,
737 4065 870 4145 idemque
899 4068 1029 4126 fecerunt
1052 4062 1216 4152 philosophi
1225 4121 1235 4148 ,
1263 4075 1313 4134 sed

109 4213 339 4230 Ὢ*-

90 4321 93 4328 ’
138 4302 159 4367 ll
175 4307 274 4361 Phaedr.
292 4309 350 4361 247.
370 4307 426 4360 248.

139 4387 160 4446 ll
177 4394 232 4446 Eud.
249 4394 306 4448 246.
325 4395 354 4446 D.

140 4473 161 4538 3l
179 4479 231 4531 dod.
250 4480 305 4532 248.
325 4480 354 4532 l).
451 4559 455 4570 1
