2872 5122
697 195 787 304 ι91

153 413 228 488 τίον,
259 406 346 493 ψυχή
377 402 481 489 ta'yuSq
512 408 554 493 τῇ
579 399 676 488 αὐτῆς
702 400 796 492 α’ρετῇ
815 406 905 485 σῶμα
929 402 1066 488 παρέχειν
1092 405 1144 485 αἷς·
1159 404 1252 476 οἷόντε
1275 410 1359 496 βέλτι-

153 539 229 578 στον.
251 516 279 597 l)
316 512 423 588 Quodsi
447 511 535 576 alicui
557 511 703 584 eveniret,
724 523 754 568 ut
775 512 952 601 cumanimo
964 513 1067 592 pulcro
1085 516 1215 596 pulcram
1234 534 1359 601 spectaret

152 620 333 696 conjunctam
367 611 492 691 corporis
530 610 650 689 speciem
663 653 670 680 ,
683 635 689 648 ·
703 609 756 667 hoc
790 631 848 668 esse
880 610 995 672 dicebat
1023 615 1216 693 spectaculum
1244 619 1358 678 omnium

151 715 363 797 pulcerrimum.
399 701 485 769 “Oreo
513 701 548 766 ἂν
573 703 726 791 ξυμπίπτῃ
754 701 784 766 ἔν
810 731 840 767 τι
868 709 909 794 τῇ
933 709 1024 795 ψυχῇ
1049 707 1121 772 auid
1148 706 1215 796 ἤθη
1244 710 1358 790 ἐνόντα,
1430 718 1431 750 ³

151 813 199 874 καὶ
220 811 252 873 ἐν
272 835 314 897 τῳ
302 807 404 871 εἴδει
428 805 670 932 dpoloporirru
655 807 770 884 εκείνοις
791 810 839 871 καὶ
860 811 1091 893 ξυμφωνοῦντα,
1112 813 1167 876 vii
1189 813 1279 880 αὐτοῦ
1298 843 1359 896 μιν·
1430 817 1431 850 ³

150 909 316 998 ἔχοντα’
279 937 387 988 τυπου,
409 909 487 974 τοῦτ’
508 909 544 973 dr
565 909 608 993 εἴη
630 906 781 974 κάλλιστον
806 909 911 992 θέαμα
931 937 987 1014 τῳ
961 915 1072 976 douc
1071 913 1162 1002 μένῳ·
1171 920 1315 982 θεᾶσθαι.
1334 922 1360 1001 2)

149 1023 247 1099 Itaque
277 1018 404 1076 Socrates
427 1036 491 1073 eum
521 1015 650 1075 Phaedro
680 1015 831 1075 discedens
849 978 976 1076 tanderri
985 1017 1021 1078 ab
1043 1020 1096 1079 illo
1113 1023 1308 1104 Nympharum
1325 1044 1360 1080 re·
1430 1039 1431 1042 ’

149 1117 315 1208 captaculo,
337 1117 376 1174 sic
396 1116 469 1173 Deos
488 1127 637 1196 precatur:
660 1137 684 1173 or
675 1105 772 1194 φίλι
796 1108 916 1176 liciace
937 1113 986 1176 καὶ
1007 1107 1087 1180 ἄλλοι
1109 1112 1173 1180 ὅσοι
1195 1121 1269 1206 τῇδε
1289 1120 1359 1193 θεοὶ,

148 1210 250 1298 dolpce'
274 1237 325 1294 μοι
352 1212 432 1297 καλῷ
451 1208 593 1293 Ἰγενέσθαι
620 1209 780 1276 τᾶνδοθεν
807 1211 944 1288 τᾶξωθεν
970 1214 1005 1279 di
1027 1213 1084 1280 ὅσα
1105 1215 1182 1301 ἔχω,
1204 1226 1266 1296 τοῖς
1287 1218 1361 1295 ἐντός
1430 1211 1431 1239 ³

147 1314 222 1380 rival
240 1339 290 1397 μοι
313 1314 402 1398 φίλια.
425 1314 456 1397 3)
471 1317 512 1375 -Εῑ
531 1316 600 1375 hinc
620 1316 737 1396 quidem
761 1319 898 1396 judicare
912 1320 980 1380 lieet
998 1321 1034 1380 de
1054 1324 1222 1384 aestheticae
1243 1325 1359 1386 Platoni·
1430 1308 1431 1338 ³

146 1445 212 1498 cae,
239 1443 311 1502 quae
337 1418 424 1498 vulgo
442 1431 637 1495 quaeruntur,
661 1418 823 1498 principiis.
1430 1421 1431 1438 l

278 1617 423 1676 Sublimis
443 1614 587 1706 eciapud
604 1613 762 1701 Plaipoem
781 1622 910 1672 maxime
929 1617 1092 1694 disciplina
1107 1609 1222 1695 pulcri.

162 1795 393 1886 sosthenem,
421 1831 492 1890 quac
520 1809 636 1891 proprie
660 1811 840 1891 appellatur,
869 1831 922 1869 nec
943 1811 1076 1872 condidit
1094 1813 1195 1890 Plato,
1219 1835 1274 1873 nec
1299 1835 1359 1878 vero
1430 1867 1431 1880 ,

144 1914 237 1994 potuit
267 1911 399 1972 condere.
450 1911 521 1968 Nam
548 1909 682 1989 pulcrum
710 1908 908 1988 intelligebat,
937 1909 1014 1988 quod
1039 1911 1070 1968 in
1097 1911 1187 1976 rebus¹
1210 1914 1359 1972 moralibus

141 2031 282 2069 summum
299 2022 341 2068 est
358 2023 385 2068 et
404 2007 563 2089 perfectum
573 2053 581 2081 ,
603 2029 695 2087 neque
714 2006 749 2065 ab
767 2028 800 2066 eo
819 2007 988 2066 distinctum
1006 2011 1121 2088 putavit
1130 2055 1138 2084 ,
1159 2011 1237 2090 quod
1255 2013 1359 2073 artibus

141 2124 182 2170 est
200 2109 356 2193 proprium.
399 2106 451 2165 Sin
471 2127 539 2165 vero
562 2105 729 2164 aestheticae
751 2106 927 2186 appellemus
946 2108 1062 2166 nomine
1090 2108 1276 2190 disciplinam
1300 2112 1357 2192 pul·
1430 2101 1431 2107 ¹

140 2208 183 2266 cri
194 2253 203 2281 ,
223 2227 294 2285 quae
313 2205 350 2264 ad
369 2204 502 2286 pulcrum
526 2202 604 2266 illud
627 2206 737 2262 morale
761 2203 903 2278 adducat,
923 2225 1005 2264 nemo
1024 2205 1109 2264 facile
1127 2207 1358 2291 philosophorum
1430 2199 1431 2209 ¹

140 2304 334 2364 sublimiorem
353 2302 486 2362 condidit
509 2302 700 2361 aestheticam.
742 2303 813 2360 Nam
842 2322 873 2361 eo
893 2303 1067 2382 respiciens,
1095 2318 1169 2364 artes
1194 2321 1357 2367 contemne-
1429 2297 1431 2322 ³

139 2405 213 2479 hat,
243 2423 315 2482 quae
340 2401 471 2460 sensibus
500 2399 729 2480 gratificarentur
756 2402 861 2479 magis,
890 2422 974 2479 quam
1000 2407 1128 2462 animum
1156 2406 1357 2467 emendarent:
1430 2397 1431 2404 ¹

139 2524 210 2583 quae
240 2503 313 2560 ratio
341 2513 400 2560 erat
425 2505 572 2580 poetarum
592 2500 720 2558 omnium
749 2513 777 2558 et
803 2513 962 2574 01⁹¹atmum,
989 2501 1078 2581 ipsius
1105 2504 1221 2562 Homeri
1248 2507 1356 2579 fuerat,

139 2602 282 2682 principis
309 2587 472 2688 poitarum3
501 2597 568 2658 illas
594 2618 662 2657 vero
686 2596 822 2656 laudabat
841 2599 944 2672 unice,
965 2620 1035 2677 quae
1056 2599 1190 2660 divinum
1211 2625 1356 2683 sequeren-

139 2714 189 2759 tur
205 2697 300 2780 pulcri
320 2696 434 2756 moralis
454 2681 626 2776 exemplum.
668 2696 751 2754 Hanc
771 2709 863 2754 autem
891 2696 984 2774 pulcri
1013 2696 1172 2758 doctrinam
1200 2702 1241 2760 sie
1270 2723 1357 2783 expo-

138 2800 214 2872 suit,
234 2811 265 2855 ut
284 2799 345 2874 eius
364 2795 510 2875 principia
537 2793 654 2852 duceret
673 2814 709 2851 ex
728 2795 789 2875 ipsa
818 2793 943 2853 hominis
970 2795 1083 2871 indole,
1104 2799 1246 2858 conferret
1266 2816 1356 2860 autem
1430 2797 1431 2814 ²

138 2917 198 2954 eam
219 2895 381 2965 universam
401 2892 438 2951 ad
458 2913 611 2973 puerorum
630 2892 856 2964 institutionem,
871 2890 908 2950 ad
929 2913 1023 2952 veram
1041 2895 1254 2975 provehendam
1273 2901 1356 2958 socie·

137 2996 202 3053 tatis
219 2993 359 3052 humanae
380 2992 522 3066 salutem,
541 2990 579 3049 ad
598 2991 733 3049 virtutem
753 2990 785 3048 in
805 2975 924 3050 civitate
951 2992 1132 3051 excitandam
1160 3009 1188 3052 et
1210 2995 1356 3056 stabilien-

136 3093 212 3152 dam.
254 3093 317 3165 Quo
336 3113 403 3157 sane
422 3090 565 3170 proposito
586 3088 701 3146 nullum
719 3107 777 3146 esse
796 3089 903 3164 majus,
925 3089 1038 3148 nullum
1059 3091 1210 3150 sublimius
1228 3108 1328 3174 potest.

177 3189 293 3248 Scilicet
313 3187 404 3247 omnis
432 3187 510 3268 apud
538 3187 683 3245 Platonem
708 3185 889 3267 philosophia
914 3187 1008 3266 pulcri
1033 3190 1075 3246 sic
1099 3204 1140 3250 est
1159 3211 1224 3249 cum
1248 3213 1355 3252 morum

138 3287 269 3346 doctrina
287 3286 436 3366 copulata,
459 3299 507 3359 ut,
531 3284 584 3342 hac
613 3283 724 3374 spblata
735 3328 743 3357 ,
766 3285 817 3343 vix
845 3287 934 3366 possit
957 3287 1126 3361 consistere,
1154 3302 1229 3347 certe
1254 3292 1284 3349 vi
1308 3313 1354 3350 sua

136 3399 164 3444 et
179 3384 318 3464 dignitate
339 3367 488 3442 maximam
508 3395 616 3462 partem
638 3381 819 3442 destituatur.
861 3383 910 3442 Est
929 3385 1008 3462 quasi
1036 3386 1170 3444 introitus
1198 3388 1302 3468 aliquis
1319 3387 1354 3448 ad

137 3485 211 3544 vitae
240 3481 409 3572 tradendam
437 3481 575 3539 rationem
603 3481 759 3560 optimam,
790 3479 827 3538 ad
855 3482 944 3562 ipsam
978 3482 1180 3563 explicandam
1208 3486 1353 3568 politicam

136 3580 330 3662 disciplinam.
373 3581 445 3638 Nam
468 3578 718 3656 disquisitionibus
738 3577 924 3638 instituendis
941 3579 978 3638 de
997 3581 1112 3660 pulcro,
1134 3582 1169 3642 de
1189 3602 1281 3643 amore
1291 3631 1299 3660 ,
1317 3585 1353 3644 de

77 3760 81 3770 Ι
136 3681 243 3738 musica
270 3692 298 3737 et
328 3678 454 3757 artibus,
484 3676 515 3736 id
543 3677 601 3756 agit
625 3679 766 3752 maxime,
798 3690 829 3735 ut
859 3678 939 3739 riam¹
963 3679 1198 3762 pobisaperiat,
1224 3665 1296 3762 quae
1315 3683 1351 3741 ad

134 3777 269 3834 virtutem
288 3777 383 3835 tendit
401 3791 429 3834 et
458 3797 552 3835 veram
576 3777 724 3837 civitatum
752 3773 928 3836 felicitatem.
978 3777 1062 3850 Quod
1082 3799 1171 3838 unum
1191 3780 1349 3850 observasse

132 3872 273 3949 sufficiat,
300 3876 323 3933 si
341 3872 485 3954 explicare
505 3873 627 3958 uelimus
637 3911 655 3948 ,›
667 3894 753 3952 quare
768 3874 922 3932 Homerum
940 3896 955 3933 e
973 3877 1098 3956 perfecta
1119 3879 1236 3939 civitate
1254 3881 1346 3939 exclu-

131 3973 199 4030 serit
217 3973 313 4047 Plato,
336 3985 497 4051 tantamque
524 3971 659 4031 tribuerit
687 3972 810 4047 musicae
837 3973 895 4035 vim
907 4001 923 4048 ,·
941 3988 973 4034 ut
1000 3975 1032 4032 31
1056 3995 1190 4056 perverse
1212 3979 1345 4051 tractati,

131 4180 384 4194 ——.‚.-.-.-

164 4300 188 4367 1)
210 4304 246 4353 Dc
261 4304 322 4370 liep.
342 4299 384 4351 ΙΙΙ.
398 4297 456 4351 103.
474 4298 504 4350 D.

163 4386 189 4453 2)
208 4389 269 4440 an.
287 4385 344 4438 102.
364 4385 392 4437 G.

163 4472 190 4539 3)
208 4474 313 4526 Phaedr.
331 4469 389 4523 2579.
408 4471 437 4522 B.
