2838 5120
157 527 368 621 Pletoniq
389 531 648 591 dialectico.
691 528 801 609 Quid
830 529 1010 592 Socrati
1039 531 1188 590 debuit

588 628 744 689 Plato?
1084 653 1086 658 ·

101 825 174 884 Haec
201 824 239 885 de
267 823 391 884 Socratis
421 825 506 886 nobis
533 839 561 886 et
587 825 752 888 Aristotelis
781 822 931 884 sufficiant
958 823 1120 884 dialectica.
1171 823 1288 884 Medius

65 923 302 1001 inte1·utrumque
323 922 405 983 Plato
425 923 504 1000 tuit,
526 925 634 1006 quippe
654 925 736 985 illius
755 922 918 1004 discipulus
928 968 938 998 ,
958 922 1046 1001 hujus
1063 922 1214 1002 magister5
1236 922 1288 983 sed

64 1022 164 1102 pariter
190 1023 252 1099 ejus
279 1021 433 1081 dialectica
463 1024 541 1083 inter
568 1024 742 1084 Socraticam
769 1037 798 1082 et
825 1021 1039 1083 Aristotelicum
1064 1020 1192 1081 medium
1208 1035 1288 1082 tenet

64 1119 160 1179 locum.
200 1119 296 1180 Multa
315 1119 340 1178 is
356 1118 459 1181 debuit
475 1121 599 1182 Socrati:
623 1114 787 1203 ἕλειπικήν
807 1124 869 1185 sire
890 1113 1074 1201 μαιευτιιιήν,
1096 1135 1185 1182 artem
1200 1120 1287 1201 plane

64 1217 247 1294 Socraticam,
268 1229 367 1298 utpote
390 1238 456 1278 curu
482 1223 586 1282 amoris
604 1226 791 1302 conjunctam
810 1221 987 1302 disciplina,
1009 1244 1063 1281 nec
1079 1222 1176 1280 minus
1194 1220 1290 1278 animo

63 1317 238 1421 moribusque
266 1335 353 1394 quam
382 1315 472 1375 menti
499 1319 672 1381 salutarem:
692 1337 755 1382 tum
775 1323 939 1432 definiendi
958 1331 1072 1397 artem,
1093 1339 1150 1398 qua
1169 1339 1231 1393 res,
1252 1317 1289 1376 de

64 1415 114 1492 qua
140 1415 250 1493 agitur,
279 1435 317 1474 ex
345 1415 437 1494 ipsius
463 1430 570 1476 natura
597 1420 780 1482 declaratur:
812 1421 846 1479 in
874 1420 983 1530 primis
994 1441 1081 1494 vero,
1101 1437 1187 1495 quam
1206 1414 1290 1475 modo

63 1515 257 1594 exposuimus,
286 1531 417 1608 quaeque
451 1527 480 1574 et
513 1516 683 1580 definiendo
709 1519 842 1601 procedit
871 1532 899 1577 et
929 1518 1020 1600 ipsius
1048 1532 1090 1578 est
1121 1512 1290 1594 μαιειιτικῆς

63 1614 230 1692 progressio,
271 1605 428 1692 ἐπαγωγὴν
458 1613 520 1677 sive
537 1619 743 1676 inductionem
795 1616 853 1676 Sed
880 1615 967 1706 bae·
983 1617 1103 1678 fuerant
1130 1638 1147 1675 a
1174 1616 1289 1677 Socrate

64 1729 122 1768 cum
137 1713 273 1773 inchoata
289 1726 422 1789 tantum,
442 1728 504 1773 tum
523 1729 643 1776 naturae
664 1717 753 1797 magis
772 1717 932 1790 instinctu,
953 1735 1040 1794 quam
1060 1714 1291 1775 arteetconsilio
1394 1741 1396 1750 ι

63 1809 176 1888 prolata.
218 1812 301 1872 Plato
331 1832 400 1873 vero
428 1811 527 1870 eadem
546 1827 574 1872 et
593 1814 718 1874 attendit
735 1813 909 1894 diligenter,
931 1827 959 1872 et
973 1813 1088 1891 judicio
1107 1812 1293 1895 exploravit,
1372 1861 1377 1874 .

64 1920 88 1965 et
113 1910 194 1968 auxit
222 1910 346 1970 aliorum
376 1909 573 1988 adhibendis,
603 1912 817 1985 Eleaticorum,
838 1911 1067 1991 Megaricorum,
1088 1911 1216 1993 ipsorum
1242 1909 1292 1971 So·

64 2003 217 2086 phistarunr
248 2009 395 2070 inventis·
418 2029 495 2069 novo
521 2011 604 2069 auxit
624 2009 793 2070 dialecticae
812 2029 932 2100 genere,
954 2008 1032 2089 quod
1051 2009 1136 2069 modo
1156 2031 1291 2070 memora-

65 2105 169 2181 vimus,
199 2109 373 2186 analytice,
404 2120 437 2166 ut
456 2106 545 2186 vulgo
565 2123 701 2184 vocatur,
722 2109 783 2170 sive
799 2107 879 2187 quod
897 2109 1044 2168 emendo
1055 2109 1291 2194 jungendoque,

65 2151 215 2287 deeepddeer
236 2202 285 2265 καὶ
306 2207 490 2286 enumerate
510 2206 652 2287 procedit.
693 2206 741 2266 Sic
769 2220 865 2266 autem
885 2207 963 2266 tiam
981 2207 1110 2268 munivit
1126 2206 1294 2281 Aristoteli,

64 2327 115 2384 qua
142 2306 190 2367 bic
219 2329 401 2390 progressus,
422 2307 568 2387 analytice
597 2303 746 2364 scribendi
775 2304 995 2386 disserendique
1012 2325 1116 2386 genere
1133 2327 1178 2365 res
1195 2326 1293 2365 ornnes
1331 2303 1334 2312 “

65 2404 174 2468 divinas
204 2421 235 2467 et
255 2407 397 2466 humanas
416 2406 572 2488 explicare
568 2402 707 2464 studuit.
749 2403 807 2464 Sed
826 2404 884 2463 alia
901 2419 970 2464 sunt
987 2405 1073 2478 item,
1094 2423 1167 2482 quae
1183 2390 1293 2463 Socrati

66 2501 159 2563 debuit
184 2504 298 2581 Plato,
297 2504 473 2586 quibusque
500 2477 659 2564 tractaridis
677 2503 826 2584 superarit
845 2504 1012 2584 magistrum
1032 2523 1132 2562 suum:
1154 2502 1249 2582 ipsum
1268 2502 1294 2562 ei

66 2599 159 2662 debuit
176 2618 289 2664 certum
306 2618 334 2664 et
354 2617 488 2663 constans
505 2601 675 2662 dialecticae
693 2602 881 2683 propositum.

101 2697 176 2760 Idem
204 2716 249 2762 est
276 2701 356 2784 apud
384 2702 532 2763 Platonem
565 2700 753 2774 dialecticae,
773 2700 852 2777 quod
871 2697 1087 2774 arithmeticae,
1109 2697 1296 2778 geometriae,

71 2810 271 2880 ceterarumque
300 2800 522 2882 disciplinarum
551 2799 628 2858 finis.
670 2798 758 2858 Valet
785 2798 856 2868 baec
886 2797 995 2880 pariter
1020 2810 1049 2856 et
1076 2817 1145 2858 vero
1169 2795 1294 2855 maxime

72 2895 138 2956 valet
163 2898 202 2959 ad
232 2901 362 2959 animum
381 2898 428 2958 bis
444 2898 531 2958 rebus
549 2896 760 2973 mutabilibus,
781 2895 881 2955 dubiis
901 2908 929 2954 et
948 2895 1068 2955 incertis
1086 2893 1299 2968 eximendum,

73 2997 351 3077 convertendumque
379 2996 417 3057 ad
447 3018 496 3072 ea,
517 3017 589 3075 quae
608 3010 686 3055 certa
704 3009 772 3054 sunt
792 3007 821 3053 et
838 2991 1041 3054 immutabilia.
1083 2992 1129 3052 Ab
1151 2993 1205 3067 iis,
1224 3011 1298 3070 quae

76 3094 201 3155 sensibus
231 3097 452 3178 percipiuntur,
483 3094 605 3154 abducit
621 3114 673 3153 nos
700 3093 872 3174 geometria)
905 3093 970 3151 Non
991 3090 1151 3170 loquuntur
1172 3091 1300 3172 germani

66 3209 218 3270 geometrae
238 3195 361 3255 circulos
380 3194 448 3254 illos
468 3208 496 3254 et
512 3193 676 3274 triangula,
697 3193 748 3271 qui
769 3191 938 3273 imperfecta
958 3191 1053 3272 specie
1074 3191 1107 3250 in
1125 3186 1234 3248 tabulis
1250 3208 1298 3246 ex·

66 3303 137 3351 stant
153 3293 238 3372 picti,
255 3294 304 3355 vel
320 3315 412 3353 manu
430 3307 499 3353 sunt
517 3292 666 3367 elaborati,
687 3291 736 3354 rel
755 3303 895 3373 apparent
906 3289 1016 3349 alicubi
1034 3291 1067 3350 in
1078 3310 1173 3348 rerum
1184 3301 1297 3347 natura:

66 3386 114 3448 bos
135 3391 224 3472 vulgo
251 3391 424 3471 relinquunt
444 3413 475 3450 ac
496 3391 611 3472 pueris:
633 3391 691 3472 ipsi
708 3390 851 3450 circulum
870 3389 984 3470 ipsum,
1006 3388 1100 3469 ipsum
1118 3386 1298 3466 triangulum

67 3502 157 3547 mente
198 3481 362 3551 intuentur.
423 3490 471 3550 Sic
512 3488 682 3548 dialecticae
708 3488 794 3549 Plato
817 3487 871 3547 boc
893 3486 999 3548 tribuit
1025 3485 1174 3560 officium,
1212 3499 1246 3544 ut
1263 3483 1303 3543 ad

67 3584 215 3664 pulcrum,
244 3587 373 3665 bonum,
400 3591 530 3667 justum,
561 3588 656 3668 ipsum
684 3607 737 3668 per
765 3607 815 3663 se,
851 3607 911 3646 non
939 3586 1026 3665 quale
1047 3597 1183 3667 apparet,
1203 3582 1300 3641 trabat

68 3699 187 3744 mentem
214 3701 242 3746 et
269 3675 413 3763 adducat,
445 3687 557 3762 missis,
589 3706 663 3766 quae
694 3685 782 3766 vulgo
808 3685 856 3744 bis
882 3684 1051 3745 nominibus
1069 3681 1227 3767 dicuntur,
1249 3700 1301 3739 nec

69 3781 232 3863 imperfectb
258 3799 328 3845 sunt
355 3799 490 3862 tantum,
519 3785 569 3846 sed
597 3784 690 3860 falsa,
712 3782 763 3843 sed
783 3782 926 3844 contraria
943 3781 1069 3842 subinde
1088 3780 1199 3861 specie:
1221 3779 1301 3858 isque

69 3877 201 3958 demum,
230 3883 267 3942 de
295 3885 357 3962 ejus
382 3882 516 3964 judicio,
544 3903 630 3944 verus
657 3895 685 3941 et
714 3871 951 3942 dialecticus'est
972 3895 1001 3960 et
1022 3878 1231 3961 philosophus,
1254 3877 1304 3956 qui

70 3981 195 4039 omnium
223 4002 319 4040 rerum
345 3996 404 4042 tam
432 4003 518 4063 puras
544 3981 660 4056 animo,
691 4000 777 4058 quam
803 3978 961 4060 figurarum
989 3979 1135 4059 perfectus
1162 3989 1302 4057 geometra

70 4073 146 4149 ideas
172 4093 351 4142 contueatur.
393 4079 479 4156 Quod
501 4093 533 4138 ut
550 4077 627 4138 effici
644 4099 697 4160 per·
715 4078 896 4137 dialecticam
918 4090 1030 4158 posset,
1052 4097 1104 4157 per
1123 4075 1303 4155 geometriam

72 4188 256 4263 cognatasqpe
279 4178 451 4262 disciplinas
480 4201 496 4238 a
512 4179 621 4237 teneris
639 4174 853 4258 praeparandos
871 4176 983 4235 censuit
1001 4173 1217 4234 adolescentum
1234 4173 1303 4230 ani-

73 4289 145 4348 mos,
166 4294 222 4352 quo
240 4279 330 4358 magis
349 4279 535 4338 suscitaretur
555 4276 638 4336 iniis
655 4296 687 4334 ac
707 4287 893 4356 purgaretur,
914 4272 992 4354 quod
1010 4272 1157 4347 diximus,
1176 4271 1307 4334 veritaeis

75 4361 203 4452 ὄργανον.
246 4374 305 4436 Sed
333 4376 505 4446 dialecticae
533 4373 572 4434 ad
599 4373 654 4434 boc
681 4372 913 4456 perficiendum,
944 4386 976 4432 ut
996 4372 1073 4433 idem
1093 4371 1196 4445 docet,
1216 4370 1307 4446 major
1369 4439 1373 4448 .

71 4473 157 4534 etiam
184 4477 318 4552 ὤθει,
346 4497 432 4555 quarn
462 4488 640 4536 caeterarum
657 4471 900 4557 disciplinarum:
923 4474 1085 4548 imovero,
1107 4468 1210 4530 utbae
1229 4467 1306 4530 illud
