2950 5134
222 203 331 328 ,ζ
741 253 779 310 u

162 413 198 478 rio
228 409 320 496 αὐτήν
356 411 515 495 φιλοσοφία
549 406 727 494 οποδὲξητοι
766 407 956 491 ὐμοβολοῧοο
987 405 1056 484 τούς
1081 397 1190 494 ἓοοτῆς
1215 405 1399 493 λογιομούς,

161 512 260 599 uicoep
296 511 332 577 cd
368 509 532 596 κρήδεμνον
568 514 613 600 τῷ
648 509 782 576 Ὀδυσσεῖ
808 507 828 595 ἡ
861 508 1027 576 Λευκοθέα.
1058 514 1086 595 1)
1123 517 1174 576 Est
1208 517 1286 576 enim
1318 515 1400 596 phi-.

161 621 310 702 losophia,
341 633 372 678 ut
405 617 562 678 vocabatur
589 619 767 696 antiquitus,
799 613 908 699 τεχνή
935 615 1030 696 βίου,
1058 639 1112 676 ors
1142 623 1230 688 vitoe.
1253 612 1284 693 2)
1314 616 1399 673 Nam

159 721 287 780 omnium
308 719 431 790 artium,
452 737 525 794 quae
544 717 581 776 ad
601 731 705 775 rectam
729 723 848 777 vivendi
867 722 943 779 viam
963 721 1127 800 pertinent,
1149 716 1220 774 tutio
1246 728 1274 772 et
1294 712 1401 772 disci-

160 819 241 899 plina
270 815 367 876 studio
394 816 569 895 sapientiae)
588 835 660 892 quae
678 815 862 897 philosophia
880 817 1004 891 dicitur,
1023 817 1197 874 continetur.
1220 810 1251 892 3)
1283 813 1401 872 Omnis

160 935 253 974 rerum
272 914 443 994 optimarum
473 913 598 991 cognitio
625 926 709 991 atque
739 916 770 972 in
791 917 827 974 iis
847 923 1023 974 exercitatio
1046 911 1230 994 philosophia
1249 912 1409 970 nomina—‘

159 1028 215 1073 tur.
237 1009 268 1090 4)
301 1011 362 1069 Imo
386 1011 533 1068 medicina
551 1017 650 1067 animi
671 1010 854 1093 philosophia
875 1027 925 1073 est.
948 1011 979 1092 5)
1018 1009 1104 1086 Quod
1125 1009 1304 1069 Democritus
1327 1010 1399 1084 ‘iam

162 1108 386 1192 pronunciavit,
407 1127 575 1185 quamquam
594 1107 643 1166 hic
662 1129 714 1188 pro
736 1112 924 1188 philosophia
955 1111 1087 1170 utebatur
1108 1111 1254 1167 etiamtum
1268 1114 1399 1184 sapien·-

160 1217 216 1268 tio.
258 1199 380 1285 Ἰατρική
409 1201 465 1282 μὲν
481 1199 568 1286 peip,
600 1199 674 1265 κατοὶ
704 1202 911 1288 Δημόκριτον,
945 1203 1082 1289 σώματος
1110 1201 1232 1280 νούσους
1257 1199 1398 1268 οἰκέεται)

161 1304 253 1387 σοφίη
295 1303 330 1368 δὲ
366 1301 471 1388 ψυχήν
508 1307 620 1368 ποθοῦν
658 1305 835 1390 οόοιρὲεται.
868 1312 899 1393 6)
948 1313 1059 1372 Discite
1088 1313 1205 1371 Cicero:
1247 1329 1261 1361 u
1271 1307 1324 1366 sed
1367 1323 1399 1368 et

161 1409 248 1488 hujus
275 1410 378 1490 culpae
408 1423 436 1468 et
466 1421 640 1468 caeterorum
664 1413 800 1470 vitiorum
820 1426 1055 1493 peccatorumque
1075 1423 1236 1470 nostrorum
1254 1408 1357 1466 omnis
1380 1429 1397 1464 a

163 1508 347 1589 philosophia
369 1507 493 1590 petenda
513 1517 657 1568 correctio
677 1523 735 1568 cst:
758 1512 839 1588 cuius
859 1512 890 1570 in
909 1511 1004 1568 sinum
1023 1529 1088 1566 curn
1108 1507 1398 1588 aprimistempori-

152 1606 215 1682 ¹bus
235 1607 335 1666 aetatis
357 1619 452 1664 nomia
471 1606 605 1665 voluntas
625 1607 807 1686 studiumque
828 1630 879 1668 nos
907 1606 1110 1688 compulisset,
1132 1605 1177 1664 his
1207 1604 1396 1683 gravissimis

159 1704 272 1762 casibus
290 1705 323 1762 in
341 1703 465 1762 eundem
484 1717 615 1783 portum,
637 1725 673 1762 cx
692 1727 748 1783 quo
775 1727 885 1765 eramus
912 1707 1033 1785 egressi,
1055 1701 1156 1784 magna
1182 1703 1282 1779 jactati
1309 1715 1396 1760 tern-

159 1815 285 1882 pestate‚
306 1802 512 1880 confugimus.»
538 1799 570 1881 7)
603 1803 808 1884 «Philosophia
827 1805 938 1863 seilicet
958 1806 1144 1862 cultoruest
1163 1801 1263 1862 animi.
1305 1800 1396 1858 Haec

160 1901 284 1960 extrahit
308 1899 379 1959 vitia
400 1897 536 1959 radicitus
555 1914 582 1959 et
602 1915 751 1981 praeparat
771 1903 881 1961 animos
909 1900 947 1960 ad
966 1915 1042 1961 satus
1061 1897 1262 1982 accipiendos:
1294 1917 1396 1976 eaque

160 1997 278 2057 mandat
307 1998 361 2069 iis,
392 2011 438 2070 et,
470 2012 501 2056 ut
530 1999 568 2057 ita
596 1999 709 2073 dicam,
739 2001 824 2074 serit,
856 2021 928 2079 quae
957 1999 1057 2058 adulta
1087 2000 1198 2057 fructus
1225 1995 1395 2056 uberrimos

159 2096 285 2154 ferant.»
310 2093 342 2173 8)
380 2096 553 2173 «Nunquam
574 2097 661 2174 igitur
681 2096 794 2155 laudari
814 2099 881 2157 satis
899 2096 986 2175 digne
995 2095 1176 2176 philosophia
1189 2095 1294 2175 poterit
1305 2139 1312 2167 ,
1339 2096 1392 2152 cui

160 2195 209 2271 qui
228 2207 343 2273 pareat,
369 2213 452 2252 omne
472 2206 582 2274 tempus
602 2195 701 2253 aetatis
721 2196 782 2253 sine
802 2195 929 2254 molestia
946 2195 1036 2274 possit
1055 2193 1187 2272 degere.»
1213 2190 1244 2271 9)
1283 2192 1394 2271 Itaque

160 2291 244 2350 nullo
264 2312 321 2349 non
347 2290 465 2350 laudum
487 2312 588 2372 genere
608 2313 669 2350 eam
686 2293 869 2352 celebrarunt
896 2293 1028 2371 antiqui:
1058 2307 1090 2351 ut
1113 2291 1213 2351 Cicero
1236 2289 1392 2350 nobilissi-

161 2409 206 2448 mo
226 2389 296 2447 loco.
330 2390 380 2448 «0
400 2390 475 2448 vitae
495 2389 678 2469 philosophia
698 2389 775 2450 dux!
799 2413 815 2449 ο
835 2389 951 2449 viitutis
972 2389 1156 2469 indagatrix,
1178 2387 1394 2468 expultrixque

161 2488 313 2547 vitiorum!
342 2486 414 2566 quid
432 2507 497 2545 non·
510 2479 593 2546 modo
612 2501 684 2561 noe,
706 2489 756 2548 sed
775 2490 893 2548 omnino
914 2490 974 2547 vita
999 2487 1149 2547 hominum
1178 2488 1240 2545 sine
1267 2499 1296 2543 te
1325 2507 1394 2546 esse

158 2585 317 2664 potuisset?
340 2619 372 2627 -
391 2583 437 2642 Ad
455 2597 483 2642 te
502 2586 699 2664 confugimus3
722 2601 785 2644 ate
802 2607 884 2666 opem
903 2587 1035 2666 petimus.
1066 2609 1098 2618 -
1122 2585 1172 2643 Est
1187 2598 1286 2642 autem
1307 2599 1394 2644 unus

158 2681 238 2755 dies,
256 2682 331 2741 hene
350 2697 378 2741 et
397 2701 433 2739 ex
449 2685 610 2763 praeceptis
630 2685 686 2742 tuis
705 2698 801 2757 actus,
822 2684 954 2764 peccanti
974 2682 1180 2742 immortalitati
1201 2695 1393 2762 anteponen-

159 2778 240 2838 dus.t
267 2777 316 2858 10)
348 2781 474 2853 Quarum
495 2779 614 2839 laudum
634 2796 732 2840 auctor
751 2784 782 2840 in
803 2783 902 2862 primis
921 2783 978 2841 fuit
1005 2780 1192 2853 Posidonius,
1215 2794 1247 2838 ut
1268 2795 1392 2860 parete

158 2875 281 2936 Senecae
309 2877 445 2958 epistolis.
470 2875 519 2957 ll)
553 2879 616 2959 lpse
636 2894 730 2938 autem
751 2879 858 2938 Seneca
879 2877 1031 2958 magnifico
1055 2899 1120 2937 usus
1140 2877 1258 2937 dicendi
1278 2899 1391 2956 genere

161 2997 176 3028 u
187 2976 316 3049 utinam,
338 2978 396 3050 ait,
418 2975 656 3055 quemadmodum
676 2979 804 3038 universi
825 2976 927 3036 mundi
949 2978 1036 3036 facies
1056 2978 1087 3035 in
1116 2989 1300 3056 conspectum
1329 2999 1390 3037 ve-

159 3075 220 3148 nit,
244 3075 283 3132 ita
320 3072 502 3154 philosophia
531 3088 589 3132 tota
627 3057 710 3134 nohis
742 3090 836 3156 posset
868 3097 1034 3148 occurrere,
1064 3073 1242 3132 simillimum
1268 3078 1390 3137 mondo

157 3171 369 3252 spectaculum!
388 3171 517 3230 Profecto
536 3174 728 3232 enimomnes
747 3155 879 3233 mortales
899 3175 930 3232 in
949 3173 1165 3236 admirationem
1186 3175 1229 3231 sui
1250 3191 1388 3254 raperet,

158 3269 266 3328 relictis
276 3269 338 3343 his,
351 3289 422 3347 quae
434 3291 512 3329 nunc
523 3291 623 3358 magna
636 3317 643 3345 ,
655 3291 823 3351 magnorum
832 3272 993 3350 ignorantie
1005 3299 1012 3344 3
1028 3271 1198 3331 credimus.»
1215 3269 1263 3350 12)
1291 3273 1388 3332 Periit

193 3441 217 3507 l)
236 3445 300 3494 Dies.
319 3444 393 3496 XVll.
412 3462 436 3511 p.
455 3441 514 3494 333.
533 3443 621 3494 Reisli.

139 3531 142 3548 ¹
191 3525 217 3593 2)
238 3528 293 3580 Cic.
311 3531 340 3580 de
356 3531 412 3581 Fui.
431 3528 473 3580 lll.
491 3528 516 3580 2.

191 3613 217 3678 3)
239 3615 309 3666 Tarso.
328 3617 356 3680 Q.
375 3614 392 3665 l.
413 3614 436 3666 1.

192 3703 218 3764 l)
237 3701 273 3751 De
290 3702 359 3752 Orat.
380 3700 418 3751 lll.
439 3700 479 3752 16.

192 3783 216 3848 5)
240 3786 310 3836 Tusc.
329 3788 357 3851 Q.
376 3785 417 3836 lll.
435 3784 468 3836 3..

190 3867 216 3933 6)
237 3869 316 3922 Clem.
334 3871 407 3922 Alex.
427 3871 502 3922 Poed.
521 3869 540 3920 1.
556 3869 580 3920 2.
597 3888 622 3937 p.
640 3870 694 3923 l00.
712 3871 750 3924 Cf.
766 3875 843 3939 Wytt.
860 3875 921 3926 sot.
932 3879 986 3928 crit.
1002 3875 1046 3927 111.
1062 3874 1085 3926 l.
1101 3873 1135 3925 29
1149 3884 1174 3926 et
1187 3874 1229 3925 111.
1243 3876 1267 3924 1.
1280 3873 1318 3924 tt».

161 3965 165 3976 “
192 3953 217 4018 7)
239 3956 308 4008 lusu.
324 3958 352 4020 Q.
373 3957 402 4006 V.
420 3955 444 4005 2.
827 3969 830 3976 ·

89 4051 97 4070 =
188 4039 215 4104 e)
234 4029 295 4094 sia.
315 4042 344 4092 u.
363 4042 387 4093 5.
408 4040 446 4092 cr.
465 4040 528 4093 risi.
547 4042 628 4092 amar.
647 4040 704 4094 rer.
723 4043 752 4094 s.
770 4044 876 4096 rinae.
894 4044 952 4098 tro.
971 4045 999 4097 ο.
1017 4045 1047 4097 ο.

187 4125 213 4190 9)
232 4127 285 4178 Cot.
305 4129 367 4190 Moj.
386 4143 407 4176 c.
428 4125 459 4200 1.-

173 4209 214 4275 10)
237 4213 307 4262 Tusc.
323 4213 351 4275 Q.
371 4212 400 4261 V.
419 4209 444 4261 2.

175 4296 217 4361 ll)
235 4297 262 4348 ln
282 4297 369 4364 primis
384 4291 462 4363 Epist
477 4295 519 4346 90.
535 4296 590 4348 Vitl.
608 4297 702 4350 Bltius
717 4299 783 4368 disp.
801 4301 833 4352 de
848 4301 972 4355 Posidou.
988 4317 1013 4368 p.
1028 4299 1071 4352 33.

105 4433 108 4442 Δ
174 4381 217 4446 12)
236 4383 282 4451 Ερ.
300 4380 342 4433 89.
361 4381 418 4431 Vid.
434 4382 482 4450 Ep.
502 4380 561 4432 101.
587 4383 710 4436 Laudatio
734 4385 796 4438 item
817 4387 999 4455 philosophiae
1023 4395 1106 4439 exstat
1129 4389 1153 4438 in
1176 4387 1297 4438 motoris
1321 4403 1380 4437 ser-

156 4487 240 4532 mm,
258 4469 340 4536 quiin
356 4465 537 4520 Demosthenis
554 4470 676 4537 operibus
692 4476 810 4525 occurrit.
826 4491 851 4541 p.
869 4471 941 4525 1113.
959 4473 1046 4540 Steph.
