2832 5120
645 295 647 302 ’
736 273 792 332 148

144 430 332 516 διδασκαλική
360 440 408 500 vel
435 439 472 499 ad
500 431 711 516 δημιουργικὰς
733 441 855 501 καλειται
877 435 1081 510 διδασκαλίας,
1105 442 1153 502 vel
1175 433 1284 496 παιδεία
1301 451 1346 509 est,

126 543 163 618 i.
185 563 209 601 e.
239 531 427 617 διδασκαλική
455 535 487 596 ἒν
513 540 575 610 τοῖς
602 531 712 618 λόγοις·
739 539 808 599 haee
834 553 928 600 autem
955 539 1067 620 duplex
1093 553 1152 612 est,
1179 539 1294 600 severior
1312 534 1347 594 iel

143 639 252 700 leuior:
280 641 327 702 vel
352 635 595 721 rondet'rqttuq*
623 658 683 719 est,
710 633 926 721 α’ρχαιοιτρειιὲς
952 631 1138 716 τιοτάτριον,
1162 625 1188 720 ᾧ
1209 632 1280 718 πρδς
1297 629 1347 703 τούς

141 735 211 812 υἱεῖς
237 733 353 820 μάλιστ’
380 735 518 824 ἐχρῶντό
544 764 575 802 τε
602 740 651 801 καλ
676 737 717 801 ἔτι
744 739 845 801 πολλοὶ
872 739 1004 820 χρῶνται
1031 733 1069 798 τά
1090 739 1156 812 νῦν,
1182 731 1254 798 ὅταν
1272 730 1348 805 αὐτοῖς

134 835 368 925 ἕξαμαρτάνωσί
385 868 427 918 τι,
449 839 486 903 τά
507 841 564 922 μὲν
584 842 819 924 χαλεπαίνοντες,
842 837 879 902 τά
901 839 936 902 δὲ
961 835 1207 923 μαλθακωτέρας
1232 859 1348 920 παραμο-
1402 881 1403 888 ³

139 938 296 1024 θοάμενοι·
324 953 484 1024 antiquum
506 949 650 1025 quiddam
676 957 706 1004 et
717 956 877 1024 patrium,
898 967 953 1022 quo
973 953 1007 1001 in
1029 945 1135 1002 liberos
1155 965 1223 1002 suos
1242 951 1349 999 αιοτταιι

140 1050 304 1106 utebantur
328 1057 357 1104 et
382 1055 515 1102 utuntur
540 1054 714 1104 etiamnunc
749 1048 858 1119 rrulti,
889 1045 1007 1122 quaudo
1031 1043 1231 1120 delinquunt,
1255 1045 1350 1118 partin
1387 1097 1388 1104 γ

134 1154 276 1226 grauiter
306 1146 517 1225 objurgantes,
549 1153 669 1220 partim
701 1147 799 1202 lenius
827 1145 1037 1200 admouentes:
1074 1141 1141 1215 vel,
1166 1155 1262 1219 ‘quem
1288 1157 1350 1196 nunc

138 1243 300 1324 quaerimus
322 1245 464 1318 maxime,
491 1237 655 1322 ἔλεγχος,
685 1237 702 1302 α’
724 1241 791 1324 περὶ
811 1237 867 1322 τήν
887 1234 1014 1320 μάταιον
1036 1237 1216 1318 δοξοσοφίαν
1236 1229 1352 1319 γιγνόμε-

138 1365 186 1415 νος
208 1334 340 1422 ἔλεγχος,
370 1363 463 1400 uanae
488 1347 662 1419 doetrinae,
689 1367 764 1424 quae
787 1353 923 1422 opinione
942 1351 1100 1416 cernitur,
1121 1343 1314 1420 redargutio,
1332 1333 1352 1414 l)
1404 1347 1405 1350 ’

138 1447 158 1504 i.
178 1467 202 1505 e.
222 1434 388 1520 μαιευτικῆ,
410 1463 495 1522 quam
514 1444 564 1521 qui
585 1445 681 1504 animo
701 1444 837 1518 adhibet,
858 1435 1016 1524 καθαρτής
1036 1439 1179 1499 dicendus
1198 1456 1255 1515 est,
1276 1431 1353 1506 δοξῶν
1404 1433 1405 1466 ³

139 1540 291 1620 inaudierat
315 1537 478 1622 μαθήμασι
503 1539 570 1622 περὶ
596 1537 710 1622 ψυχάν.
738 1540 769 1622 2)
816 1545 910 1625 Ergo,
938 1559 970 1603 ut
993 1545 1038 1604 vis
1062 1538 1231 1620 μαιευτικῆς
1257 1540 1293 1598 ad
1316 1558 1355 1598 ve·
1404 1561 1405 1564 ¹

136 1666 202 1703 rum
235 1647 359 1704 hominis
392 1644 502 1702 cultum
536 1645 731 1724 percipiatur,
763 1643 868 1724 prouti,
887 1641 1017 1701 medicus
1042 1643 1171 1722 corpori,
1208 1642 1250 1700 sic
1278 1637 1356 1698 animo
1404 1631 1405 1662 ³

98 1776 102 1782 =
134 1743 228 1821 judex
252 1743 408 1825 prospicit5
437 1741 487 1801 sed
512 1743 624 1822 corpori
651 1765 711 1802 non
732 1739 856 1815 sufficit,
885 1752 916 1798 ut
935 1741 1014 1798 intus
1034 1761 1063 1798 se
1081 1740 1156 1798 bene
1175 1737 1296 1812 habeat,
1319 1756 1357 1792 ao·

139 1842 222 1902 cedat
249 1862 363 1902 necesse
388 1855 429 1899 est
453 1839 570 1898 habitus
593 1854 742 1920 motusque
768 1840 945 1898 concinnus:
976 1835 1053 1917 quod
1078 1837 1166 1896 efficit
1185 1833 1356 1916 gymnastico.
1404 1843 1405 1912 }

91 1953 93 1956 '
140 1939 279 1998 Similiter
307 1960 366 1997 non
393 1938 460 1997 satis
486 1949 527 1996 est
556 1939 671 2012 animo,
701 1938 725 1996 si
755 1957 808 1995 nec
836 1957 943 2017 pravus
971 1937 1008 1995 sit
1036 1955 1089 1994 nec
1114 1936 1216 2016 poenis
1240 1933 1358 1995 videatur
1404 1926 1405 1936 ¹

139 2037 330 2110 coercendus,
361 2057 420 2094 esse
449 2049 519 2092 eum'
544 2055 597 2093 nec
627 2034 740 2116 turpem
765 2027 821 2099 'nec
849 2047 990 2092 taetrum:
1019 2035 1162 2110 pulcrum
1191 2053 1251 2091 esse
1281 2031 1358 2090 decet.
1404 2039 1405 2058 ³

138 2133 180 2194 Eo
207 2147 301 2193 autem
327 2125 517 2211 διδασκαλική
546 2132 642 2208 valet,
674 2155 726 2192 nec
753 2133 806 2192 illa
831 2145 961 2206 tantum,
991 2153 1064 2211 quae
1089 2131 1179 2212 patris
1203 2129 1359 2188 auctoritate

83 2230 85 2238 ’
139 2245 307 2305 exercetur,
335 2233 385 2292 sed
410 2232 594 2313 praesertim,
620 2252 692 2309 quae
715 2232 794 2291 intus
818 2245 909 2320 totum¹
934 2232 1105 2310 penitusque
1130 2243 1287 2310 perpurget
1309 2225 1358 2286 ani·
1404 2221 1405 2256 ³

135 2349 231 2402 mum,
248 2345 309 2410 ll>
335 2330 456 2389 sublatis
475 2329 662 2409 opinionibus
683 2331 786 2403 vanis,
808 2329 918 2408 integer
942 2329 979 2387 sit
1004 2341 1032 2386 et
1052 2329 1156 2407 vigeat.
1201 2321 1269 2387 Τδν
1294 2320 1360 2403 ἔλεγ-
1404 2337 1405 2356 ¹

137 2447 193 2504 χον
214 2422 326 2488 λεκτέον
349 2421 389 2501 aig
410 2421 469 2509 ἄρα
490 2425 612 2509 μεγίστη
634 2426 683 2487 καὶ
703 2420 869 2507 κυριωτάτη
891 2425 952 2486 τῶν
970 2419 1149 2508 καθάρσεων
1162 2425 1238 2488 ἔστι·
1256 2427 1305 2490 καὶ
1317 2419 1361 2488 τάν

136 2522 303 2612 ἀνέλεγκτον
329 2521 368 2589 αὖ
394 2523 560 2607 νομιστέον,
587 2524 623 2589 dir
644 2527 692 2589 uui
713 2521 847 2614 τογχάνγγ
868 2523 1003 2607 βασιλεδς
1025 2521 1044 2587 d
1064 2523 1157 2608 μέγας
1178 2524 1233 2606 air,
1255 2526 1296 2592 τά
1315 2521 1361 2609 με’-

136 2651 221 2710 γιστα
249 2621 422 2713 ἀ’κάθαρτσν
450 2625 536 2704 ὄντα,
564 2624 742 2692 ἀπαίδευτόν
769 2653 799 2691 τε
826 2629 875 2690 καὶ
902 2625 1030 2710 αἰσχράν
1056 2627 1198 2711 γεγονέναι
1219 2625 1361 2707 ταῦταῆ

136 2727 353 2816 καθαρώτατον
376 2732 427 2793 καλ
453 2727 604 2794 κάλλιστον
631 2728 734 2814 ἔπρεπε
755 2728 810 2794 τάν
832 2727 926 2806 ὅντως
947 2725 1087 2811 ἐσόμενον
1108 2728 1271 2814 εὐδαίμονα
1292 2730 1361 2797 εἶναι·
1402 2757 1403 2760 ’

138 2837 315 2917 redargutio
334 2838 459 2894 diceudo
482 2847 526 2894 eet
546 2845 678 2894 maaima
699 2848 727 2893 et
744 2843 885 2912 prirteeps
906 2844 1124 2915 purgationum
1143 2846 1298 2908 emerium
1317 2839 1361 2894 ille
1388 2886 1392 2902 ,

139 2955 205 2991 aero
231 2943 283 3012 qui
304 2957 361 2992 ιιοιι
385 2938 569 3015 redargutus
593 2945 655 3009 est,
683 2923 888 3011 etianisi·.ipse
906 2945 980 2992 earet
998 2957 1051 2992 rea
1069 2935 1258 3012 Persarum,
1282 2939 1362 3016 ‘indq-

137 3042 205 3089 etur
229 3033 379 3090 baderadus
403 3044 447 3089 est
472 3042 501 3088 ei
526 3041 626 3109 turpis
651 3039 692 3090 iis
714 3040 748 3088 in
772 3040 918 3111 negotiis,
939 3034 1099 3109 inquibus
1118 3043 1171 3111 qui
1189 3057 1295 3114 reapse
1307 3040 1361 3114 fu-

137 3140 228 3188 turus
246 3139 290 3188 esi
299 3132 400 3206 felia,
417 3137 605 3207 purissimus
621 3152 683 3204 ,esse
702 3140 731 3186 et
743 3115 1078 3205 pulcerrimus'debet.»
1103 3129 1134 3212 3)

177 3226 235 3286 Sed
254 3227 384 3286 nondum
403 3228 595 3308 explicuimus
615 3230 696 3301 satis,
715 3226 793 3307 quod
812 3227 890 3286 dixit
907 3228 944 3287 de
958 3227 1011 3286 hae
1031 3227 1188 3310 disciplina
1207 3231 1239 3290 in
1261 3235 1361 3292 Theae-

136 3337 194 3382 teto
212 3321 357 3400 SocrateS,
378 3325 562 3385 admirabiles
582 3347 640 3385 esse
660 3348 776 3400 eorum,
797 3327 847 3403 qui
868 3327 907 3384 sic
927 3328 1114 3402 excoluntur,
1135 3349 1317 3409 progressus:
1336 3329 1363 3388 id

137 3442 206 3481 vero
223 3424 389 3501 praesertim
410 3439 450 3483 est
476 3445 512 3482 ex
531 3424 656 3483 hominis
680 3423 780 3482 indole
807 3439 835 3482 et
857 3423 980 3482 Socratis
1003 3424 1187 3506 philosophia
1214 3427 1358 3486 declaran-

138 3519 217 3578 dum,
239 3521 310 3578 Nam
330 3520 362 3578 id
381 3521 514 3581 studebat
533 3524 618 3581 unice
636 3520 845 3602 philosophus,
867 3535 898 3580 ut
917 3523 1030 3581 animus
1050 3524 1222 3584 liberaretur
1241 3540 1359 3598 tumore,

139 3619 284 3692 vanitate,
306 3617 386 3677 falsis
411 3619 617 3699 opinionibus,
639 3639 711 3699 quae
731 3621 855 3677 maxima
884 3633 952 3678 sunt
979 3621 1125 3700 cogitandi
1151 3623 1297 3704 libereque
1315 3625 1382 3682 iu-.

137 3715 275 3794 quirendi
303 3716 524 3796 impedimenta:
556 3717 602 3776 his
620 3732 720 3777 ¹autem
747 3732 883 3795 tanquam
914 3717 1042 3777 vinculis
1070 3720 1198 3795 solutus,
1219 3722 1279 3804 ipse
1302 3725 1359 3800 jam

137 3833 221 3892 porro
249 3834 301 3893 per
325 3835 353 3871 se
377 3817 514 3894 cogitaret
542 3829 570 3873 et
590 3817 762 3894 exquireret.
804 3815 970 3896 Simplicior
998 3815 1068 3895 fingi
1095 3817 1253 3899 disciplina
1280 3819 1358 3878 nulla

135 3924 246 3989 potest,
267 3910 317 3970 sed
341 3912 424 3969 nulla
450 3927 505 3986 est,
520 3914 605 3972 etiam
635 3914 673 3972 ad
693 3914 894 3973 accelerandos
908 3916 1050 3992 juvenum
1080 3937 1241 3996 progressus
1268 3917 1358 3998 aptior

136 4005 345 4087 efficaciorque.
396 4010 467 4068 Nam
495 4011 547 4070 hac
576 4013 687 4072 ratione
715 4013 843 4092 expediti
874 4010 1116 4086 difficultatibus,
1137 4036 1209 4093 quae
1229 4021 1356 4074 codicem

171 4279 196 4341 u
214 4282 286 4346 sipi
304 4277 362 4329 aar
381 4279 410 4329 u.

171 4363 393 4426 emme

172 4445 198 4511 3)
218 4451 285 4500 uu..
303 4448 354 4496 iao
373 4457 398 4499 a
416 4445 462 4498 rer
