2838 5120
608 313 612 328 .
636 263 695 326 295

61 445 182 491 nonme
207 430 310 490 attinet
339 443 453 504 terren,
471 425 571 502 tide,
601 427 675 506 quid
704 439 733 487 et
751 414 941 510 Hippocrates
959 424 1040 495 dicat
1055 440 1085 488 es
1103 442 1171 488 vera
1191 429 1273 490 estio.

58 530 153 589 Nonne
179 529 220 588 sic
247 527 284 587 de
311 541 415 586 natura
445 529 642 606 cujuscunque
667 526 707 585 rei
733 525 918 606 cogitmdsm
943 525 1196 607 quaerendumque
1215 542 1276 600 est,

58 627 192 706 primum,
223 639 319 687 utrum
348 623 472 708 simplex
491 625 586 684 sitan
605 625 718 684 varium
738 623 835 702 illud,
864 625 949 703 cujus
969 637 1058 684 artem
1078 625 1179 706 stipsi
1199 624 1277 688 veli-

58 745 114 782 mus
141 738 240 784 tenere
268 736 296 782 et
324 723 390 784 aliis
415 723 547 782 tradere:
569 720 696 798 deinde,
715 722 739 780 si
759 722 883 803 simplex
901 735 962 796 est,
983 739 1058 802 quae
1076 723 1121 784 tis
1141 725 1203 801 ejus
1221 724 1278 798 sit,

13 849 17 856 ·
57 842 135 900 quam
161 821 201 880 ad
224 820 338 900 aliquid
365 819 526 901 agendum,
555 839 642 899 quam
667 820 737 879 item
767 819 805 880 ad
833 819 1002 901 patiendum
1030 839 1046 878 a
1075 837 1132 901 quo
1151 821 1256 880 habeat
1268 843 1278 899 3

57 921 99 978 sin
123 920 223 1000 plures
251 919 356 980 lrabeat
385 920 511 1000 species,
543 905 596 978 has
624 938 775 976 nurnerare
804 917 965 998 oportebit,
995 918 1130 998 quodque
1157 920 1190 978 in
1218 936 1276 979 una

57 1017 203 1093 ridemus,
227 1017 260 1078 id
285 1019 317 1076 in
343 1017 466 1098 singulis
485 1015 686 1090 considerare,
704 1014 779 1094 qnid
797 1017 886 1075 faciat
909 1035 942 1075 ac
966 1018 1102 1098 patiatur.
1123 1057 1157 1068 -
1185 1017 1281 1078 Vide-

55 1129 116 1191 tur,
136 1137 153 1176 o
172 1116 310 1176 Socrates.
323 1149 359 1160 -
387 1117 449 1175 Hac
468 1114 581 1190 scilicet
597 1113 736 1174 destituta
756 1114 896 1173 cernendi
917 1115 1150 1196 numerandique
1167 1118 1280 1177 ratione

56 1213 200 1275 methodus
226 1214 304 1274 coeci
330 1215 368 1274 sit
388 1214 492 1274 iteneri
514 1212 635 1288 similis,
655 1225 852 1296 coecotautem
870 1225 921 1272 aut
936 1212 1026 1273 surdo
1046 1235 1106 1274 non
1128 1215 1154 1274 is
1171 1215 1280 1274 assimi-

56 1313 154 1374 landus
184 1327 244 1389 est,
262 1315 313 1393 qni
332 1327 393 1374 arte
407 1311 521 1392 aliquid
537 1317 641 1372 tractat
651 1358 659 1387 ,
680 1310 732 1371 sed
750 1323 848 1390 patet,
868 1311 976 1390 siquis
994 1313 1081 1372 alicui
1102 1316 1157 1373 arti
1177 1333 1280 1374 sermo·

56 1431 101 1470 nes
128 1411 302 1487 adhibebit,
322 1425 441 1472 naturae
464 1409 543 1470 huno
564 1409 721 1490 diligenter
740 1402 796 1490 τήν
817 1403 919 1470 οὐσίαν
938 1409 1200 1472 demonstratorum
1220 1429 1279 1472 esse

55 1509 147 1585 illius,
167 1511 217 1569 oui
235 1509 423 1570 adhibiturus
447 1529 591 1569 sermones
618 1521 677 1568 est:
699 1524 854 1572 astantem
875 1510 952 1572 illud
977 1529 1057 1570 mens
1076 1510 1211 1570 hominis.
1243 1535 1279 1550 -

57 1608 187 1680 Quidni?
207 1634 246 1646 -··
263 1609 300 1668 In
320 1606 397 1667 illud
417 1607 506 1688 igitur
523 1606 651 1668 surdiem
672 1628 758 1668 omne
781 1624 810 1669 et
827 1610 1042 1670 contentionem
1060 1621 1224 1668 convertet:
1247 1611 1280 1670 in

57 1706 105 1765 illo
131 1707 211 1766 enirn
237 1707 450 1788 persuasionem
472 1705 585 1764 efficere
606 1705 730 1781 nititrrr,
752 1711 875 1768 nonne?
895 1735 931 1748 -
950 1708 1087 1767 Omnino.
1109 1747 1141 1758 -
1163 1709 1281 1766 Constat

56 1805 154 1884 igitur,
176 1803 425 1884 Thrasymachum
443 1804 657 1882 etquicunque
676 1801 743 1864 dact
764 1806 851 1886 operi
872 1821 962 1866 artem
982 1805 1153 1865 rhetoricam
1171 1805 1280 1879 tradit,

56 1905 172 1983 primum
192 1905 272 1963 omni
289 1902 444 1983 diligentia
467 1903 652 1977 electurum,
674 1917 706 1961 ut
726 1902 826 1964 ridest
851 1925 950 1979 mens,
972 1917 1068 1968 utrem
1097 1905 1160 1984 ipsa
1189 1923 1278 1965 unum

56 2001 161 2080 aliquid
179 2003 294 2081 sibique
308 2001 420 2075 simile,
441 2022 480 2060 an
496 2001 624 2080 eorporis
643 2001 754 2060 ratione
773 2003 886 2062 sarium
906 2004 958 2061 sit:
979 2002 1012 2062 id
1030 2003 1108 2090 enim
1125 2001 1277 2062 essedixi-

57 2120 130 2175 mus,
160 2115 294 2160 naturam
323 2099 528 2160 demonstrare.
556 2135 591 2148 -
610 2099 748 2158 Omnino.
769 2129 801 2138 -
822 2100 939 2161 Deinde
966 2100 1174 2179 inquisiturum
1198 2119 1275 2174 esse,

57 2198 121 2275 quid
148 2200 246 2259 facer-e
271 2199 381 2273 alicui,
401 2196 530 2277 quidque
549 2195 586 2255 ab
606 2196 704 2276 aliquo
723 2199 784 2278 pati
800 2201 900 2279 possit.
914 2227 950 2238 ··-
979 2199 1116 2274 Quidni?
1139 2225 1173 2238 -
1203 2199 1277 2258 Ter-

57 2296 121 2355 tium
138 2299 211 2373 erit,
233 2310 266 2356 ut
292 2297 425 2357 discretis
445 2294 648 2376 dispositisque
675 2295 808 2355 omnibus
829 2317 895 2356 cnm
922 2313 1086 2358 sermonum
1114 2310 1177 2356 turn
1195 2297 1281 2377 inge·
1335 2365 1337 2374 Ι

57 2394 161 2454 nicrum
179 2395 337 2478 generibus
362 2393 523 2472 horumque
550 2392 698 2453 affectibus
709 2439 719 2469 ,
746 2396 937 2476 omnibusque
968 2395 1126 2477 exploratis
1155 2397 1281 2472 sausoio,

59 2492 161 2572 singula
187 2493 313 2574 singulis
334 2492 473 2573 adaptet,
493 2490 670 2569 doceatque,
691 2492 787 2570 qualis
809 2485 923 2555 animus
947 2495 1084 2574 qualibus
1104 2495 1283 2554 sermonibus

60 2609 119 2667 quas
144 2593 180 2652 ob
206 2613 320 2652 caussas
341 2591 501 2652 necessario
525 2588 575 2648 hic
601 2589 657 2648 sibi
678 2591 845 2670 persuaderi
871 2594 965 2668 sinat,
983 2593 1035 2653 ille
1057 2615 1117 2653 non
1134 2595 1219 2654 sinat.
1247 2635 1281 2644 -

63 2686 102 2746 Sic
118 2693 293 2770 profecto'se
313 2713 376 2765 res,
397 2704 429 2750 ut
445 2687 583 2761 videtur,
604 2687 710 2767 optime
734 2688 848 2750 habeat.
869 2719 904 2730 -
924 2692 989 2752 Non
1007 2691 1114 2771 igitur,
1135 2710 1152 2749 o
1171 2693 1283 2770 amice,

64 2787 128 2862 quod
150 2789 211 2850 alio
239 2789 324 2850 modo
352 2789 577 2849 demonstratum
607 2785 757 2846 dictumve
786 2801 853 2864 est,
881 2804 943 2850 arte
971 2790 1108 2870 seriptum
1129 2787 1282 2852 omnmo

63 2884 124 2961 erit3
143 2888 193 2948 sed
211 2889 265 2968 qui
284 2909 364 2948 nune
382 2886 514 2948 scribunt
533 2876 642 2963 τέχνας
662 2876 775 2964 λόγων,
806 2885 843 2948 de
863 2887 969 2968 quibus
991 2901 1024 2948 tu
1042 2887 1202 2964 audivisti,
1223 2889 1281 2948 cah

61 2978 113 3042 lide
130 2987 328 3066 praeclaram,
348 3007 433 3065 quam
453 2998 573 3060 emur,
595 2987 699 3046 mentis
717 2987 910 3066 cognitionem
930 2986 1088 3046 occultant.
1114 2987 1282 3065 Psirrsquan

59 3078 138 3158 igitur
153 3099 181 3144 et
199 3085 371 3166 scripserint
389 3084 469 3143 laune
486 3084 519 3144 in
536 3082 653 3142 modurn
671 3097 699 3143 et
716 3083 866 3158 dixerint,
889 3083 977 3144 fidem
994 3084 1032 3145 iis
1050 3104 1087 3142 ne
1106 3083 1281 3164 habeamus,

59 3191 113 3238 arte
129 3203 158 3241 se
174 3182 302 3242 seribere
322 3181 536 3264 profitentibus.
551 3209 586 3220 —-
605 3183 699 3257 Quem
716 3196 748 3242 tu
764 3182 882 3242 modum
899 3182 1004 3242 dicis?
1020 3210 1054 3220 ·-
1074 3183 1142 3263 Ipsa
1161 3181 1282 3260 quidem

59 3277 139 3338 verba
164 3281 285 3356 dicere,
304 3301 365 3340 non
396 3279 482 3346 lacile
509 3291 570 3356 est;
602 3278 653 3339 sed
680 3280 923 3359 quemadmodum
951 3280 1075 3342 seribere
1105 3280 1222 3358 deceat,
1252 3297 1284 3342 ut

58 3389 138 3436 ntem
156 3381 262 3440 referet
281 3380 435 3460 scriptum,
457 3377 552 3458 quood
574 3379 635 3455 ejus
655 3377 718 3460 fieri
740 3390 851 3460 potest,
872 3380 972 3442 dicere
990 3380 1066 3441 volo.
1087 3407 1122 3419 -
1141 3382 1197 3440 Die
1226 3381 1284 3462 igi-

59 3485 109 3534 tur.
129 3503 163 3516 -·
182 3479 280 3552 Quum
299 3477 475 3553 flexanima,
502 3473 686 3556 ψυχαγωγία
705 3479 846 3557 quaedam
856 3525 866 3554 ,
887 3481 932 3540 vis
958 3479 1079 3544 dicendi
1104 3482 1164 3556 sit,
1181 3480 1286 3555 illum,

60 3573 105 3648 qui
127 3573 246 3636 dicendi
264 3575 418 3636 habituros
438 3577 604 3637 facultatem
621 3591 682 3656 est,
703 3579 818 3638 sevisse
836 3591 967 3658 oportet,
988 3593 1058 3657 quot
1085 3578 1195 3660 speeies
1219 3577 1287 3638 ani-

60 3672 254 3734 mushabeat:
286 3688 354 3734 sunt
374 3676 465 3754 igitur
491 3675 561 3738 illae
583 3689 624 3736 tot
645 3692 675 3737 ct
694 3676 785 3751 tales,
815 3676 894 3736 uude
923 3676 975 3736 alii
997 3677 1082 3736 aliter
1108 3697 1137 3736 se
1164 3675 1284 3736 habeut.
1322 3691 1325 3698 '

61 3765 109 3826 His
127 3785 220 3834 autem
238 3773 280 3832 sic
301 3771 468 3848 distinctis,
488 3795 633 3834 sermones
653 3775 740 3850 item,
761 3788 831 3854 quot
849 3774 975 3834 habeant
996 3775 1105 3855 speeies
1131 3788 1159 3834 et
1186 3773 1287 3854 quales

61 3865 181 3947 singulae
199 3871 277 3945 sint,
297 3870 533 3933 discernendum.
575 3871 664 3932 Tales
693 3875 782 3953 igitur
809 3872 920 3934 talibus
944 3872 1125 3934 sermonibus
1151 3873 1228 3932 hane
1249 3872 1286 3932 ob

62 3980 180 4028 caussam
196 3969 235 4029 ad
254 3967 325 4028 talia
351 3969 535 4040 excitantur:
569 3970 640 4029 tales
664 3985 817 4052 propterea
846 3971 967 4032 excitari
988 3991 1017 4030 se
1039 3992 1099 4030 non
1125 3972 1286 4054 patiuntur.

62 4060 171 4142 Oportet
199 4081 295 4128 autem
324 4069 349 4128 si
377 4069 462 4147 quis,
493 4082 569 4128 recte
590 4068 637 4128 his
658 4069 888 4145 animadversis,
918 4069 1056 4150 deinceps
1084 4090 1117 4128 ea
1145 4070 1178 4128 in
1205 4070 1289 4130 factis

64 4155 91 4218 iu
110 4163 238 4243 vitaeque
257 4187 310 4226 usu
328 4180 454 4246 spectat,
476 4180 557 4226 acute
575 4166 645 4224 haec
666 4189 747 4249 posse
768 4168 918 4249 persequi:
946 4167 1056 4246 alioqui
1076 4167 1152 4228 nihil
1172 4189 1287 4246 magno·

64 4275 123 4333 pere
140 4277 250 4342 praeter
267 4264 338 4339 illa,
349 4286 421 4344 quae
441 4262 587 4345 quondam
608 4286 624 4324 a
645 4279 828 4347 praeceptore
848 4265 973 4341 didicit,
990 4279 1149 4348 cognoscet.
1171 4265 1281 4340 Quodsi

65 4351 151 4418 dicere
169 4376 243 4423 recte
263 4378 372 4444 potest,
393 4365 488 4445 qualis
502 4363 640 4444 qualibus
662 4365 841 4424 sermonibus
861 4378 1027 4440 moveatur,
1049 4377 1282 4445 praesentemque

66 4447 197 4518 hominem
226 4475 307 4522 acute
327 4464 465 4544 persentit
483 4483 516 4523 eo
534 4461 653 4543 ingenio
673 4461 836 4544 praeditum
856 4482 935 4536 esse,
955 4461 992 4522 de
1012 4483 1069 4542 quo
1089 4474 1172 4522 antea
1192 4462 1282 4522 fuerit
