2908 5114
718 235 778 295 tto

131 427 192 468 esse
220 403 398 488 probarunt3
434 397 464 482 l)
493 397 544 460 sed
573 399 673 474 Plato,
703 396 799 460 altius·
821 401 905 458 etiam
929 397 990 456 illis
1010 395 1187 468 ascendens,
1212 390 1292 454 unde
1317 391 1373 454 illa

133 504 302 588 pulcritudo
330 500 494 573 exstiterit,
524 495 578 556 hac
608 497 645 556 dc
672 497 747 558 ideis
776 497 910 566 doctrina
928 494 1148 555 demonstravit.
1191 494 1282 568 Nam,
1303 513 1374 551 cum

133 605 226 666 Deum
244 601 329 660 nobis
347 611 521 680 proponeret
539 594 578 655 ad
597 610 746 656 aeternum
770 596 841 656 honi
862 594 1010 675 exemplar
1030 613 1125 651 rerum
1151 590 1375 651 universitatem

133 699 292 781 lingentem
315 698 594 774 informantemquo,
624 685 729 774 quidni
758 715 810 754 nos
836 693 906 754 inde
927 691 1155 766 concludamus,
1181 683 1289 766 εἴκονα,
1316 691 1376 748 imo
1433 713 1434 730 ι

133 791 277 878 ἄγαλμα
297 795 359 854 Dei
376 793 519 854 mundum
537 793 616 852 hunc
634 795 720 852 esse?
741 791 773 872 2)
801 793 865 866 Quo
894 791 1023 872 prolecto
1050 789 1096 848 nil
1127 789 1187 849 dici
1215 790 1376 849 sublimius

135 897 425 980 magnificentiusque
452 904 554 972 potest.
596 890 769 970 Explicatur
798 899 892 950 autem
916 888 1011 949 'simul
1042 880 1113 946 inde
1143 902 1171 946 et
1193 908 1292 962 ¹sermo
1321 886 1375 945 ille

132 999 258 1059 Socratis
278 990 507 1074 elegantissimus
525 1002 553 1047 et
572 980 719 1068 praeclara
737 988 809 1048 haec
829 987 996 1048 Aristotelis
1012 987 1165 1046 sententia.
1187 989 1260 1046 Nam
1278 1005 1375 1066 prop-

33 1148 37 1154 ,
132 1110 229 1169 terea,
250 1091 329 1173 quod
349 1091 442 1150 Deum
460 1088 550 1148 refert
566 1083 694 1145 muudus
714 1085 817 1161 hicce,
839 1099 872 1144 ut
896 1085 1141 1167 opus-quodlibet
1161 1099 1222 1145 arte
1251 1085 1375 1145 confec-

133 1207 241 1253 tumet
268 1203 411 1249 auctorem
438 1186 528 1261 solet,
558 1199 606 1260 et,
636 1183 714 1263 quod
732 1185 756 1244 is
786 1185 911 1243 intuitus
941 1197 1001 1258 est,
1037 1183 1185 1262 exemplar
1210 1183 1374 1264 perfectum

133 1293 260 1366 referre,
281 1289 357 1348 hanc
378 1287 470 1367 ipsam
490 1283 527 1342 ob
548 1303 673 1342 caussam
706 1282 854 1358 dicemus,
883 1281 1054 1342 mortalibus
1084 1281 1191 1356 licere,
1221 1301 1237 1338 e
1265 1279 1373 1340 mundi

133 1391 247 1471 specie,
277 1386 373 1466 qualis
399 1386 477 1443 Deus
504 1382 560 1457 sit,
597 1383 659 1442 sive
686 1383 850 1440 existimare
879 1383 941 1442 sire
970 1381 1114 1460 augurari.
1157 1378 1261 1454 Quid?
1291 1376 1373 1456 quod

133 1489 224 1569 ipsius
242 1484 371 1546 Platonis
390 1481 461 1540 hinc
482 1479 659 1560 intelligitur
677 1478 766 1560 plane
786 1479 824 1538 de
843 1501 913 1540 vero
934 1477 1112 1558 assequendo
1121 1478 1275 1537 sententia.
1298 1477 1373 1535 Nam

133 1585 203 1648 baec
223 1604 289 1642 cum
310 1583 349 1641 ita
368 1581 445 1653 sint,
467 1597 482 1636 e
501 1577 652 1658 spectabili
673 1575 783 1636 mundo
802 1575 905 1651 nohis,
921 1577 1029 1658 quippe
1049 1576 1111 1635 Dei
1127 1584 1281 1658 imagine,
1305 1595 1372 1633 con·

129 1686 273 1761 jecturam
292 1697 395 1760 capere
415 1676 453 1735 ad
472 1674 696 1757 percipiendum
715 1673 933 1754 intelligibilem
953 1673 1144 1749 conceditur,
1170 1674 1371 1751 cernimusque

133 1781 166 1837 in
187 1778 245 1838 sole
271 1776 360 1836 hocce
389 1787 488 1834 nostro
517 1768 600 1834 illam
629 1772 745 1847 ideam,
774 1782 846 1851 quae
877 1771 941 1831 illic
970 1772 1097 1831 illustrat
1126 1773 1240 1851 alitque
1253 1771 1370 1842 omnia,

134 1877 229 1956 ipsum
246 1877 362 1932 donum.

175 2069 236 2128 Ad
265 2067 546 2126 erudiendum
572 2063 985 2143 perficiendumque
1015 2067 1216 2124 hominem
1244 2075 1333 2124 tota

292 2167 392 2223 hoec
422 2158 655 2238 coraposito
686 2171 747 2222 eet
777 2161 1213 2222 doctrincPiotont's.

174 2363 239 2434 Quo
256 2357 419 2417 accuratius
440 2378 457 2415 a
476 2355 672 2436 metaphysica
691 2356 857 2416 Aristotelis
875 2356 1005 2415 Platonis
1027 2355 1243 2437 philosophiam
1263 2355 1368 2417 distin·

135 2459 266 2537 guimas,
297 2476 330 2514 eo
356 2449 509 2513 suhliniior
540 2451 611 2511 haec
641 2451 760 2515 videtur·
789 2453 894 2530 nobis3
929 2454 980 2514 scd
999 2475 1031 2512 eo
1051 2457 1142 2534 magis
1161 2455 1289 2534 eiusdem
1309 2477 1367 2536 per·

134 2557 272 2638 spicimus
290 2553 329 2612 ad
348 2554 427 2614 vitae
446 2571 548 2626 usum,
569 2549 608 2610 ad
626 2551 775 2610 hominem
796 2551 990 2611 erudiendum
1012 2551 1282 2632 et·perficiendum
1311 2556 1366 2614 vim
1433 2619 1434 2630 q

134 2667 162 2714 ct
182 2652 439 2734 opportunitatem.
481 2648 650 2708 Aristoteles
669 2649 703 2708 in
720 2648 864 2709 tradenda
877 2657 985 2727 prima
1006 2649 1078 2724 illa,
1099 2671 1184 2728 quam
1197 2652 1365 2732 appellabat,

132 2752 319 2830 philosophia
347 2747 483 2807 utilitatis
520 2745 643 2806 docebat
671 2746 785 2808 nullam
812 2767 872 2806 esse
901 2749 1044 2806 rationem
1073 2747 1249 2832 habendam.
1298 2749 1366 2808 Inde

134 2848 206 2909 adeo
223 2845 423 2928 philosophiae
440 2844 528 2924 hujus
546 2844 751 2923 praestantiam
771 2843 913 2928 ducebat,
935 2845 1014 2924 quod
1024 2892 1032 2921 ‚
1064 2827 1131 2906 cum
1150 2863 1280 2908 caeterae
1300 2849 1366 2907 doc-

133 2946 227 3006 trinae
247 2944 381 3005 advitae
403 2963 485 3002 usum
504 2943 703 3016 referrentur,
730 2942 805 3001 rhaec
824 2963 882 3002 una
902 2942 953 3002 sui
977 2944 1074 3024 ¹ipsius
1104 2947 1205 3004 caussa
1234 2959 1360 3005 tractare·
1394 2947 1396 2956 ‘

134 3059 191 3105 tur.
232 3044 333 3121 Itaque
349 3041 508 3100 theoretica
527 3051 588 3099 erat
608 3038 714 3119 plane,
736 3039 794 3100 imo
814 3040 1013 3122 sapientibus,
1039 3042 1090 3119 qui
1109 3043 1227 3103 culmen
1256 3045 1365 3124 sapien·
1433 3065 1434 3076 ¹

133 3143 191 3202 tiae
210 3141 388 3219 attigissent,
410 3138 557 3217 indeque,
578 3139 632 3197 Dei
651 3138 762 3214 instar,
784 3140 952 3201 universum
974 3139 1123 3199 mundum*
1144 3161 1246 3220 resque
1275 3161 1365 3201 omnes

135 3238 252 3301 divinas
272 3251 300 3296 et
319 3236 461 3295 humanas
478 3236 755 3317 contemplarentur,
776 3238 973 3299 conveniebat
983 3262 990 3315 3
1014 3238 1197 3319 philosophis
1216 3261 1299 3316 vero,
1317 3239 1362 3317 qui

134 3335 346 3396 contenderent
372 3333 410 3392 ad
438 3334 630 3413 sapientiam,
652 3356 713 3394 nou
733 3335 936 3397 conveniebat.
979 3336 1060 3396 Plato
1079 3351 1199 3412 contra,
1228 3337 1362 3396 Socratica

135 3455 203 3494 usus
220 3454 287 3493 cum
307 3431 464 3513 prudentia
482 3444 544 3492 tum
563 3431 742 3494 verecundia
753 3479 762 3509 ,
788 3434 865 3494 ritae
886 3455 968 3494 usum
984 3435 1018 3494 in
1038 3433 1274 3516 philosophando
1290 3453 1363 3515 prae·
1433 3425 1434 3438 ¹

135 3531 238 3612 cipue,
259 3532 452 3611 optimamque
471 3529 628 3590 erudiendi
649 3530 878 3612 perficiendique
895 3531 1024 3592 hominis
1051 3533 1193 3592 rationem
1210 3530 1360 3614 spectavir5

134 3629 203 3689 huic
222 3641 317 3689 autem
336 3630 422 3688 unice
439 3629 586 3710 proposito
606 3628 755 3709 explendo
774 3629 905 3688 idearum
925 3629 1088 3690 doctrinam
1110 3630 1258 3692 adhibuit.
1296 3630 1361 3689 Nam

72 3741 74 3747 “
135 3748 169 3788 eo
187 3727 259 3788 haee
275 3727 420 3807 pertinet,
443 3739 475 3788 ut
493 3747 605 3808 semper
622 3726 708 3786 bomo
728 3727 767 3788 ad
786 3729 957 3810 sapientiam
976 3729 1194 3810 progrediatur,
1222 3745 1361 3807 nunquam

136 3825 194 3884 sibi
222 3843 330 3884 summe
357 3826 473 3905 sapiens
497 3825 643 3884 rideatur.
683 3822 769 3884 Ideae
791 3829 870 3887 enim
888 3825 969 3908 apud
988 3847 1054 3886 eum
1081 3829 1209 3908 perlecta
1239 3825 1361 3934 exempla
1433 3886 1434 3908 ,

137 3936 225 4001 sunt,
246 3943 319 4000 quae
334 3923 481 3984 imitemur
499 3920 630 4002 agendo,
652 3943 712 3983 uon
732 3945 933 4002 assequammw
955 3918 1042 3986 τύποι
1063 3939 1149 4002 sunt,
1179 3947 1250 4006 quos
1268 3923 1363 4004 expri-

137 4041 247 4082 mamus
266 4017 376 4100 agendo
394 4021 599 4099 vivendoque,
630 4040 691 4079 nou
710 4043 863 4101 aequemus
893 4026 941 4086 vel
961 4046 1144 4108 superemus:
1177 4024 1250 4085 id
1229 4045 1252 4084 s1
1270 4022 1360 4094 fieret,

138 4140 198 4179 esse
215 4118 325 4178 illae
304 4138 364 4179 srve
384 4117 508 4178 ideae
486 4138 548 4180 sive
565 4107 651 4178 τύποι
673 4116 849 4182 desinerment
891 4123 928 4183 Et
946 4145 1016 4186 vero
1033 4124 1166 4185 homines
1184 4143 1235 4183 nos
1253 4139 1360 4193 sumus,

140 4257 396 4269 .—-.--—-.—.—-—
446 4259 448 4268 ,

178 4329 207 4392 l)
224 4327 298 4380 Unde
314 4326 448 4379 Ciceronis
463 4331 591 4380 sententia
606 4332 636 4381 de
654 4330 738 4381 Dicin.
753 4327 784 4380 ll.
800 4329 842 4381 72,

178 4419 210 4482 2)
228 4417 578 4484 viapnactarattuhnkentt
587 4420 620 4471 de
629 4421 681 4472 hoc
693 4420 771 4472 elfato
784 4422 975 4475 animadversio
985 4408 1025 4475 od
1031 4424 1089 4476 lim.
1101 4423 1162 4476 bea.
1171 4441 1195 4476 v·
1219 4409 1335 4493 ἄγαλμα.
