2898 5120
593 1277 936 1350 retrottls

488 1538 1039 1590 onustusntvttt1smata

773 1984 892 2052 Οὐκοῦν
912 1984 1033 2071 olandia
1056 1983 1077 2052 ὅ
1098 2014 1129 2072 γε
1157 1986 1233 2066 stede
1253 1991 1298 2079 τῷ
1316 1987 1367 2054 ὄπι

765 2115 797 2171 τε
816 2091 865 2154 καὶ
886 2089 1000 2155 λεκτέον
1021 2085 1118 2170 οὕτως
1141 2129 1182 2140 -
1209 2091 1249 2158 Tl
1268 2089 1338 2179 μήν;

179 2562 264 2639 Quod
292 2560 421 2623 diximus
446 2561 479 2620 in
505 2560 660 2640 superioris
686 2559 806 2621 exordio
828 2554 1062 2639 disquisitionis,
1081 2562 1304 2624 instaurandam
1323 2562 1371 2620 hac
1436 2568 1437 2652 l

139 2663 171 2722 in
186 2661 287 2743 primis
305 2673 396 2718 aetate
416 2673 512 2719 nostra
531 2658 746 2739 philosophiam
766 2657 942 2726 Socraticam
971 2673 1001 2718 et
1020 2659 1199 2720 Platonicam
1217 2682 1297 2737 esse,
1314 2681 1373 2741 per-

139 2759 213 2818 tinet
240 2757 319 2818 illud
347 2756 386 2816 ad
416 2759 479 2818 reri
500 2770 528 2816 et
546 2756 636 2836 magis
659 2756 745 2814 etiam
763 2755 802 2817 ad
816 2757 890 2836 justi
909 2755 1124 2838 philosophiam
1143 2779 1210 2817 cum
1227 2757 1373 2817 emcndan-

139 2855 204 2914 dam
220 2855 302 2936 apud
326 2875 378 2914 nos
387 2899 398 2930 ,
416 2867 478 2914 tum
498 2854 589 2914 lirinis
605 2853 808 2914 fundamentis
826 2852 1053 2932 stabiliendam
1076 2854 1127 2915 sed
1148 2855 1235 2937 longe
1254 2857 1374 2916 omnium

138 2955 261 3013 maxime
291 2952 348 3012 buc
377 2965 506 3034 spectat,
533 2965 566 3012 ut
594 2951 696 3032 religio
718 2951 878 3030 aliquando
899 2964 997 3011 nostra
1016 2972 1082 3012 cum
1102 2973 1172 3012 vera
1197 2952 1374 3034 philosophia

136 3051 320 3112 concilietur.
362 3049 448 3125 Quod
478 3064 510 3107 ut
535 3063 673 3131 optarunt
701 3051 791 3129 magis
820 3070 908 3129 quam
937 3070 1052 3131 sperare
1081 3051 1144 3110 ausi
1171 3064 1241 3109 sunt
1260 3053 1373 3128 majores

137 3150 248 3224 nostri,
271 3149 311 3207 ita
339 3160 437 3208 nostra
459 3160 536 3206 aetas
562 3168 661 3227 reapse
682 3146 820 3226 consequi
840 3147 951 3206 summh
970 3167 1024 3228 ope
1044 3147 1160 3206 nititur.
1203 3148 1296 3222 Nam,
1313 3167 1374 3226 qua·
1436 3225 1437 3230 ἵ

138 3248 289 3326 liscunque
313 3244 432 3304 tandem
461 3245 499 3304 sit
525 3243 612 3304 hodic
639 3243 842 3325 philosophiae
870 3243 1020 3320 conditio,
1049 3244 1209 3304 abhorrent
1239 3265 1338 3305 omnes
1361 3263 1375 3300 a

137 3344 281 3425 protervia
311 3341 364 3401 illa
390 3363 422 3401 ac
453 3343 637 3422 petulantia,
657 3363 713 3420 qua
734 3342 892 3423 superioris
913 3340 1022 3401 saeculi
1043 3323 1212 3423 philosophi
1232 3342 1375 3424 despicere

137 3442 306 3522 religionem
325 3452 470 3513 nostram,
490 3440 549 3499 imo
568 3438 691 3499 irridere
713 3439 740 3497 ei
761 3437 903 3498 solebant.
934 3439 1042 3498 Fortia
1062 3447 1189 3520 ingenio
1200 3484 1208 3513 ,
1226 3461 1302 3519 quae
1322 3453 1376 3499 tum

135 3538 377 3613 celebrabantur,
395 3537 454 3596 acsi
474 3537 590 3596 sibimet
610 3521 673 3617 ipsa
694 3533 880 3611 sufficerent,
899 3557 931 3594 ac
952 3537 1011 3596 suis
1023 3537 1139 3597 viribus
1149 3537 1286 3598 valerent
1297 3537 1376 3600 satis,

137 3653 168 3698 ut
187 3637 308 3698 aliunde
325 3635 506 3716 requirerent
520 3634 613 3709 nihil,
634 3655 713 3693 nunc
731 3633 784 3695 vix
805 3649 1010 3694 memorantur.
1043 3634 1166 3695 Illorum
1185 3635 1259 3695 adeo
1280 3634 1377 3706 multi,

134 3737 185 3816 qui
212 3736 249 3796 ab
270 3735 323 3795 ista
344 3733 457 3792 scilicet
477 3731 651 3792 fortitudine
675 3732 807 3813 proxime
833 3730 960 3807 absunt,
995 3733 1076 3792 effata
1096 3746 1192 3792 tamen
1213 3753 1267 3793 sua
1289 3729 1377 3794 sacrae

135 3833 285 3893 doctrinae
305 3844 418 3891 nostrae
437 3831 504 3890 cum
523 3829 692 3890 auctoritate
710 3828 881 3890 confirmare
892 3874 901 3905 ,
930 3843 993 3888 tum
1019 3830 1113 3910 specie
1132 3851 1165 3890 ac
1185 3830 1285 3890 colore
1305 3849 1378 3890 com-

135 3931 271 3992 mendare
299 3928 428 3988 student.
470 3930 552 4003 Quae
580 3949 647 3987 cum
667 3928 707 3987 ita
727 3927 802 4003 sint,
825 3949 885 3987 non
904 3926 1145 3989 committendum
1164 3927 1253 3989 nobis
1269 3944 1332 4004 est,
1352 3939 1380 3984 at

88 4065 91 4077 ·
134 4029 261 4110 ignorari
291 4048 307 4085 a
337 4026 482 4107 plerisque
511 4025 674 4085 Socraticae
700 4045 733 4084 ac
752 4023 919 4084 Platonicae
939 4024 1142 4108 philosophiae
1164 4026 1225 4088 vim
1246 4047 1282 4086 ae
1301 4045 1378 4108 prae·

133 4128 269 4188 stantiam
295 4125 431 4185 sinamus.
474 4124 520 4184 ab
548 4123 602 4184 hac
632 4124 711 4183 enim
733 4143 791 4182 una
811 4123 937 4182 maxime
957 4137 1143 4205 exspectare,
1172 4141 1270 4204 quam·
1285 4143 1380 4185 omnes

122 4224 298 4286 ‘desiderare
327 4234 411 4300 atque
440 4235 574 4302 expetere
592 4220 748 4295 videntur,
775 4241 864 4279 carue
889 4222 1096 4301 philosophiae
1124 4243 1193 4280 eum
1214 4244 1292 4280 vora
1312 4223 1377 4281 rali-

130 4331 220 4404 gione
248 4327 508 4398 conjunctionem,
539 4319 617 4380 licet.
659 4316 853 4394 Quamobrem
881 4317 986 4395 nohis,
1013 4319 1093 4398 quod
1122 4318 1219 4378 adhuc
1251 4320 1378 4400 egimus,

134 4419 166 4480 id
185 4441 266 4480 nunc
288 4417 454 4499 praesertim
475 4417 507 4475 in
532 4416 587 4476 hoc
607 4416 761 4478 tractando
791 4429 959 4495 argumento
978 4415 1124 4496 agendum
1146 4417 1221 4491 erit,
1253 4430 1288 4475 ut
1315 4417 1379 4476 scri·
