2950 5134
664 281 702 340 23

84 467 165 504 rerum
181 445 328 504 naturam?
350 444 478 502 Orientis
497 443 565 502 solis
583 441 807 522 descriptionem
827 443 1006 502 Homericam
1026 444 1090 522 quis
1110 447 1310 524 potestintcl-¹

84 563 175 640 ligere,
195 560 242 637 qui
265 559 340 618 intra
359 558 471 618 moenia
491 571 627 640 perpetuo
648 571 676 616 et
695 556 817 637 parietes
832 556 936 630 latuit,
962 571 989 616 et
1010 577 1111 638 expers
1130 573 1171 618 est
1191 562 1299 640 magni-

84 675 252 734 ficentissimi
270 673 451 754 spectaculi?
483 673 539 732 Hic
561 691 660 731 versus
677 675 794 749 poetae:

237 782 317 862 'Huic
339 783 366 848 du
388 786 419 848 ἐκ
440 783 550 868 λεχέων
572 781 640 868 παρ’
661 779 774 864 ἀγαυοῦ
798 789 948 850 Τιθωνοῖο

232 902 373 990 Ὠρνυθᾎ
395 901 430 968 ἵν’
451 900 627 970 ἀθανάτοισι
649 899 734 987 φόως
756 891 842 991 qie'pot
863 901 918 989 ἥδε
937 911 1101 987 βροτοῖσιν·

30 1067 32 1072 κ
83 1044 106 1088 et
122 1030 171 1087 alia
189 1027 295 1088 similia
314 1028 391 1087 inter
409 1026 617 1087 ambulandum
635 1026 786 1102 recitabat,
809 1047 878 1087 voce
898 1025 1015 1106 quidem
1035 1049 1095 1087 non
1115 1048 1236 1102 canora,
1248 1029 1297 1088 sed

83 1144 126 1203 illo
140 1158 166 1204 et
183 1164 268 1204 sensu
287 1157 314 1202 et
335 1143 455 1218 affectu,
476 1156 508 1202 ut
526 1117 644 1224 penitus
661 1157 787 1202 moveret
805 1141 956 1204 audientes
973 1155 1057 1222 atque
1078 1143 1109 1202 in
1129 1143 1298 1204 admiratio-

82 1279 137 1316 nem
164 1271 274 1340 raperet
302 1245 439 1333 Homeri,
461 1258 588 1332 Horatii,
609 1257 801 1336 antiquorum.
845 1256 891 1316 Sic
916 1256 1109 1316 rusticabatur
1136 1257 1296 1318 nobiseum.

81 1373 142 1430 Nam
158 1373 289 1453 prodesse
308 1372 461 1455 discipulis
479 1374 511 1431 in
530 1371 636 1432 scholis
655 1393 715 1432 non
734 1386 846 1432 tantum
864 1371 1015 1447 studebat,
1037 1371 1087 1432 sed
1107 1365 1139 1430 in
1158 1371 1296 1432 familiari

81 1489 188 1548 maxime
208 1488 285 1550 vitae
313 1487 540 1563 consuetudine,
565 1501 602 1546 ut·
620 1488 732 1566 quavis.
745 1489 959 1570 opportunitate
989 1488 1098 1546 animos
1117 1507 1213 1546 eorum
1240 1489 1297 1546 im-

30 1583 31 1588 *
81 1603 167 1662 bueret
181 1601 313 1662 sensibus
331 1602 517 1662 sublimibus:
539 1601 618 1681 quod
636 1602 673 1662 iis
692 1602 876 1663 vehementer
896 1602 1038 1684 placebat.
1079 1603 1179 1682 ltaque
1198 1617 1279 1662 erant
1289 1649 1297 1676 ‚

81 1718 205 1798 postrema
224 1717 342 1797 quidem
370 1717 427 1779 riri
451 1731 559 1793 aetate,
577 1717 627 1797 qui
646 1717 679 1776 in
697 1720 759 1796 ejus
778 1718 887 1779 ricinia
906 1717 967 1777 sive
994 1717 1128 1778 villulam
1148 1738 1196 1777 seu
1215 1717 1297 1779 aliud

81 1832 216 1911 quodlibet
246 1831 459 1914 receptaculum
482 1845 669 1912 quaererent,
691 1832 742 1891 ubi
772 1833 857 1892 ferias
884 1833 1093 1911 transigerent,
1115 1847 1146 1892 ut
1175 1853 1297 1914 nempe,

81 1945 160 2024 quoad
175 1961 292 2028 possent
310 1968 342 2006 ao
362 1946 481 2022 liceret,
502 1968 517 2004 a
540 1947 617 2006 senis
636 1945 724 2005 latere
744 1968 803 2006 non
824 1946 1014 2007 discederent.
1057 1948 1174 2008 Etenim
1191 1947 1298 2029 dilige-

81 2060 121 2120 bat
137 2055 296 2143 discipulos
316 2083 381 2121 suos
399 2076 427 2121 et
446 2062 487 2121 sie
506 2061 542 2119 ab
561 2061 597 2120 iis
617 2060 792 2141 diligebatur
810 2062 946 2123 vicissim.
988 2063 1059 2120 Nam
1077 2063 1222 2124 verissime
1242 2085 1297 2124 an-

30 2151 32 2202 l
82 2176 158 2254 tiqui:
177 2185 204 2237 ei
217 2185 266 2236 oia
280 2185 401 2252 umore,
421 2197 500 2237 emo.
540 2176 600 2236 Hac
619 2175 671 2236 ille
686 2177 744 2236 suit
757 2177 790 2236 iu
804 2177 909 2236 amicos
924 2175 997 2254 fide,
1015 2177 1070 2236 bac
1086 2179 1118 2237 in
1138 2177 1296 2260 discipulos

30 2337 31 2346 ,
83 2288 264 2354 benivolentia
283 2307 312 2352 et
328 2283 549 2352 'verocaritatoe
566 2305 594 2351 et
608 2290 771 2368 miraberis,
787 2293 938 2367 Creuzere,
954 2314 1020 2368 nos,
1036 2307 1147 2353 mortuo
1157 2293 1220 2355 viro
1225 2339 1234 2369 ,
1254 2295 1294 2353 sic

85 2425 163 2467 onnes
176 2409 283 2468 animis
296 2408 407 2468 affectos
422 2408 528 2482 fuisse,
543 2407 600 2466 acsi
614 2407 758 2468 communi
777 2427 898 2466 essemus
916 2422 1034 2488 parente
1043 2422 1071 2467 et
1081 2409 1172 2468 amico
1182 2407 1295 2468 orbati?

114 2521 198 2604 Ergo,
219 2537 255 2583 ut
279 2522 351 2581 illuc
380 2536 525 2597 revertar,
552 2523 697 2582 recesserit
723 2523 782 2581 fere
808 2521 1053 2602 Wyttenbacbius
1081 2522 1117 2582 ab
1144 2522 1295 2583 hominum

85 2656 126 2694 usu
143 2653 168 2697 et
183 2637 366 2699 transtulerit
385 2658 413 2696 se
433 2638 465 2696 in
485 2652 612 2718 tempora
637 2651 748 2699 vetusta
757 2683 766 2712 ,
787 2637 987 2718 praesentibus
1005 2651 1100 2697 tamen
1120 2637 1296 2719 temporibus

84 2749 149 2812 haud
167 2732 350 2814 mediocriter
368 2751 543 2812 consulebat.
585 2752 670 2828 Quod
696 2753 775 2813 enim
794 2773 917 2828 munus,
940 2767 970 2812 ut
998 2754 1039 2812 ait
1057 2754 1175 2829 Cicero,
1196 2754 1295 2834 reipu-

84 2862 161 2926 blicae
179 2871 277 2928 afferre
292 2870 383 2946 majus
400 2863 558 2946 meliusque
577 2888 833 2950 possumus,quam
851 2867 875 2926 si
890 2865 1024 2926 docemus
1042 2881 1127 2947 atque
1147 2867 1294 2927 erudimus

83 2980 270 3054 juventutem?
293 2983 354 3041 Hac
368 2996 462 3042 autem
477 2983 509 3041 in
528 3003 557 3039 re
576 2983 632 3063 ipsi
646 3003 713 3042 curn
732 2983 868 3042 Cicerone
881 2981 968 3064 plane
977 2982 1177 3043 conveniebat.
1207 2983 1294 3042 Haud

87 3093 174 3157 frustra
189 3099 244 3158 ille
262 3098 383 3158 Athenis
411 3097 574 3156 morabatur
591 3110 620 3156 et
636 3098 782 3180 repetebat
800 3097 1000 3173 Academiam,
1022 3099 1074 3156 ubi
1099 3098 1214 3156 hortuli
1244 3081 1310 3156 m.-

30 3277 31 3280 Ἴ
87 3219 164 3270 ricini
182 3222 282 3291 ipsum
302 3215 481 3271 videbantur
501 3211 659 3272 Platonem
679 3221 713 3270 in
734 3220 801 3292 ejus
820 3223 975 3291 conspectu
993 3234 1110 3290 ponere.
1142 3211 1292 3272 Ideffece·

88 3342 141 3386 runt
156 3350 291 3388 excursus
310 3327 358 3387 illi
377 3330 412 3387 in
433 3327 580 3388 Graeciam
600 3343 627 3388 et
650 3329 683 3388 in
701 3327 870 3387 Academiae
895 3351 953 3387 non
972 3337 1036 3386 aine
1057 3349 1164 3386 causeo
1185 3330 1293 3386 nobili-

87 3450 139 3499 tata
156 3455 271 3522 spatie,
294 3458 325 3505 ut
342 3466 417 3504 unus
437 3444 565 3503 omnium
584 3445 776 3504 Romanorum
793 3445 915 3502 maxime
933 3442 1074 3524 populum
1093 3441 1220 3503 erudiret
1238 3445 1293 3504 Ro·

88 3576 202 3635 manum,
222 3560 418 3638 imbueretque
437 3559 664 3652 generqsissimos
682 3577 807 3637 quosque
824 3561 947 3638 juvenes
965 3557 1080 3619 Graecis
1098 3559 1190 3618 literis
1200 3603 1208 3632 ,
1228 3556 1291 3637 phi·

89 3669 198 3754 losophia
207 3722 215 3751 ,
236 3674 333 3735 studio
352 3674 487 3735 Platonis.
516 3673 604 3733 Haud
623 3672 741 3753 quidem
759 3673 869 3754 primus
884 3674 943 3733 fuit
961 3672 1222 3753 Wyttenbacbius,
1241 3673 1291 3750 qui

91 3784 114 3844 id
130 3787 286 3850 institueret
304 3790 336 3848 in
355 3787 519 3868 regionibus
533 3787 621 3848 hisce.
652 3789 724 3848 Nam
739 3802 772 3848 ut
787 3803 853 3849 ante
872 3787 1018 3869 Scaliger,
1034 3789 1074 3848 ita
1092 3801 1188 3869 postea
1206 3789 1291 3846 Hem·

91 3901 245 3980 sterlrusius,
266 3904 371 3984 quique
398 3903 501 3962 borum
528 3917 608 3963 erant
628 3903 789 3979 simillimi,
809 3904 926 3964 Graecis
945 3903 1037 3964 literis
1054 3903 1183 3964 excolere
1204 3903 1291 3963 Bata-

92 4033 130 4073 vos
146 4019 321 4080 studuerunt.
362 4017 419 4078 Sed
437 4017 538 4078 borum
559 4040 643 4078 nemo
659 4019 753 4110 vfuisse
779 4018 914 4095 videtur,
934 4019 984 4098 qui
1005 4018 1037 4078 id
1058 4018 1184 4078 studeret
1201 4018 1290 4100 perst-

92 4145 202 4210 ceretque
222 4132 374 4192 efficacius.
416 4133 564 4193 Lucebant
582 4133 727 4214 praeclare
745 4133 917 4193 excellentia
936 4133 1005 4192 haec
1024 4134 1159 4215 ingenia,
1180 4127 1231 4192 sed
1251 4136 1290 4192 ita

95 4241 210 4309 lucebant
227 4251 304 4325 fere,
327 4262 472 4309 uteorum
500 4248 602 4307 lumen
625 4247 785 4310 adverteret
807 4269 929 4329 paucos,
950 4249 1053 4312 caeteri
1081 4263 1229 4329 pergerent
1256 4249 1287 4306 in

95 4359 200 4422 tenebris
219 4365 321 4424 suiset
342 4363 474 4436 barbarie
500 4365 615 4425 versari.
657 4365 795 4452 Exortum
819 4387 886 4425 vero
903 4379 944 4424 est
962 4363 1181 4444 Wyttenbacbii
1200 4376 1288 4423 aetate

97 4489 186 4538 novum
202 4477 343 4558 quoddam
358 4478 619 4557 jureconsultorum
636 4495 663 4540 et
683 4502 750 4543 vero
770 4479 963 4560 theologorum
982 4501 1089 4559 genus,
1105 4477 1290 4552 ,humanum
