2838 5120
628 253 687 314 227

55 412 98 477 rui
116 411 180 497 napi
201 407 299 474 adeda
320 413 379 476 τῶν
400 410 543 498 ἀριθμῶν
564 408 717 496 ἀναγκάζει
740 411 950 498 διαλέγεσθαι,
977 412 1099 505 οὐδαμῇ
1119 414 1267 501 ἀποδεχό-

53 539 145 595 μιννν,
167 510 221 578 εἰίν
240 541 284 592 τις
305 511 383 604 αὐτῇ
401 512 496 604 ὀρατιὶ
516 513 539 601 ἢ
560 513 641 581 ἁπτὰ
661 513 787 599 σώματα
808 515 931 601 ἔχοντας
953 516 1105 606 ἀριθμούς
1118 519 1266 605 προτεινό-

52 643 130 697 μενος
150 615 351 702 διαλέγηται.»
377 621 405 703 l)
445 622 541 712 Erant
565 621 693 696 scilicet,
722 625 772 702 qui
801 624 1043 705 vulgaris'unice
1071 626 1265 686 arithmeticae

52 724 149 802 periti,
170 725 299 784 numeris
318 724 377 782 fere
397 741 441 780 res
460 741 609 800 corporeas
627 720 842 800 intelligerent,
863 723 939 803 ipsos
955 745 1024 786 vero
1040 744 1266 806 eorumquepro·

52 823 190 900 portiones
218 836 313 882 meme
341 841 401 880 uon
427 817 621 900 explorarent.
662 817 776 893 Quibus
794 823 874 880 suam
890 821 1098 882 arithmeticam
1117 844 1266 904 opponens

51 919 127 978 Plato⁴
144 920 307 1002 praeclarae
325 917 498 998 disciplinae
516 916 648 978 divinam
666 919 725 976 vim
747 917 957 998 utilitatemque
978 919 1112 980 celebrat.
1158 942 1173 974 ιι
1184 923 1264 982 Nosti

52 1019 139 1093 enirn,
170 1019 211 1078 sic
241 1019 335 1100 pergit
362 1014 440 1097 apud
458 1036 523 1074 eum
543 1013 691 1090 Socrates,
719 1015 959 1094 quemadmodum
978 1018 1028 1097 qui
1048 1018 1149 1078 harum
1169 1041 1264 1080 rernm

50 1117 208 1195 peritissimi
237 1130 324 1189 sunt,
354 1115 377 1174 si
395 1115 466 1194 quis.
477 1113 572 1194 ipsum
589 1135 680 1172 unum
698 1115 810 1174 ratione
829 1113 963 1176 diuidere
981 1129 1120 1194 conatur,
1149 1117 1266 1178 rideant

50 1215 192 1292 protinus,
223 1235 276 1273 nec
306 1214 419 1288 lerant3
436 1209 503 1270 'sed
525 1211 549 1270 si
568 1224 600 1270 tu
619 1231 713 1287 secas,
742 1212 799 1293 ipsi
818 1213 1034 1294 multiplicant,
1055 1228 1207 1291 caventes,
1228 1235 1265 1274 ne

50 1309 164 1390 quando
179 1314 273 1393 ipsum
301 1333 392 1370 unum
410 1315 563 1392 appareat,
593 1309 644 1370 sed
661 1310 821 1390 particulae
837 1310 988 1391 plurimae.
1013 1353 1048 1364 -
1078 1312 1158 1387 Quid
1177 1313 1265 1393 igitur

49 1411 204 1486 existimas,
234 1431 250 1470 o
270 1409 398 1485 Glauco,
418 1410 442 1468 si
461 1408 525 1488 quis
545 1429 591 1468 eos
610 1409 650 1467 ita
666 1395 868 1488 percontetur:
896 1411 1042 1471 omirifici
1062 1413 1138 1486 viri,
1158 1411 1264 1490 quibus

50 1507 156 1571 tandem
173 1508 211 1572 de
231 1509 359 1568 numeris
377 1507 551 1589 disputatis,
572 1505 678 1585 quibus
697 1527 788 1567 unum
808 1509 883 1568 inest
903 1508 979 1584 tale,
1000 1510 1084 1589 quale
1099 1531 1151 1571 vos
1170 1509 1264 1570 tradi-

49 1607 97 1679 tis,
117 1608 235 1688 aequale
255 1605 479 1686 unumquodque
498 1627 582 1666 omne
600 1606 698 1680 omni,
720 1625 813 1686 neque
828 1606 947 1666 minimo
967 1610 1069 1687 quovis
1078 1608 1264 1689 discrepans,

51 1704 210 1785 nullamque
223 1707 299 1768 inse
317 1720 427 1787 partem
444 1703 579 1764 habens?
602 1703 681 1778 Quid
698 1725 745 1764 eos
765 1704 911 1764 existimas
925 1706 962 1765 ad
973 1705 1043 1766 haee
1053 1709 1262 1788 responsuros?
1309 1767 1314 1777 ,

51 1803 95 1862 Cui
113 1803 243 1879 Glauco,
263 1805 316 1864 hoc
337 1803 488 1884 equidem,
509 1803 606 1882 inquit
617 1847 626 1878 ,
647 1801 683 1860 de
703 1802 764 1862 illis
784 1824 812 1862 se
828 1801 907 1882 loqui
918 1806 1064 1880 numeris,
1085 1805 1261 1885 quieogitari

52 1900 182 1964 duntaxat
209 1904 336 1984 possint,
366 1903 451 1962 aliter
477 1915 573 1960 autern
589 1900 692 1980 attingi
712 1913 865 1980 nequeant.
907 1903 982 1962 Tum
1000 1903 1147 1962 Socrates:
1168 1903 1263 1962 cernis

52 1999 146 2079 igitur,
167 2002 283 2082 inquit,
305 2001 413 2077 amice,
436 2000 623 2060 neeessariam
642 1999 726 2059 nobis
746 2020 844 2080 reapse
862 1999 956 2060 videri
972 2001 1160 2082 disciplinam
1170 2000 1261 2072 hanc,

53 2117 105 2158 cum
133 2117 215 2182 cogat
244 2094 322 2186 αὐτῇ
351 2099 391 2186 τῇ
415 2091 513 2181 νοήσει
539 2095 678 2179 χρῆσθαι
704 2090 760 2178 τήν
785 2092 892 2180 ψυχήν
919 2094 964 2158 ἐπ’
990 2094 1082 2181 αὐτήν
1106 2091 1161 2179 τήν
1187 2089 1261 2177 oilq'-

53 2197 133 2259 θειαν.
145 2227 159 2260 ι)
186 2199 233 2283 2)·
258 2204 351 2277 Quam
371 2215 520 2284 postquam
541 2199 713 2282 disciplinae
738 2202 941 2281 praestantiam
961 2203 1095 2284 exposuit
1114 2201 1260 2274 Socrates,

56 2300 100 2358 tim
120 2304 182 2380 ejus
201 2303 233 2360 in
251 2301 401 2360 hominum
419 2299 536 2379 ingenia
545 2312 626 2358 acute
637 2297 841 2379 deprehendit.
867 2299 972 2374 «Quid
990 2304 1108 2362 autem?
1130 2297 1261 2379 quaerit,

55 2395 158 2460 hoccine
186 2401 269 2460 etiarn
292 2399 551 2464 animadvertisti?
579 2389 620 2478 cir
645 2392 677 2460 οἵ
701 2419 732 2457 τι
760 2390 844 2478 φύσει
871 2399 1025 2480 λογιστικοὶ
1046 2401 1086 2475 εἷς
1107 2393 1202 2460 πάντα
1222 2391 1261 2458 rei

54 2492 224 2580 μαθήματα,
248 2491 288 2573 ὠς
309 2491 378 2572 ἔπος
398 2496 498 2573 εἰπεῖν,
521 2493 596 2574 ὅξιΐς
616 2496 780 2581 φαίνονται,
804 2497 885 2565 οἵτε
906 2492 1039 2584 (lundein,
1061 2499 1098 2564 da
1119 2493 1258 2585 ἐντούτῳ

55 2601 226 2664 παιδευθῶσι
249 2598 298 2663 καὶ
319 2589 539 2682 γυμνάσωνται,
554 2597 608 2663 κᾶν
628 2598 726 2685 μηδὲν
747 2595 817 2664 ἄλλο
840 2599 1051 2686 ὠφεληθῶσιν,
1074 2597 1157 2683 ὅμως
1170 2599 1210 2677 εἴς
1225 2625 1257 2683 γι

56 2694 83 2758 τὰ
100 2697 224 2785 ὀξύτεροι
246 2697 329 2765 αὐτοὶ
350 2697 448 2765 αὐτῶν
468 2701 620 2784 γίγνεσθαι
641 2700 746 2779 πάντες
767 2701 965 2781 ἒπιδιδόασιν;
988 2731 1050 2785 eoa,
1071 2718 1124 2790 qui
1142 2711 1258 2766 nature

59 2816 116 2862 runt
129 2809 336 2882 arithmetici,
365 2815 399 2864 in
419 2810 570 2884 amnibus,
591 2819 627 2867 nt
643 2787 690 2868 ite
709 2811 827 2883 dicum,
848 2811 1021 2887 disciplinis
1040 2811 1148 2868 celeras
1163 2823 1258 2883 eppo-

59 2903 129 2962 rere?
157 2914 267 2986 quique
287 2907 372 2964 turdi
385 2889 479 2982 aunt,
506 2914 533 2965 ai
551 2909 621 2965 huic
641 2930 670 2967 ae
688 2910 786 2968 studia
807 2915 928 2967 noviter
946 2909 1101 2981 dederint,
1122 2887 1259 2985 quesnois

56 2999 133 3062 alium
152 3006 222 3062 inde
233 3006 381 3079 fructum
395 3005 518 3064 nullum*
534 3013 675 3082 cupiant,
696 3017 797 3066 tomen
819 3008 870 3066 hoc
890 3014 1007 3086 assequi
1018 3051 1027 3082 ,
1047 3006 1260 3064 usvalteinai

55 3110 243 3182 certioresque
260 3109 397 3184 ingenio,
419 3123 509 3180 quom
528 3114 618 3163 antec
629 3149 638 3179 ,
650 3105 785 3182 fiunti»
810 3101 841 3187 3)

310 3298 366 3357 De
393 3309 621 3381 geometria
650 3313 689 3360 et
718 3311 980 3362 astronomia.

85 3493 129 3553 Est
148 3505 231 3555 vetus
241 3494 278 3554 de
293 3495 411 3556 Platone
428 3495 563 3571 traditio,
582 3499 759 3580 inscripsisse
779 3519 844 3559 eum
860 3500 997 3560 auditorii
1009 3502 1133 3577 januae:
1147 3492 1258 3584 μηδεὶς

54 3581 259 3675 ἄγιωμέτρητος
279 3591 385 3656 εἰσίτω.
438 3598 525 3676 Cujus
545 3599 675 3676 quamvis
693 3598 871 3658 desideretur
889 3599 1059 3671 auctoritas,
1090 3599 1168 3678 origo
1188 3617 1256 3656 sane
1328 3672 1335 3685 .

56 3711 102 3753 ron
128 3710 166 3756 est
190 3698 309 3756 incerta.
351 3696 490 3758 Ducenda
510 3710 552 3756 est
571 3717 586 3754 e
607 3698 664 3758 viri
685 3697 820 3778 ingenio,
851 3696 981 3757 estudio
1002 3710 1029 3754 et
1048 3695 1167 3771 ardore,
1198 3715 1256 3774 quo

55 3787 197 3854 doctrinam
227 3795 357 3872 colebat,
387 3818 460 3876 quae
480 3795 646 3874 ¹arctissime
667 3810 727 3855 erat
746 3817 811 3854 cum
829 3809 887 3856 tota
908 3794 1168 3876 ejusphilosophia
1188 3815 1255 3881 con·

52 3885 143 3960 juncta
183 3895 253 3953 Nam
271 3907 302 3953 ut
317 3895 526 3954 arithmeticam
543 3892 725 3974 relinquebat
741 3895 933 3976 cauponibus,
954 3915 1026 3972 quae
1045 3892 1082 3952 ad
1101 3890 1255 3953 emendum

56 3991 277 4073 vendendumque
296 3992 508 4068 addisceretur,
529 3993 590 4073 ipse
610 4001 677 4056 vero
697 4014 783 4052 unam
793 3992 933 4075 probabat
944 4037 953 4068 ,
973 3999 1044 4071 quae
1054 3991 1256 4074 philosopham

58 4163 292 4184 *s*—

84 4273 523 4348 mmmmmn

83 4359 606 4421 ummnnmmn'

84 4445 349 4504 emman
