2872 5122
715 239 798 308 ,82

160 396 413 496 cientffisectantur„
435 426 479 464 res
501 425 570 466 vero
589 403 749 482 negligunt.
793 394 906 464 Οὐκοῦν
932 399 1083 493 traciaco,
1104 395 1164 472 ἐπεὶ
1183 398 1308 485 Όμηρον
1327 398 1371 484 ἀη-

159 499 314 586 emerant,
336 499 445 577 πάντας
465 497 535 576 ,τούς
556 495 720 581 ποιητικοός
740 499 873 585 μιμητάς
893 497 1023 582 aldeli-atq
1043 497 1150 586 ἅρεηῆς
1170 497 1253 580 εἶναι,
1267 505 1372 568 καὶτῶν

159 602 340 690 dihorurpi
362 595 406 669 ὦν
426 605 555 678 ποιοῦσι,
577 602 632 685 τῆς
653 599 688 663 δὲ
708 597 854 685 ἀληθείας
874 601 936 689 οὐχ
952 597 1110 680 detrudat.
1131 605 1160 687 l)

362 807 425 886 Quo
443 817 578 885 spectum
591 814 784 883 potissimum
801 809 882 883 apud
900 805 1060 891 qutonam
1080 803 1201 882 artes?

185 1004 324 1066 ,Videtur
352 1004 441 1082 igitur
468 1002 549 1062 Plato
574 1003 614 1060 sic
638 1001 675 1061 de
704 1002 814 1061 artibus
842 1003 989 1076 statuisse,
1011 1013 1042 1061 ut
1069 999 1285 1083 philosophiae,
1303 1021 1374 1079 quam

158 1097 362 1186 profitebatur,
384 1091 567 1159 satisfaceret.
589 1099 646 1159 Sed
664 1098 742 1158 dicat
752 1099 800 1158 hio
816 1100 938 1179 aliquis:
961 1100 1042 1174 Esto,
1057 1099 1089 1158 in
1103 1096 1313 1180 philosophiam
1326 1099 1374 1156 hon
1425 1098 1429 1179 J

106 1282 108 1286 Ι
158 1201 320 1283 peccaverit
337 1199 436 1274 Plato,
457 1197 507 1257 sed
527 1199 658 1278 peccavit
670 1199 704 1261 iu
721 1211 805 1268 artes.
848 1199 906 1264 Has
925 1199 1002 1257 enim
1017 1218 1101 1256 nemo
1121 1217 1180 1258 nort
1200 1194 1308 1269 coluit,
1329 1196 1373 1254 uisi
1425 1184 1428 1248 ἵ

158 1302 212 1378 qui
227 1299 265 1357 ab
282 1299 343 1379 ip'sa
362 1309 433 1355 esset
451 1295 628 1355 humanitate
648 1296 770 1355 alienus.
812 1297 919 1374 Atqui,
940 1296 1073 1370 obone,
1097 1315 1151 1355 neo
1174 1291 1257 1352 Plato
1275 1294 1328 1351 fuit
1348 1291 1375 1348 ab
1432 1289 1433 1300 ¹

160 1399 238 1456 omni
256 1396 434 1455 humanitate
453 1394 566 1454 alienus
576 1441 585 1469 ,
606 1409 634 1456 et
652 1395 742 1454 coluit
760 1409 850 1453 artes:
873 1394 998 1454 sednon
1015 1390 1374 1470 illas„quaevulgohahe·

101 1529 103 1532 ·
150 1485 284 1568 bantur,
306 1508 334 1553 et
352 1493 389 1552 ad
409 1491 594 1552 oblectandos
613 1494 764 1568 hominum
778 1487 892 1562 'animos
917 1513 1111 1572 summopere,
1133 1488 1174 1572 ad¹
1196 1487 1376 1556 emendandos

161 1615 228 1654 vero
247 1613 347 1673 parum
376 1605 425 1649 aut
454 1588 532 1649 nihil
558 1605 637 1671 aptas
666 1605 693 1650 et
718 1589 856 1673 effipaees.
898 1591 953 1650 Eas
981 1590 1071 1650 coluit
1098 1602 1126 1648 et
1152 1589 1261 1668 optimo
1287 1589 1375 1665 cuique
1432 1585 1433 1610 ³

161 1691 283 1749 maxime
308 1689 442 1750 colendas
464 1690 595 1764 censuit,
616 1711 687 1769 quae
706 1691 786 1768 quasi
806 1680 897 1748 τύπον
916 1689 1061 1760 haberent
1084 1687 1230 1759 veritatis,
1252 1687 1376 1744 animum·
1432 1675 1433 1703 ³

160 1809 221 1868 que·
235 1787 412 1847 adducerent
431 1786 468 1846 ad
488 1788 582 1868 ipsum
601 1787 735 1868 pulcrum
745 1833 761 1881 ,Ι
774 1788 866 1870 ipsum
884 1789 1011 1861 bonuiu,
1030 1787 1105 1867 ipsas
1124 1784 1203 1852 ideas
1225 1783 1377 1844 intuendus.
1423 1810 1427 1819 ·

160 1888 239 1960 Quae
259 1906 326 1946 vero
346 1884 556 1949 hincinentem
574 1881 749 1965 averterent,
774 1878 1029 1964 converterentque
1047 1883 1084 1942 ad
1103 1884 1201 1943 inania
1222 1883 1376 1952 simulacra,

160 1985 198 2045 ad
217 1987 318 2044 inanes
336 1983 469 2057 umbras,
485 1983 538 2042 has
557 1983 740 2066 repudiavit,
759 1999 790 2043 ut
808 1985 978 2067 philosopho
998 1981 1142 2062 indignas.
1183 1982 1276 2055 Quam
1294 1980 1377 2040 Plato-
1432 1999 1433 2002 ’

160 2085 205 2143 nis
223 2083 396 2142 sententiam
417 2096 449 2140 ut
467 2095 532 2162 apte
552 2079 803 2166 explicemus,de
821 2101 929 2142 summo
944 2085 1004 2162 jam
1023 2100 1154 2160 agamus,
1183 2079 1263 2160 qnod
1281 2078 1378 2138 artibus
1432 2071 1433 2097 ,

159 2181 359 2263 praescripsit,
380 2181 524 2262 proposito
554 2193 582 2238 et
609 2178 677 2240 fine.
719 2180 775 2241 Sed
794 2183 919 2262 primum
938 2178 1156 2260 disquirendum
1174 2192 1222 2238 est
1249 2177 1286 2238 de
1305 2175 1377 2236 musi·
1426 2168 1433 2232 Ῐ

159 2302 207 2340 cae
233 2281 352 2360 origine.
562 2319 565 2325 -
750 2261 753 2269 ¹
807 2301 811 2310 ·
1111 2315 1131 2362 f
1423 2245 1428 2340 l

577 2473 626 2532 Da
653 2471 770 2556 origine
799 2483 933 2534 buccinat.

198 2656 289 2715 Duxit
308 2648 367 2712 eam
383 2652 462 2711 Plato
481 2672 496 2709 e
514 2635 695 2714 naturalibus
710 2653 840 2726 sensibus
858 2653 1016 2732 studiisque
1034 2651 1122 2712 animi
1136 2649 1266 2710 humani.
1288 2652 1379 2709 Censet

159 2755 255 2828 enim,
277 2750 481 2812 natura-nobis
507 2753 657 2832 proprium
681 2772 739 2810 esse
770 2773 883 2820 sensum
912 2745 1203 2831 quendamrhy'thmi
1224 2763 1253 2807 et
1273 2749 1378 2806 harmo

160 2853 243 2925 niae,
265 2849 455 2930 quocaeteris
469 2863 642 2929 praestemus
657 2833 870 2930 animantibus:
890 2848 945 2908 hoc
967 2862 1058 2917 autem
1081 2832 1188 2907 motum
1213 2845 1378 2924 ductumque
1432 2873 1433 2886 ι

159 2969 248 3030 genus
266 2949 442 3021 humanum,
463 2960 562 3027 sponte
581 2935 677 3006 suaet
695 2947 795 3008 choros
815 2956 895 3027 agere
914 2947 1070 3006 instituisse
1088 2958 1117 3003 et
1134 2945 1280 3004 invenisse
1298 2946 1378 3003 musi-

158 3069 228 3108 cam.
271 3048 306 3106 ln
324 3067 407 3127 opere
429 3044 465 3104 de
483 3045 623 3124 Legibus,
644 3025 721 3124 quod
740 3059 828 3104 senex
846 3045 978 3125 scripsit,
999 3065 1080 3104 senes
1098 3035 1213 3101 inducit
1230 3041 1285 3101 hac
1305 3041 1378 3100 dere
1432 3065 1433 3084 r

157 3135 352 3225 colloquentes
381 3139 524 3216 Cliniam,
544 3143 696 3224 Megillum
723 3130 919 3224 etn'hospitem
941 3142 1161 3215 Atheniensem,
1191 3161 1312 3218 quorum
1338 3140 1377 3196 hic
1432 3153 1433 3200 1

159 3247 199 3305 ita
226 3243 333 3324 profert
348 3243 531 3301 sententiam
551 3259 638 3302 suam.
682 3263 697 3295 u
708 3241 894 3317 Videndum,
925 3263 994 3300 num
1014 3224 1106 3300 'uerus
1125 3239 1163 3320 sit
1182 3251 1209 3295 et
1227 3237 1377 3316 secundum

158 3357 290 3412 naturam
301 3386 308 3414 ,
330 3340 380 3418 qui
400 3339 483 3398 nobis
502 3341 662 3400 celebratur
673 3387 681 3414 ,
702 3360 804 3400 sermo:
827 3339 949 3399 dicimus
966 3354 1059 3399 autem
1070 3384 1078 3412 ,
1098 3337 1377 3395 animantia'tantum

159 3462 218 3501 non
238 3439 350 3512 omnia,
378 3435 447 3496 dum
470 3438 605 3516 ⁴iuuenili,
626 3453 700 3497 sunt,
716 3452 823 3512 aetate,
848 3459 901 3502 nec
931 3458 1047 3519 corpore
1067 3458 1146 3516 posse
1166 3435 1311 3512 quiescere
1331 3453 1376 3492 nec

158 3537 258 3618 lingua
272 3537 355 3596 silere
365 3582 373 3611 ,
394 3538 501 3596 moveri
525 3557 593 3597 vero
610 3557 720 3621 semper
739 3551 765 3612 et
786 3536 923 3598 clamare:
945 3537 1086 3596 exsultare
1104 3536 1162 3596 lere
1179 3560 1211 3598 ac
1237 3539 1376 3622 tripudia-

110 3716 113 3724 Ι
158 3639 207 3712 re',
228 3635 416 3720 pr·ae,gaudio
435 3634 568 3694 saltantis
587 3656 618 3693 ac
635 3633 766 3694 ludentia
778 3656 854 3708 „ore
871 3655 938 3694 vero
953 3633 1051 3694 nullos
1069 3655 1128 3694 non
1142 3631 1224 3698 sonos
1240 3639 1375 3710 emittere,

158 3729 190 3792 iri
208 3734 254 3792 his
273 3749 365 3792 autem
388 3746 497 3792 caetera
526 3731 662 3792 animalia
688 3732 802 3791 nullum
829 3731 934 3791 habere
963 3731 1073 3792 ordinis
1100 3753 1231 3810 sensum,
1252 3736 1302 3795 sed
1321 3737 1376 3794 sine

157 3830 292 3912 rhythmo
305 3833 427 3905 moveri,
443 3831 504 3890 sine
518 3828 668 3889 harmonia
682 3830 848 3904 vociferari,
866 3829 1115 3889 hominibusvero
1130 3832 1202 3891 Deos
1217 3848 1244 3892 et
1255 3832 1375 3914 rhythmi
1432 3903 1433 3914 η

156 3929 290 3989 tribuisse
308 3943 335 3988 et
353 3929 516 3991 harmoniae
536 3947 669 4014 sensum,
684 3949 740 4007 quo
755 3942 819 4009 apte
833 3918 1010 4005 moveremur
1027 3928 1158 3988 saltando
1173 3940 1203 3988 et
1219 3931 1375 3990 caneremus

156 4028 317 4102 concinne,
338 4028 437 4088 choros
466 4028 648 4087 instituentes
677 4049 741 4092 curu
769 4025 931 4102 hilaritate,
961 4026 1010 4106 qui
1031 4021 1111 4108 nupti
1126 4026 1180 4108 τῆς
1200 4028 1314 4108 χαρᾶς,
1343 4027 1374 4087 ab
1432 4015 1433 4106 l

90 4120 93 4124 ’
156 4127 217 4207 ipsa
239 4124 384 4185 hilaritate
411 4147 515 4185 nomen
545 4124 661 4186 habeut.
674 4150 688 4184 u
714 4122 746 4205 2)
765 4125 844 4199 Quae
872 4127 1013 4187 sententia
1037 4129 1076 4188 ita
1099 4129 1193 4210 placet
1211 4123 1373 4191 Atheniensi

190 4369 214 4436 1)
233 4357 270 4422 nt
286 4372 346 4438 nep.
364 4369 394 4420 x.
412 4351 471 4419 oooss
485 4366 515 4418 n.

188 4453 216 4520 2)
234 4456 271 4506 De
292 4455 362 4520 Leqq.
386 4453 417 4505 ll.
434 4452 492 4504 654.
511 4451 542 4504 A.
