2950 5134
661 269 700 328 36
1117 291 1127 332 s

88 447 208 511 tauquam
231 417 455 490 institutionem
479 432 616 492 heminis.
659 431 770 510 lletelit
793 451 854 492 eam
879 433 1018 492 condano
1038 432 1075 492 ed
1098 435 1173 496 vitae
1195 456 1295 507 usum,

88 545 113 590 ut
136 530 239 592 artibus
259 545 287 592 et
303 529 469 610 disciplinis
488 528 666 590 excoleretur
684 529 768 590 homo
778 575 787 602 ,
818 541 846 588 et
864 531 987 590 musicae
1004 530 1100 599 studio
1116 531 1154 594 ad
1173 535 1296 596 musicae

84 630 154 707 quasi
176 629 353 692 harmoniam
380 613 612 708 componeretur:
640 627 719 687 unde
747 629 837 708 ipsam
865 627 1077 708 philosophiam
1105 619 1171 710 τήν
1197 628 1296 710 μεγί-

83 747 160 806 στην
178 727 338 808 appellavit
357 713 543 806 μουσικήν.
568 724 596 806 l)
630 725 802 804 Disciplinis
821 739 915 784 autem
932 726 1054 788 eandem
1072 732 1189 808 tribuit,
1209 753 1294 812 quam

84 827 285 909 philosophiae,
307 829 366 889 rim
386 843 414 890 et
432 827 606 898 efficaciam,
628 839 659 885 ut
676 825 780 886 meretis
803 824 918 886 acidum
940 825 1105 904 aperirent,
1126 852 1140 888 e
1163 831 1292 894 tenebris

75 943 128 984 ¹aas
144 927 174 986 iu
190 926 284 986 lucem
302 926 476 1000 educerent,
496 939 587 987 totum
604 936 813 982 commutarent
829 922 984 982 haruinem.
1015 922 1046 1002 2)
1073 927 1175 990 Finem
1193 931 1289 990 emni—

84 1046 116 1082 no
140 1022 334 1105 philosophiae
359 1025 539 1106 praescripsit
570 1014 634 1102 τήν
661 1010 837 1096 ὁμοίωσιν
863 1019 912 1103 aqi
936 1018 1024 1103 &eph
1053 1023 1104 1084 sed
1125 1047 1158 1086 en
1187 1047 1291 1108 perve-
1378 1067 1384 1080 ,

84 1121 210 1180 ciendum
234 1112 369 1182 censebat
397 1120 618 1204 disciplinarum
647 1124 679 1184 in
707 1121 809 1204 primis
837 1135 864 1180 et
891 1122 952 1182 veri
979 1122 1093 1184 studies
1123 1125 1292 1202 quaesatio

83 1219 203 1278 abherret
229 1218 317 1298 plane
343 1241 360 1277 a
387 1223 572 1300 mysticorum
598 1221 748 1286 hominum
777 1220 904 1280 somniis.
934 1223 1007 1302 Apte
1033 1220 1103 1280 haee
1132 1221 1296 1286 illustrator

83 1317 268 1396 mysteriorum
282 1317 415 1381 adhibito
435 1319 576 1400 exemplo.
595 1319 653 1392 Qui
667 1317 776 1378 initiati
795 1331 876 1377 eram
885 1319 1044 1396 antiquitus
1052 1319 1196 1398 mysteriis
1209 1319 1294 1380 Eleu-

83 1415 170 1488 siniis,
190 1414 334 1495 praeclare
354 1415 390 1476 de
410 1418 446 1478 iis
463 1418 687 1483 existimabant.
719 1417 818 1476 Cicero
835 1416 876 1476 sie
897 1415 933 1476 de
953 1416 989 1478 iis
1006 1437 1072 1476 eum
1091 1418 1186 1480 Attico
1203 1417 1295 1498 loqui·

83 1527 138 1572 tur:
169 1513 267 1574 sNam
296 1512 368 1574 mihi
393 1535 461 1576 cum
480 1516 572 1576 multa
599 1518 704 1576 eximia
731 1514 890 1593 divinaque
918 1513 1057 1582 uidentur
1079 1514 1208 1581 Athenae
1230 1529 1296 1576 tuae

83 1612 230 1692 peperisse,
253 1625 315 1672 tum
333 1611 410 1672 nihil
429 1613 532 1680 melius
555 1614 616 1676 illis
639 1614 799 1694 mysteriis,
814 1611 921 1692 quibus
941 1633 977 1672 ea
996 1615 1097 1692 agresti
1117 1615 1292 1693 immanique
1337 1633 1339 1638 ·

83 1711 132 1769 vita
151 1708 259 1771 exculti
279 1709 316 1770 ad
334 1708 540 1774 humanitatem
560 1725 588 1774 et
606 1713 728 1791 mitigati
748 1731 861 1771 sumus:
883 1711 1024 1790 initiaque
1045 1724 1078 1771 ut
1095 1711 1295 1792 appellatum,

84 1809 114 1866 ita
125 1829 153 1866 re
169 1828 237 1867 vera
255 1808 400 1888 principia
421 1809 498 1871 ritae
515 1809 722 1887 cognovimus:
746 1829 839 1888 neque
858 1807 949 1870 selum
964 1829 1029 1869 cum
1045 1807 1154 1873 laetitia
1173 1809 1295 1870 vivendi

83 1906 212 1966 radonem
224 1906 399 1985 accepimus,
420 1906 470 1966 scd
486 1908 571 1968 etiam
584 1928 651 1968 eum
667 1928 715 1987 spe
730 1905 847 1965 meliore
861 1904 1030 1970 moriendi.»
1056 1903 1087 1986 3)
1109 1906 1189 1968 Idem
1209 1907 1295 1987 plane

83 2004 129 2062 luit
145 2001 343 2084 philosophiae
356 2003 521 2062 Platonicae
535 2007 711 2085 propositum
720 2030 728 2080 3
751 2003 861 2064 cultum
876 2002 1022 2083 spectabat
1044 2017 1072 2062 rt
1090 2005 1296 2086 perlectionem

83 2099 195 2160 hominis
204 2143 212 2174 ,
234 2101 328 2161 utrite
338 2100 468 2160 eruditus
478 2101 625 2162 artibuset
632 2102 799 2184 disciplinis
808 2147 818 2176 ,
831 2103 923 2180 iisque
932 2101 1024 2162 veluti
1034 2115 1170 2182 purgatus
1180 2113 1208 2160 et
1216 2121 1296 2180 prac-

31 2263 32 2274 χ
84 2212 200 2276 paratos,
215 2199 408 2278 spectaculum
420 2199 506 2264 homo
520 2214 659 2280 spectaret
670 2202 800 2262 omnium
815 2199 1053 2272 illustrissimum,
1065 2202 1227 2279 patarum,
1248 2201 1296 2256 be-

31 2285 32 2328 1
85 2316 157 2370 aum,
168 2303 309 2372 justum,
330 2309 483 2374 eoactum,
503 2320 562 2358 uon
581 2299 614 2358 in
632 2297 792 2358 sirnulecris
811 2297 997 2376 quibusdam,
1022 2297 1072 2358 sed
1092 2299 1197 2379 ipsum,
1219 2290 1295 2358 aare

86 2387 142 2454 καθ)
160 2385 236 2456 calari
244 2439 255 2467 ‚
277 2416 380 2474 purum
398 2409 426 2456 et
443 2397 596 2476 integrum.
621 2395 709 2483 Quod
724 2395 775 2474 qui
792 2408 949 2476 spectaret,
968 2417 1052 2474 quam
1070 2397 1200 2476 proxime
1217 2397 1295 2459 hunc

86 2494 205 2559 accedere
227 2494 422 2559 contendebat
440 2493 479 2554 ad
499 2493 619 2557 divinae
642 2508 761 2555 naturae
784 2492 988 2554 sublimitatem
1004 2508 1034 2554 et
1051 2493 1226 2556 felicitatem.

137 2691 163 2748 V
162 2702 278 2752 elerum
290 2691 531 2768 philosophorum
551 2692 585 2748 da
600 2691 803 2766 philosophice
823 2697 853 2748 ei
867 2699 897 2747 et
909 2691 1046 2776 abertate
1061 2699 1235 2751 mattaratium

118 2871 169 2930 Nec
191 2892 260 2932 vero
280 2891 354 2930 unus
372 2870 429 2930 fuit
451 2869 529 2951 apud
552 2870 683 2947 antiquos
711 2869 810 2943 Plato,
831 2868 942 2946 quisic
966 2868 1140 2928 existimaret
1156 2869 1193 2931 de
1214 2871 1243 2929 vi
1269 2882 1297 2928 et

89 2971 215 3050 proposito
243 2967 451 3051 philosophiae.
500 2967 634 3050 Magnam
652 3028 654 3033 y
661 2980 771 3047 partem
795 2965 851 3024 bec
879 2965 980 3024 debuit
1004 2986 1069 3024 cum
1094 2965 1201 3026 Socrati
1235 2982 1296 3029 tum

89 3065 274 3150 Pythagoreis,
296 3087 415 3144 eumque
435 3067 524 3127 secuti
549 3079 616 3123 sunt
634 3077 771 3143 quotquot
797 3062 904 3122 deinde
923 3062 1136 3144 philosophiam
1155 3085 1294 3123 cemmen-

90 3161 190 3226 meunt.
230 3167 268 3226 Et
290 3165 322 3223 hi
349 3162 486 3246 quidem,
506 3184 577 3242 quae
604 3176 645 3222 est
674 3161 784 3240 ingenii
810 3161 930 3219 humani
958 3161 1135 3240 progressio,
1157 3162 1216 3220 vim
1237 3163 1297 3238 ejus
1369 3202 1375 3211 -

90 3264 209 3324 noralem
238 3263 372 3324 disertius
400 3264 484 3325 etiarn
512 3275 540 3320 et
562 3260 681 3344 plenius
709 3258 920 3339 explicuerunt.
962 3258 1051 3316 Juvat
1077 3257 1125 3317 hlc
1154 3275 1297 3340 apponere
1346 3279 1350 3290 ¹

91 3365 229 3423 sententias
252 3361 391 3441 quasdam
415 3375 560 3432 veterum,
581 3381 638 3438 quo
662 3358 746 3416 nobis
764 3359 852 3437 magis
874 3370 987 3437 pateat,
1008 3378 1079 3434 quae
1100 3357 1297 3437 philosophiae

92 3456 165 3518 luerit
182 3461 341 3539 antiquitus
360 3458 474 3517 ubertas
493 3472 521 3516 et
539 3455 709 3536 amplitudo.

123 3557 328 3639 Philosophiam
349 3557 481 3615 universe
500 3569 609 3616 veteres
629 3554 731 3613 ducem
751 3551 897 3611 habebant
916 3553 1001 3612 vitae.
1032 3552 1095 3624 Diis
1114 3551 1296 3622 tribuebant,

93 3655 157 3728 quod
178 3658 330 3728 viverent,
351 3653 401 3713 sed
425 3648 476 3734 phi
491 3653 623 3734 osophiae
634 3699 642 3726 ,
669 3650 746 3730 qued
770 3650 844 3709 bene
868 3650 1010 3709 viverent.
1053 3649 1125 3722 Quis
1151 3647 1298 3721 dubitare,

94 3750 126 3808 ait
143 3752 258 3828 Seneca,
279 3765 371 3834 potest
381 3797 389 3825 ,
410 3741 482 3836 quin
497 3753 620 3810 Deorum
640 3748 841 3808 immortalium
858 3769 966 3806 >munus
984 3747 1039 3821 sit,
1060 3747 1136 3825 qued
1157 3746 1297 3806 vivimus:

95 3847 294 3934 philosophiae,
323 3849 402 3928 qued
420 3849 494 3908 bene
513 3851 661 3910 vivimus?
692 3845 724 3930 4)
751 3847 905 3926 Eleganter
927 3844 1072 3904 Maximus
1091 3845 1214 3926 Tyrius:
1246 3865 1299 3904 κα-

96 3949 243 4008 ταπεσοῦσα
274 3943 330 4028 γάρ
359 3941 382 4029 η’
404 3940 493 4028 ψυχή
519 3947 559 4021 εἰς
589 3944 702 4007 τουτονὶ
729 3939 783 4004 τόν
809 3935 962 4023 θόρυβον,
983 3940 1037 4018 καὶ
1068 3943 1162 4004 δοῦσα
1193 3939 1301 4026 ἑαυτήν

95 4040 131 4103 ἐπ’
158 4043 309 4132 ἀμηχάνου
341 4053 501 4130 qopshrltae
527 4043 673 4127 κύματος,
705 4039 824 4127 νήχεται
856 4039 1060 4106 aestumator
1090 4042 1226 4127 πέλαγος·
1259 4042 1301 4115 ἒξ

124 4223 146 4290 1)
162 4228 247 4282 Pauca.
263 4229 304 4281 61.
322 4229 352 4281 Α.

123 4310 146 4372 2)
162 4315 196 4364 De
210 4318 268 4384 llep.
286 4315 338 4367 Vll.
796 4321 812 4360 t

124 4395 147 4458 3)
162 4400 198 4452 lle
208 4402 276 4470 bepy.
295 4401 324 4458 ll·
343 4401 383 4454 lh

127 4481 149 4541 ll
167 4486 209 4552 Ep.
221 4486 262 4538 90.
277 4489 331 4538 init.
346 4486 387 4538 Cf·
403 4486 468 4542 Pus.
483 4487 539 4538 urle.
558 4483 631 4534 Colat.
652 4482 724 4536 llos.
745 4480 772 4534 C.
