2818 5120
719 289 778 347 150

1028 353 1064 428 0

131 455 219 516 vitute
238 453 373 546 temporis
392 467 542 527 censetm·,
565 473 624 510 nou
648 449 795 524 ubertate,
816 470 875 508 non
901 447 1073 527 diligentia,
1094 469 1154 508 uon
1179 469 1272 507 rerum
1296 448 1343 508 ad·
1396 433 1397 484 l

132 549 335 612 discendarum
355 551 510 629 gravitate,
532 571 593 610 non
613 550 712 608 fructu¹
736 549 840 622 etiam,
860 565 945 625 quem
962 546 1033 606 inde
1053 559 1097 606 re's
1117 547 1236 627 publica
1253 547 1343 627 capiat
1396 561 1397 630 J

132 646 289 708 Laudanda
310 661 352 706 est
371 648 502 707 celeritas
519 647 591 722 illa,
612 660 753 726 quatenus
777 645 815 704 ad
839 644 973 725 legendi,
994 643 1159 719 scribendi,
1182 643 1344 726 supputandi
1396 651 1397 656 ’

131 747 295 806 facultatem
312 747 443 805 refertur.
474 746 584 820 Quodsi
603 764 673 804 vero
695 743 854 802 excolenda
873 742 1066 801 adolescentia
1086 742 1220 803 videatur
1238 765 1296 801 non
1307 743 1345 800 his

126 846 241 932 gutibus
268 844 447 925 puerilibus,
468 865 541 923 quae
571 844 698 901 animum
727 863 787 902 nou
817 855 952 914 movent,
980 841 1032 901 vix
1057 840 1128 900 adeo
1154 841 1192 899 ad
1214 840 1346 919 judicium

131 945 317 1026 pertingunt,
340 941 409 1016 scd,
431 957 462 1000 ut
487 955 662 1001 censuerunt
683 942 801 1018 majores
826 939 936 1013 nostri,
957 939 1083 1018 ingeniis
1111 939 1271 1018 animisque
1295 959 1345 996 eru·

62 1043 65 1050 '
132 1039 266 1114 diendis,
289 1061 347 1097 non
375 1052 488 1098 tantum
517 1061 576 1098 non
605 1037 771 1112 laudanda,
802 1037 853 1096 sed
882 1057 967 1115 quam
996 1037 1120 1096 maxime
1148 1035 1279 1099 cavenda
1305 1049 1346 1094 est

132 1141 225 1215 Quam
250 1136 378 1195 Socrates
403 1136 544 1215 cogitabat
568 1136 701 1195 discendi
727 1133 955 1217 proficiendique
979 1134 1173 1210 celeritatem,
1195 1157 1254 1195 non
1277 1135 1347 1196 brevi

131 1236 266 1324 temporis
285 1235 377 1315 spatio
396 1234 571 1294 definiebat:
594 1255 660 1293 nam
679 1233 794 1292 beatum
808 1233 995 1313 praedicabat
1010 1232 1111 1307 illum,
1131 1235 1182 1312 qui
1204 1233 1250 1293 vel
1269 1253 1347 1293 senex

132 1337 165 1394 in
184 1321 290 1393 virtute
308 1330 467 1392 nonnullos
493 1331 606 1390 fecisset
631 1351 813 1412 progressus,
840 1329 869 1409 l)
889 1331 940 1390 sed
963 1331 1095 1409 exigebat
1114 1330 1197 1390 illam
1223 1332 1260 1391 ad
1279 1329 1348 1390 diffi-

131 1432 271 1492 cultatum
290 1431 401 1510 copiam
420 1443 448 1489 et
466 1429 715 1509 magnitudinem,
736 1451 809 1507 quae
834 1427 958 1488 discenti
978 1443 1072 1488 essent
1096 1427 1283 1509 superandae.
1321 1427 1349 1487 ld

132 1531 242 1591 scilicet
260 1527 424 1608 spectabat,
446 1548 505 1585 non
526 1539 558 1584 ut
581 1527 613 1584 in
637 1528 752 1586 homine
778 1527 932 1606 singularis
951 1527 1094 1606 quaedam·
1109 1528 1214 1586 mentis
1239 1527 1350 1586 facultas

133 1641 300 1702 acueretur,
321 1624 455 1684 mem'oria
467 1670 474 1696 ,
496 1623 669 1683 inveniendi
696 1625 829 1700 solertia,
857 1625 1051 1690 ratiocinandi
1078 1625 1242 1700 subtilitas,
1268 1647 1349 1684 enun-

132 1726 231 1786 ciandi
245 1722 534 1801 communicandique
546 1723 689 1797 facilitas,
705 1725 827 1783 similes:
850 1724 881 1782 id
897 1724 920 1782 si
942 1737 1109 1804 spectasset,
1125 1725 1202 1792 intra
1216 1722 1350 1797 triduum,

134 1839 166 1885 ut
185 1827 225 1884 ita
243 1823 354 1896 dicam,
376 1821 560 1880 admirabiles
578 1820 691 1880 fecisset
709 1818 886 1903 discipulos:
909 1823 1015 1880 namsi
1032 1824 1112 1900 quis,
1134 1823 1252 1880 caeteris
1267 1822 1351 1880 missis

93 1932 97 1942 '
134 1920 344 2003 consopitisque
364 1920 469 1978 mentis
488 1918 694 1993 facultatibus,
716 1941 803 1979 unam
821 1921 947 1994 excitat,
976 1939 1063 1978 unam
1091 1921 1169 1978 acuit
1193 1932 1220 1977 et
1241 1922 1292 1978 uni
1311 1918 1350 1977 illi

136 2020 300 2093 acuendae,
330 2017 508 2090 firmandae,
533 2016 761 2076 corroborandae
790 2039 902 2077 omnem
931 2017 1050 2078 adhibet
1081 2019 1185 2077 mentis
1217 2020 1352 2096 animique

136 2122 195 2180 vim
215 2133 243 2176 et
263 2119 409 2196 vigorem,
430 2135 484 2174 nae
501 2113 553 2173 ille
570 2117 671 2196 etipse
687 2112 878 2175 admirabitur
897 2116 1053 2196 stupendos
1068 2115 1277 2196 discipulorum
1292 2131 1351 2175 tarn·

135 2239 190 2297 que
216 2215 326 2274 subitos
352 2233 533 2298 progressus,
565 2228 592 2272 et
617 2213 721 2293 vulg'us
751 2215 922 2273 miraculum
952 2213 1163 2294 suspicabitur,
1193 2214 1351 2276 acclamabit

136 2329 231 2374 certe:
253 2310 364 2388 θαῦμα
385 2304 523 2370 merear!
547 2310 604 2369 Sed
618 2311 675 2369 alia
693 2314 787 2371 omnia
804 2312 949 2392 spectabat
965 2311 1105 2370 Socrates:
1128 2327 1217 2371 totum
1233 2312 1352 2372 excolere

136 2413 281 2471 hominem
298 2411 450 2484 studebat,
472 2423 504 2468 ut
529 2429 588 2466 non
612 2423 672 2468 arte
690 2411 786 2488 aliqua
806 2425 855 2469 aut
875 2411 1005 2470 doctrina
1026 2411 1197 2486 excelleret,
1219 2425 1351 2470 caeterum

63 2583 66 2600 .
136 2525 209 2571 esset
226 2510 307 2569 rudis
327 2524 355 2568 et
374 2509 507 2588 agrestis,
529 2507 580 2566 scd
599 2521 630 2565 ut
649 2528 746 2578 sensus
765 2530 861 2575 omnes
883 2522 911 2568 et
934 2508 1102 2583 facultates,
1126 2531 1198 2588 quae
1228 2525 1352 2588 tanquam

136 2608 258 2688 igniculi
281 2609 313 2667 in
337 2593 428 2687 ipsius
447 2617 541 2663 mente
569 2599 670 2663 naturis
699 2606 840 2680 laterent,
862 2607 983 2666 sublatis
1011 2607 1243 2687 impedimentis,
1265 2627 1353 2666 move-

136 2721 254 2780 rentur,
276 2706 499 2776 suscitarentur,
520 2704 744 2778 reviviscerent,
776 2719 859 2784 atque
883 2707 944 2784 ipse
973 2707 1012 2763 ita
1037 2704 1122 2764 bomo
1149 2707 1231 2784 quasi
1260 2725 1353 2765 novam

135 2791 270 2881 suamque
280 2804 370 2863 vitam
385 2804 542 2880 ingressus,
565 2801 632 2859 talis
647 2801 746 2875 lieret,
767 2803 862 2881 qualis
878 2823 936 2862 esse
952 2804 1054 2860 natura
1072 2805 1134 2883 ipse
1149 2806 1200 2862 sud
1216 2819 1245 2863 et
1261 2802 1354 2881 indole

137 2915 230 2980 posset
253 2921 284 2958 ac
304 2900 431 2959 deberet.
479 2899 555 2956 Huic
581 2900 777 2975 institutioni,
800 2923 953 2980 sanequam
977 2915 1096 2960 naturae
1120 2903 1352 2962 convenientissi-

137 3019 216 3073 mae,
243 3019 329 3058 unam
353 3019 411 3056 esse
438 2990 605 3076 caemeteria
630 2998 886 3073 accommodatam,
912 3001 1008 3077 quivis
1038 3021 1074 3070 en
1091 3000 1183 3074 ,dictis
1206 2999 1351 3081 perspicit;

138 3096 188 3156 sed
207 3095 290 3155 nenio
309 3118 420 3176 quoque
440 3113 481 3156 est
491 3145 501 3172 ,
520 3099 594 3177 quin
617 3097 694 3156 idem
713 3099 886 3178 perspiciat,
907 3097 1018 3159 absolvi
1038 3119 1100 3156 cam
1122 3099 1222 3179 paucis
1240 3099 1287 3161 vel
1301 3097 1352 3155 die·

137 3195 209 3270 bus,
231 3195 278 3256 vel
295 3196 441 3253 mensibus
452 3240 460 3269 ,
479 3195 527 3256 vel
546 3195 632 3254 an'nis
651 3197 737 3254 etiam
763 3217 822 3253 non
848 3217 928 3276 posse
939 3241 947 3269 ,
968 3196 1198 3275 praeclaramque
1219 3217 1276 3256 esse
1299 3197 1352 3273 ejus

138 3293 300 3366 fortunam,
321 3293 371 3370 qui
392 3315 407 3351 a
428 3315 517 3373 puero
537 3295 576 3352 sic
602 3314 699 3366 orsus,
721 3293 775 3350 sub
795 3295 870 3352 vitae
891 3293 995 3366 finem,
1016 3294 1093 3372 quod
1109 3306 1302 3373 spectaverat,
1322 3293 1352 3352 sit

138 3403 290 3449 assecutus.
331 3389 390 3448 Sed
407 3393 537 3469 quamvis
564 3413 624 3450 non
648 3390 787 3449 miracula
811 3392 998 3471 produceret,
1019 3392 1078 3471 hoc·
1097 3390 1222 3450 babebat
1241 3391 1351 3450 Socratis

138 3484 294 3566 disciplina
319 3489 535 3569 proprium,.ut
552 3510 604 3569 per
622 3510 683 3547 eam
702 3490 807 3568 aliquis
824 3487 912 3548 'unice
934 3491 973 3548 sic
992 3490 1174 3571 procederet,
1202 3489 1351 3566 celeresque

139 3584 244 3642 faceret
261 3607 313 3665 pro
330 3586 490 3646 studiorum
508 3588 647 3666 gravitate
666 3607 838 3668 progressus.
882 3577 959 3644 Nam
978 3601 1009 3644 ut
1027 3588 1110 3646 homo
1131 3588 1170 3646 sic
1190 3601 1264 3646 totus
1280 3585 1350 3666 perri·

141 3693 241 3758 tusque
262 3683 462 3758 excederetur,
484 3685 661 3744 addiscenda
681 3707 726 3744 ars
744 3699 804 3743 erat
829 3706 885 3743 nna
910 3685 1038 3742 omnium
1063 3685 1146 3765 longe
1169 3685 1348 3755 difficillima,

141 3782 372 3862 etsemetipsum
392 3796 581 3862 cognosceret.
624 3782 750 3842 Socrates
772 3797 865 3841 autem
888 3783 1091 3862 interrogando
1112 3783 1349 3864 proponendisque

139 3878 353 3955 quaestionibus
373 3881 552 3959 gravioribus
571 3881 650 3940 intus
668 3880 842 3940 sollicitabat
862 3882 894 3938 in
913 3879 1141 3942 adolescentibus
1167 3885 1307 3955 animum,
1324 3890 1348 3934 ut

140 3993 218 4032 amor
231 3971 406 4035 excitaretur
420 3979 496 4052 veri,
512 3980 752 4058 convertebatque
768 4000 814 4052 eos
831 3978 868 4036 ad
886 3980 1048 4062 semetipsos
1066 3979 1222 4038 intuendos
1240 3994 1266 4037 et
1280 3975 1345 4056 judi·

140 4071 264 4131 candos:
288 4073 364 4132 unde
382 4075 490 4154 pudor,
512 4097 594 4154 quem
611 4077 743 4136 oboriens
758 4069 852 4135 subito
867 4078 900 4140 in
914 4079 994 4155 genis
1013 4077 1100 4135 rubor
1118 4077 1257 4158 prodebat
1274 4075 1346 4134 ideu-

141 4171 239 4229 tidem.
281 4170 374 4229 Semel
393 4186 487 4231 autem
508 4175 592 4233 itaet
612 4173 707 4234 studio
726 4175 857 4233 discendi
879 4175 1048 4234 inflammati
1069 4191 1096 4233 et
1116 4177 1170 4255 ipsi
1192 4189 1276 4234 semet
1292 4192 1345 4230 cor-

141 4269 287 4347 rigentes,
318 4291 424 4349 perque
451 4273 612 4352 semetipsos
640 4274 753 4354 optimis
782 4274 942 4350 quibusque
969 4288 996 4332 et
1025 4274 1133 4332 artibus
1165 4288 1192 4332 et
1221 4269 1345 4332 doctrinis

176 4474 199 4537 l)
218 4479 254 4530 De
272 4479 342 4546 Legq.
361 4481 394 4530 11.
413 4478 471 4530 65³.
492 4481 521 4531 Λ.
541 4483 615 4532 luicio
634 4499 657 4548 p.
677 4481 717 4530 84.

11 4551 13 4614 s
