2872 5122
745 309 801 367 126

161 499 255 540 amore
274 489 374 558 captus
395 469 527 546 viderem
550 485 765 546 uomentem,
792 493 829 532 ne
848 471 921 530 mihi
946 493 1131 546 succenseas,
1153 493 1206 533 nee
1230 473 1375 555 pulcerest

162 593 191 638 et
208 577 264 636 tibi
282 571 403 645 similis,
424 571 495 629 simo
516 590 585 628 naso
602 582 630 627 et
649 570 883 649 prominentibus
897 568 1004 647 oeulis3
1025 591 1197 651 quamquam
1212 573 1306 630 minus
1321 571 1375 644 illc,
1417 565 1418 570 ’

161 697 247 758 quam
264 688 315 747 tu,
340 668 458 730 modum
477 669 509 726 in
528 667 575 726 his
594 666 719 728 excedit.
749 668 851 730 Libere
871 667 938 729 dico
956 669 1107 749 equidem:
1136 670 1169 730 id
1188 670 1283 743 seito,.
1296 671 1374 729 omni-

160 796 208 834 um
218 820 226 850 ‚
254 793 324 852 quos
350 788 401 848 ego
425 766 596 847 repererim,
625 763 838 827 adolescentum
856 809 890 818 -
911 789 979 828 usus
997 781 1091 828 autern
1109 769 1261 850 permultis
1278 790 1335 830 sum
1351 805 1374 814 ·
1418 832 1419 858 q

160 873 275 934 nullum
297 889 342 928 mc
370 863 478 928 vidisse
500 877 558 922 tam
582 862 748 925 admirabili
773 879 891 925 naturae
916 867 1054 926 felicitate
1078 867 1237 946 insignem:
1270 867 1377 928 docilem

159 971 237 1031 enim
254 968 397 1047 aliquem,
420 976 452 1021 ut
470 962 537 1022 aliis
559 983 618 1022 esse
643 960 776 1022 difficilis
805 964 996 1044 molestasque
1019 966 1109 1040 solet,
1129 986 1268 1047 perquam
1294 981 1378 1026 eontra

158 1067 275 1128 facilem
294 1085 353 1124 esse
372 1051 514 1139 simulque
532 1081 699 1140 generosum
720 1061 877 1141 fortemque
899 1063 978 1145 apud
1001 1063 1176 1144 quemlibet,
1197 1064 1286 1124 talem
1308 1085 1379 1144 quem

137 1161 139 1166 ’
159 1187 217 1226 esse
236 1185 292 1224 nec
309 1161 464 1221 arbitratus
484 1159 610 1235 fueram,
626 1172 679 1218 n'ec
697 1160 747 1238 qui
763 1176 871 1235 essent,
887 1161 961 1222 vidi.
980 1160 1010 1243 1)
1023 1161 1108 1223 Acuti
1123 1163 1206 1222 'enim
1215 1208 1224 1238 ‚
1244 1178 1278 1223 ut
1295 1163 1378 1235 hicce,

159 1278 187 1324 et
203 1281 315 1343 sagaces
333 1280 366 1319 ac
386 1278 522 1318 memores
547 1259 579 1317 in
604 1257 785 1318 iracundiam
810 1260 869 1320 iere
897 1262 1069 1342 praccipites
1088 1275 1175 1336 sunt,
1196 1261 1378 1322 subsultantes

158 1373 320 1443 proruunt,
340 1357 383 1417 uti
404 1377 493 1416 naves
513 1378 573 1416 non
593 1355 777 1432 saburratae,
799 1379 834 1417 ac
859 1359 1024 1420 furiosiores
1051 1374 1120 1419 sunt
1138 1381 1223 1438 quarn
1252 1360 1378 1420 fortiores.

158 1459 312 1521 Graviores
340 1468 441 1516 eontra
473 1474 573 1534 segnes
602 1453 811 1533 quodammodo
838 1455 877 1516 ad
903 1457 1076 1518 discendum
1103 1456 1285 1538 procedunt,
1310 1473 1379 1537 atque

158 1557 294 1619 obliviosi
314 1568 392 1615 sunt.
413 1544 445 1614 'O
466 1547 502 1612 δὲ
524 1543 603 1613 otro
624 1550 709 1628 λιίως
729 1577 761 1616 τι
782 1553 830 1617 καὶ
852 1549 1019 1630 ἀπταίστως
1039 1551 1262 1639 καὶ-ἀνυσίμως
1278 1551 1379 1639 ἔρχεται
1419 1569 1420 1642 t

159 1654 209 1717 tut
235 1650 288 1730 τιλς
312 1647 462 1736 μαθήσεις
488 1677 519 1716 τι
546 1655 595 1718 καὶ
623 1650 759 1740 ζητήσεις
779 1651 854 1736 narei
875 1658 985 1742 πολλῆς
1006 1653 1187 1745 πρᾳότητος,
1210 1650 1276 1720 οἷον
1297 1657 1380 1720 ἒλιιλιιι
1418 1647 1420 1690 ¹

158 1756 253 1844 ῥεῦμα
274 1752 563 1842 ἄψοφητλρἕονιος,
585 1752 661 1821 aiore
683 1753 840 1838 θαυμάσαι
860 1754 899 1822 ιδ
920 1761 1090 1844 τηλικοῦτον
1111 1756 1185 1824 darei
1206 1755 1288 1824 οὕτω
1301 1761 1381 1824 raim

158 1856 402 1944 denuntiarentur.
446 1863 505 1922 Ille
524 1885 592 1923 aare
606 1871 653 1922 ita
672 1865 891 1942 aequabiliter,
911 1871 959 1921 ita
978 1872 1043 1924 aiae
1060 1865 1224 1943 offensione
1235 1911 1245 1941 ,
1266 1875 1313 1925 ita
1327 1866 1381 1946 effi-

157 1973 274 2026 nacitor
296 1967 337 2024 ad
360 1965 539 2043 disciplinae
564 1983 599 2021 ae
626 1963 851 2041 disquisitiones
869 1965 967 2021 malta
991 1985 1060 2022 eam
1075 1965 1240 2040 facilitate
1261 1965 1380 2036 accedi,
1420 1993 1421 2038 3

156 2072 264 2143 prouti
283 2065 340 2123 olei
355 2066 515 2141 fluentum
530 2069 594 2121 aine
615 2069 746 2139 strepitu
767 2063 971 2140 prqfluentia‚
991 2072 1027 2120 at
1049 2069 1164 2121 mirari
1187 2065 1308 2138 audeat,
1327 2073 1380 2120 toa·

159 2166 231 2223 tilla
251 2186 319 2223 eam
340 2171 438 2220 aetate
459 2169 522 2220 ieta
540 2181 696 2242 peragere.
700 2184 714 2216 ιι
740 2157 772 2240 2)

198 2263 288 2320 Hac'
281 2275 321 2320 ιιι
340 2258 532 2320 describenda
550 2258 746 2340 philosophi
737 2259 849 2339 nigenii
869 2257 987 2333 indole,
1007 2274 1072 2341 apte
1091 2281 1143 2318 nos
1163 2223 1244 2320 Plato
1264 2259 1362 2320 ducit
1356 2281 1380 2316 m

158 2359 283 2419 Socratis
300 2381 366 2418 cum
386 2358 540 2417 Theaeteto
560 2355 596 2416 de
620 2358 739 2416 scientia
764 2377 914 2418 sermones.
957 2359 1015 2416 Nee
1034 2378 1102 2418 vero
1119 2358 1308 2438 quidquam
1300 2381 1330 2417 ιιι
1345 2356 1381 2414 bis

159 2457 381 2540 praetermisisse
409 2454 545 2531 videtur,
566 2453 645 2534 quod
664 2454 702 2514 ad
725 2455 930 2516 declarandam
955 2456 1041 2537 plane
1067 2456 1099 2515 in
1123 2456 1275 2536 lucemque
1301 2455 1380 2539 profe·
1420 2491 1422 2538 ι

159 2555 280 2616 rendam
299 2557 387 2616 talem
411 2553 539 2614 indolem
564 2566 657 2635 posset
681 2555 821 2613 conferre.
864 2556 933 2613 Nam
960 2555 1112 2614 inducitur
1135 2555 1310 2614 Theaetetus
1332 2575 1379 2612 non

159 2655 259 2716 indole
288 2654 433 2729 eximius,
458 2667 600 2712 caeterum
625 2673 693 2713 vero
714 2651 795 2711 rudis
806 2699 814 2727 ,
844 2653 894 2712 sed
913 2653 1019 2734 puerili
1042 2652 1218 2734 disciplind,
1241 2653 1300 2714 imo
1326 2673 1381 2732 geo

159 2755 277 2814 metriae
297 2752 430 2814 excultus
448 2750 562 2827 studio,
584 2771 641 2830 quo
660 2773 719 2810 uno
738 2752 862 2810 maxime
881 2751 1014 2810 eruditur
1032 2753 1202 2830 acuiturqut
1221 2752 1380 2832 ingenium:

159 2850 311 2910 inducitur
329 2865 424 2911 autem
444 2871 501 2908 una
522 2847 587 2908 cum
607 2849 760 2909 Theodoro
779 2863 980 2931 praeceptore,
1001 2849 1052 2929 qui
1072 2870 1148 2909 unus
1166 2851 1263 2931 potuit
1286 2851 1382 2931 optime
1422 2837 1423 2872 l

159 2949 196 3009 de
215 2951 276 3028 ejus
293 2951 411 3032 ingenio
426 2947 587 3028 judicar·e.'
611 2949 648 3007 Et
671 2969 739 3008 vero
759 2962 976 3029 argumentum,
998 2947 1034 3008 de
1053 2969 1111 3028 quo
1129 2950 1222 3028 agitur
1231 2995 1240 3024 ,
1263 2956 1381 3008 scientio

158 3062 218 3122 est,
240 3057 298 3126 quo
324 3063 356 3108 ut
385 3047 502 3110 nullum
531 3049 563 3106 in
587 3046 770 3129 philosophia
795 3047 911 3127 gravius
940 3061 981 3106 est
1003 3046 1054 3106 vel
1078 3050 1186 3127 majus,
1208 3048 1249 3107 ita
1277 3048 1381 3131 nullum

158 3144 359 3228 philosopham
377 3145 508 3207 indolem
527 3165 593 3205 cum
612 3144 738 3206 advertit
755 3147 861 3225 magis,
883 3158 945 3204 tum
963 3146 1068 3204 excitat
1086 3145 1296 3209 vehementius.
1335 3145 1381 3206 Sed

158 3245 252 3325 ipsum
266 3246 328 3322 jam
351 3242 533 3304 attendamus
556 3243 760 3318 Theaetetum,
781 3265 870 3322 quum
888 3244 914 3302 is
934 3264 999 3302 cum
1017 3243 1131 3304 Socrate
1158 3245 1328 3326 colloquens
1352 3245 1381 3303 ad

159 3342 212 3402 boc
233 3357 431 3423 argumentum
454 3341 573 3402 accedit.
615 3343 651 3400 In
676 3343 738 3423 ipso
758 3342 861 3402 horum
881 3342 1024 3422 colloquio
1049 3357 1106 3404 tota
1132 3344 1217 3403 uobis
1240 3345 1381 3427 apparebit

158 3438 369 3500 adolescentuli
388 3439 512 3500 indoles.

199 3539 330 3599 Vixdum
351 3539 420 3599 haec
441 3538 478 3599 de
493 3540 648 3600 Theaeteto
666 3539 775 3600 Socrati
789 3541 980 3600 nunciaverat
993 3541 1173 3618 Theodorus,
1188 3565 1297 3622 quum,
1311 3546 1379 3601 ecce!

158 3639 220 3720 ipse
238 3639 312 3698 forte
331 3637 497 3698 adolescens
516 3657 581 3697 cum
596 3639 661 3698 aliis
679 3637 800 3699 accedit.
830 3639 901 3698 Nam
921 3637 1013 3699 stadio
1030 3643 1178 3717 exierant,
1200 3657 1231 3702 ut
1250 3661 1380 3723 ungeret·

160 3751 209 3795 tur
219 3759 227 3812 3
247 3758 326 3796 nunc
349 3737 430 3796 uncti
448 3737 555 3796 adsunt
572 3738 722 3818 paratique
739 3737 777 3797 ad
796 3752 959 3814 certamen3
980 3737 1032 3798 ille
1050 3755 1144 3800 autem
1169 3741 1298 3803 medium
1315 3742 1381 3800 inter

195 3961 220 4028 1)
240 3963 283 4014 Sic
297 3963 382 4014 locum
394 3965 591 4030 interpretando
608 3963 669 4016 mihi
684 3967 755 4017 visus
774 3951 829 4016 sum
844 3967 984 4034 expedire:
1004 3985 1078 4036 quem
1095 3972 1168 4021 varia
1188 3971 1290 4024 rationo
1306 3978 1379 4023 teota-

159 4065 218 4110 runt
237 4058 401 4125 interpretes.
438 4055 537 4111 Graeca
558 4061 596 4111 sic
617 4076 646 4112 se
669 4061 778 4112 babeat:
802 4044 840 4112 td
871 4045 928 4134 yda
956 4047 1128 4176 εὐμαθῆ
1115 4078 1204 4130 οντα,
1238 4050 1281 4131 ὥς
1311 4050 1378 4137 ἄλλιιιΙ

159 4136 310 4222 χαλιιιον,
338 4144 434 4230 πρᾷον
466 4171 504 4208 av
494 4140 603 4208 alant
629 4144 849 4231 διαφερόντως,
876 4153 925 4216 καὶ
950 4151 999 4216 ἐπὶ
1023 4151 1137 4232 τούτοις
1161 4153 1295 4242 ἄνὸριιον
1320 4164 1379 4236 παρ’

160 4237 309 4323 ὁντινοῦν,
345 4242 405 4328 e‘yei
442 4245 499 4328 μὲν
534 4240 597 4312 caia
633 4246 669 4314 tir
699 4246 804 4338 ᾠόμην
834 4252 971 4337 γινέσθαι
1003 4253 1071 4321 οὔτι
1103 4255 1168 4343 opai
1195 4257 1376 4343 γιγνομένους

160 4349 207 4399 Est
228 4349 450 4419 breviloquentia,
476 4370 559 4420 quae,
587 4364 615 4406 ut
636 4357 660 4408 in
682 4357 800 4411 familiari
820 4376 954 4426 sermone,
974 4365 1009 4414 ita
1028 4364 1097 4432 apud
1112 4365 1246 4419 Platonem
1266 4369 1376 4436 frequens

160 4443 263 4486 estnec
279 4436 408 4504 displicet.

193 4517 219 4582 2)
239 4523 337 4574 Placeat.
365 4521 414 4574 ill
429 4523 460 4575 Α.
479 4524 507 4575 Β.
