2908 5114
683 275 741 334 339

94 442 148 514 put·
166 439 316 516 cognoscit
333 437 527 516 cognoscendi
536 439 727 513 facultatem
743 437 886 514 praebet,
907 439 1001 495 boni
1027 457 1088 495 ssss
1113 437 1250 497 idsom
1278 439 1328 499 di·

91 541 169 607 cc'to,
190 539 299 611 quippo
318 553 395 610 quoe
411 536 570 594 intellectu
590 542 799 616 cognoscitur,
829 555 938 593 cousso
957 542 1059 592 cutem
1089 540 1157 610 ipso
1184 543 1328 596 scientias

91 640 121 689 st
135 637 279 690 cecitatis
295 639 348 689 est.
409 621 456 690 Sic
474 648 569 693 nutem
589 654 655 693 cum
674 632 776 713 pulcre
794 631 864 692 haee
882 631 967 692 ambo
983 632 1060 708 sint,
1092 633 1220 712 cognitio
1237 648 1265 694 et
1283 655 1350 696 ve·¹
1411 672 1416 684 ·

91 730 176 804 ritas,
206 726 291 786 aliud
310 727 342 787 id
371 749 431 790 esse
461 745 489 790 et
519 730 651 812 pulcrius
679 731 766 790 ctiam
786 731 973 805 existimans,
1003 743 1080 788 recte
1109 730 1330 792 existimaveris.

90 826 249 886 scientiam
267 839 363 885 autem
382 842 410 886 et
430 829 598 904 veritatem,
619 840 651 886 ut
667 826 731 887 illic
749 830 844 889 visum
862 842 891 889 et
914 827 1009 887 lucem
1048 819 1183 909 ἡλιοειδῆ
1210 849 1314 890 vocare
1324 876 1333 907 ,

89 938 187 1000 recte,
206 915 291 1003 ἥλιον
313 945 381 987 vero
402 923 525 1002 vocare,
547 946 607 985 non
628 938 704 984 recte
731 945 760 984 se
789 925 934 1002 habehat,
965 927 1006 986 ita
1034 927 1084 988 hic
1115 928 1331 1012 ambohoecce

89 1018 259 1107 ἀγαθοειδῆ
285 1024 433 1108 appellare
462 1037 592 1106 oportet,
621 1016 741 1103 clynildo
760 1045 830 1085 vero
861 1023 1010 1104 appellare
1039 1035 1175 1085 nentrum
1202 1039 1332 1107 oportet,

89 1123 142 1182 sed
160 1127 267 1202 majore
286 1125 373 1181 etiam
390 1122 500 1180 honore
520 1123 666 1184 celebrare
684 1123 756 1183 boni
781 1123 840 1182 vim
874 1121 967 1181 decet.
986 1157 1022 1167 -
1060 1124 1230 1184 Immensum
1269 1124 1334 1205 pul·

89 1221 267 1282 critudinem
277 1240 386 1294 narras,
397 1220 421 1278 si
435 1219 586 1280 scientiam
597 1234 626 1280 et
644 1221 794 1282 veritatem
804 1216 924 1300 praebet
933 1262 942 1293 ,
963 1219 1058 1300 ipsum
1088 1242 1158 1282 vcro
1174 1221 1253 1281 hisce
1272 1221 1337 1302 pul·

89 1318 238 1380 critudine
266 1331 399 1400 praestat.
440 1317 507 1376 Non
540 1319 670 1399 profecto
702 1331 734 1376 tu
757 1316 836 1376 illud
858 1317 1042 1393 voluptatem
1062 1317 1182 1378 dixeris.
1198 1317 1333 1380 -·Bona

89 1418 197 1492 verba,
219 1437 350 1496 quaeso.»
376 1411 405 1494 l)

140 1513 285 1574 Sublimis
304 1513 375 1573 haec
394 1533 463 1572 sane
479 1527 566 1587 sunt,
599 1526 631 1573 ut
647 1533 730 1592 aegre
748 1511 893 1572 Socratem
916 1527 1082 1592 assequatur
1117 1512 1237 1573 Glauco.
1278 1511 1334 1571 llle

89 1633 160 1672 vcro
178 1612 265 1672 altius
285 1613 371 1671 etiam
390 1611 530 1671 escendit.
587 1631 602 1664 ιι
614 1609 661 1669 Sic
680 1624 775 1670 autem
793 1611 908 1692 potius,
933 1611 1049 1689 inquit,
1085 1613 1153 1670 loni
1180 1610 1334 1689 imaginem

87 1709 251 1770 considera.
292 1708 387 1769 Solem
406 1707 654 1789 adspectabilibus
689 1707 794 1784 rebus,
814 1708 922 1783 credo,
941 1730 1001 1768 non
1020 1708 1112 1767 solum
1133 1709 1194 1769 vim
1213 1722 1245 1769 ut
1275 1727 1336 1768 cer·

91 1821 203 1867 nantur
220 1807 357 1888 praebere
375 1806 508 1881 dixeris,
528 1806 580 1866 sed
599 1806 811 1884 generationem
833 1807 920 1866 etiam
941 1819 970 1865 et
988 1806 1168 1867 incrementa
1188 1818 1217 1864 et
1234 1807 1333 1866 nutri-

88 1907 216 1981 tionem,
238 1925 327 1984 quum
343 1916 439 1964 tamen
467 1905 529 1985 ipse
549 1925 609 1964 non
629 1903 666 1962 sit
683 1905 840 1981 generatio.
857 1940 893 1951 -
913 1904 978 1978 Quo
992 1905 1088 1982 ‚enim
1114 1919 1198 1985 pacto
1229 1906 1334 1966 sitl-

89 2001 137 2062 Sic
155 2001 360 2083 intelligibiles
381 2023 426 2061 res
445 2001 536 2062 dicito
556 2022 616 2061 non
637 1999 730 2059 solum
749 2001 803 2062 hoc
822 2024 838 2060 a
857 2004 926 2060 bono
965 2000 1129 2082 percipere,
1171 2016 1203 2062 ut
1220 2003 1337 2064 intelli-

89 2112 214 2180 gantur,
234 2099 410 2174 sedetiam,
435 2113 466 2158 ut
484 2106 569 2159 sint:
601 2092 703 2158 οὐσίαν
722 2103 759 2160 iis
780 2099 850 2160 inde
880 2099 1036 2160 accedere:
1071 2118 1244 2180 quamquam
1272 2103 1332 2161 non

89 2192 177 2258 otiolo
204 2213 247 2258 est
270 2200 378 2257 tonum
388 2242 397 2272 ,
419 2198 470 2257 sed
490 2198 545 2257 hoc
565 2198 613 2258 illi
632 2199 663 2258 vi
682 2213 711 2258 et
731 2197 885 2272 nobilitate
904 2196 990 2276 longe
1008 2196 1151 2276 longeque
1168 2197 1331 2278 praecellit.

90 2301 146 2360 Hic
168 2299 299 2372 Glauco,
326 2295 484 2355 ridiculum
511 2296 544 2356 in
573 2297 692 2357 modum
726 2295 910 2370 exclamans,
939 2285 1111 2368 Ἄπολλον,
1131 2296 1244 2375 inquit,
1265 2295 1332 2357 dor-

89 2395 195 2477 pcoolor
215 2388 397 2476 ὑπερβολῆςι
422 2396 476 2455 Cui
493 2395 641 2469 Socrates,
663 2408 696 2454 tu
717 2415 785 2456 vero
795 2438 805 2468 ,
825 2394 942 2474 inquit,
976 2394 1117 2476 inculpa
1149 2417 1179 2455 es
1189 2440 1198 2470 ‚
1218 2398 1269 2478 qui
1288 2417 1333 2458 me

30 2547 34 2556 .
88 2500 229 2581 coegeris,
249 2516 322 2576 quae
342 2493 520 2556 videbantur
538 2490 630 2568 mihi,
665 2492 788 2551 dicere.»
813 2489 845 2570 2)

140 2598 186 2656 Ita
205 2594 262 2654 illi.
304 2591 394 2653 Nobis
410 2604 524 2664 autem,
546 2603 578 2650 ut
594 2590 684 2665 haec,
712 2588 845 2668 quamvis
862 2586 975 2648 excelsa
996 2602 1024 2648 et
1050 2589 1207 2666 sublimia,
1236 2594 1330 2670 quali·

91 2715 208 2775 cunque
227 2692 340 2752 ratione
361 2709 564 2768 assequamur,
585 2688 663 2747 idem
681 2687 718 2746 dc
740 2688 810 2744 bono
830 2685 1044 2764 exquirendum
1062 2686 1230 2768 singulatim
1249 2689 1331 2751 vide·

90 2806 156 2870 tur,
187 2791 266 2873 quod
295 2788 333 2848 de
372 2788 447 2849 ideis
475 2787 610 2845 universe
634 2785 848 2863 quaesivimus,
868 2803 926 2863 quo
953 2785 1078 2844 maxime
1108 2785 1163 2845 hoc
1188 2787 1329 2867 placitum

90 2891 220 2952 Platonis
239 2888 393 2970 pertineat.
435 2883 566 2963 Intelligi
584 2883 616 2942 id
635 2880 845 2962 quodammodo
863 2901 900 2940 ex
921 2882 1042 2942 historia
1058 2883 1260 2964 philosophiae
1274 2906 1329 2966 po-

90 2991 166 3050 terit.
209 2987 281 3047 Nam
300 2983 443 3066 persecuti
470 2982 576 3063 posteri
608 2979 767 3055 videntur,
787 2979 866 3059 quod
891 2981 1017 3060 primum
1043 2981 1076 3039 in
1110 2980 1157 3039 his
1184 3003 1330 3062 aggressus

90 3087 171 3148 Plato
190 3099 250 3160 est,
270 3104 360 3162 quum
377 3081 414 3141 de
423 3082 544 3159 finibus
568 3081 710 3137 bonorum
739 3087 768 3136 ct
791 3079 943 3137 malornm
970 3078 1033 3140 sive
1052 3077 1090 3138 de
1119 3101 1233 3138 summo
1259 3083 1329 3140 bono

95 3183 294 3265 inquirebant.
334 3178 393 3239 sed
408 3199 468 3238 rem
486 3200 501 3236 a
520 3177 689 3258 principio,
709 3175 747 3234 ab
766 3177 831 3256 ipso
852 3175 967 3236 Socrate
986 3189 1157 3258 repetamus.

136 3285 202 3344 Duo
211 3281 282 3341 hoec
290 3280 420 3351 luerunt,
430 3297 503 3356 quae
512 3275 744 3353 frequentissime
754 3293 858 3354 parens
867 3274 1068 3355 philosophiae
1078 3275 1110 3334 in
1121 3273 1330 3356 philosophan-

97 3379 133 3439 do
143 3389 312 3459 usurparet,
333 3368 376 3436 co*
398 3368 512 3436 καλόν
531 3396 568 3434 τι
589 3370 650 3434 not
670 3362 825 3452 ἀγαθον,
844 3374 987 3451 prelorum
1003 3386 1032 3431 ct
1046 3374 1209 3448 bonum,in
1228 3375 1329 3455 primis

93 3497 160 3538 vero
182 3480 297 3538 bonum.
319 3479 443 3559 Operam
454 3477 523 3537 dare
534 3475 771 3556 discipulossuos
782 3474 867 3532 etiam
887 3483 972 3550 atque
983 3471 1067 3530 etiam
1083 3470 1216 3549 jubebat,
1240 3483 1270 3531 ut
1291 3472 1328 3533 de

94 3575 179 3636 rebus
196 3576 307 3657 pulcris
327 3567 355 3636 et
375 3575 532 3656 turpibus,
561 3574 685 3632 maxime
712 3572 750 3632 de
777 3571 865 3632 bonis
891 3581 920 3628 et
948 3569 1033 3628 malis
1060 3581 1247 3648 quaererent:
1277 3571 1327 3647 qui

94 3777 251 3864 ἀληθείας,
276 3777 318 3858 οἷς
338 3778 572 3865 γιγνωσκομένης
589 3777 646 3862 μὲν
668 3777 796 3841 διανοοῦ.
825 3783 891 3850 Cui,
916 3793 1008 3853 utpote
1031 3784 1169 3836 manifeste
1189 3794 1329 3853 corrupto,

95 3886 221 3938 medelam
235 3869 396 3940 idhibiturus
416 3887 578 3955 Stephanus,
595 3874 652 3957 μὲν
669 3888 830 3951 tollendum,
854 3887 943 3939 Aetius
959 3893 1044 3937 cutem
1063 3889 1261 3958 expungendam
1285 3897 1330 3940 to-

95 3993 144 4038 tam
163 3989 318 4040 sententiam
343 3972 479 4036 αἰτίαν-
491 3973 612 4035 διανοοῦ
633 3985 741 4035 censuit.
777 3981 899 4036 Neutrum
924 3981 1027 4049 placet:
1060 3995 1118 4032 nam
1134 3965 1331 4054 ἀντίστροφος

96 4077 222 4128 renuntio
240 4077 273 4128 iis
291 4082 348 4137 est,
366 4089 433 4141 quae
448 4072 481 4123 de
501 4072 564 4124 sole
579 4087 607 4122 oo
626 4072 685 4122 visu
711 4071 842 4140 rebusque
862 4069 1045 4140 spectabilibus
1067 4069 1156 4138 pesullo
1176 4078 1237 4121 ante
1260 4068 1330 4120 diota

97 4177 169 4219 sunt:
188 4152 236 4238 ἆρ’
251 4151 304 4220 οὖν
319 4152 355 4219 ori
373 4154 423 4218 καὶ
440 4149 459 4216 ti
476 4148 559 4237 ἥλιος
572 4150 644 4232 ὄψις
661 4153 718 4235 μὲν
731 4152 783 4218 οὐκ
794 4153 886 4231 ἔστιν,
901 4151 994 4229 αἴτιος
1011 4150 1039 4215 d⁰
1049 4149 1093 4217 olo
1107 4150 1212 4237 αὐτῆς,
1225 4147 1331 4235 ὁρᾶται

96 4252 143 4318 rin'
165 4255 258 4342 αὐτῆς
276 4254 401 4342 ταύτης
420 4269 639 4335 transpositione
655 4270 717 4321 mihi
728 4269 823 4321 videor
838 4269 920 4321 locum
936 4270 1079 4336 integritati
1098 4270 1252 4320 restituisse.

131 4359 648 4440 ummmmu-mu

130 4445 453 4515 nmpmeo

1094 4529 1150 4587 22*
