2898 5120
660 219 717 278 513

83 385 261 466 sicquidem
282 381 360 440 hunc
390 381 564 465 ingreditur
578 404 643 442 cum
662 384 891 448 adolescentibus
908 406 1065 448 sermonem
1084 385 1230 465 Socrates,
1249 391 1300 469 qui

85 483 124 544 ad
144 480 329 563 tyrannidem
344 478 445 570 ducit,
460 480 586 542 civitatis
605 483 801 544 conditionem
822 485 980 564 pessimam.
1021 484 1099 544 Hine
1116 500 1210 546 autem
1228 508 1301 548 com·

83 601 185 690 parare
199 580 305 658 justam
323 551 470 638 civititem
488 598 553 637 cum
573 579 775 658 injustissima,
791 583 901 662 justum
918 569 1064 641 hominem
1083 603 1148 643 cum
1173 584 1300 664 injustis·

83 678 173 752 simo,
200 676 325 756 indeque
351 673 388 736 de
417 676 583 756 utriusque,
605 690 633 737 et
650 678 775 790 civitatis
792 693 820 738 et
838 679 982 756 hominis,
1002 680 1061 742 rita
1081 693 1160 741 recte
1171 681 1304 762 judicare
1379 717 1383 723 ·

86 722 198 836 licebit.
766 797 770 806 ·

168 971 382 1054 Erigitur
422 973 470 1030 ad
499 976 1222 1051 optimaspeioitetieselieitatem

205 1090 347 1128 aarum
380 1071 581 1142 cottclt'tt'o¹
609 1079 860 1148 civi-totum,
892 1094 993 1150 quos
1018 1093 1189 1149 eorrup—

591 1179 797 1230 tasson&

128 1367 252 1423 Acturos
277 1363 415 1445 deinceps
443 1364 524 1425 Plato
554 1365 590 1426 de
613 1367 737 1448 optimae
761 1365 888 1428 civitatis
915 1366 948 1424 in
967 1367 1092 1446 pejorem
1109 1363 1305 1426 conditionem
1391 1347 1396 1360 ⁸

86 1462 329 1537 commutatione,
358 1460 396 1521 ad
418 1451 657 1544 Pythagoreorum
682 1464 852 1544 exemplum
863 1483 922 1522 rem
941 1484 958 1521 a
978 1462 1307 1528 coelirerourersionibus
1399 1527 1400 1534 χ

86 1580 120 1618 ac
146 1580 328 1620 numerorum
355 1562 465 1620 naturis
491 1561 583 1622 ducit.
623 1562 680 1637 Qui
708 1562 789 1622 locus
811 1562 843 1620 in
870 1562 931 1640 ejus
957 1560 1069 1641 scriptis
1096 1579 1193 1620 omues
1215 1561 1307 1621 omnis
1378 1551 1401 1618 ,’

85 1657 150 1718 aevi
169 1658 338 1738 interpretes
354 1659 474 1740 pessime
492 1659 613 1735 hahuit,
633 1660 758 1721 necdum
777 1659 844 1720 satis
858 1657 1013 1740 explicitus
1031 1656 1157 1740 ridetur.
1198 1658 1305 1734 Nobis,
1377 1641 1391 1728 ἐκ

85 1777 153 1814 cum
179 1756 268 1837 ipsam
294 1757 431 1824 maxime
446 1757 628 1838 interpretari
643 1757 782 1847 =Platonis
802 1755 1014 1838 philosophiam
1031 1753 1210 1842 studeamus,
1230 1755 1307 1818 illud
1359 1811 1364 1832 ,

86 1855 265 1934 potissimum
294 1852 583 1915 animadvertendum
611 1868 671 1931 est,
700 1856 791 1935 repeti
821 1853 858 1914 ab
885 1875 919 1914 eo
945 1853 1196 1940 commutgtionem
1226 1852 1307 1913 illam

86 1952 218 2032 proxime
238 1972 303 2010 cum
323 1973 339 2011 a
359 1953 483 2012 musicae
511 1966 596 2031 atque
622 1952 814 2015 iustitutionis
833 1950 954 2034 puerilis
973 1951 1133 2046 neglectu,
1144 1965 1205 2012 tum
1223 1953 1309 2020 etiam

85 2049 179 2125 inde,
206 2049 283 2130 quod
310 2070 412 2131 genera
440 2049 611 2127 homiuum,
639 2071 711 2130 quae
736 2053 768 2111 in
794 2051 922 2132 perfecta
947 2049 1096 2130 republica
1123 2063 1199 2109 recte
1227 2063 1309 2114 erant

28 2149 31 2160 ’
85 2143 244 2223 distincta,
273 2147 501 2210 commiscentur.
543 2148 640 2209 Musas
667 2150 756 2231 igitur
779 2149 849 2209 haec
878 2149 1017 2208 continuo
1033 2146 1162 2206 dicentes
1179 2143 1309 2207 inducit:

89 2266 167 2305 «nos
193 2246 296 2305 iccirco
317 2246 462 2331 negligere
490 2247 621 2309 custodes
640 2249 804 2330 incipient,
827 2247 969 2312 musicam
985 2258 1064 2322 uon,
1086 2258 1116 2304 ut
1135 2243 1311 2320 decet„ne-

85 2365 143 2423 que
161 2339 366 2425 gymnasticam
385 2359 519 2405 curantes
529 2368 546 2415 z,
560 2345 638 2406 unde
654 2339 852 2428 ἀμουσότεροι
871 2345 943 2405 srent
957 2347 1082 2425 juvenes
1100 2343 1200 2424 nostri.
1237 2342 1311 2402 lnde

86 2464 183 2508 autem
203 2450 348 2530 principes
376 2449 589 2510 constituentur
617 2449 858 2530 negligentiores,
876 2469 961 2528 quam
980 2445 1082 2522 decet,
1101 2443 1139 2506 ad
1158 2458 1233 2507 recte
1254 2445 1310 2507 dis·

87 2547 286 2622 cernendum,
316 2545 422 2626 quibus
449 2547 586 2628 gerundis
614 2547 699 2606 rebus
724 2547 831 2627 singuli
856 2528 934 2606 cives
953 2545 1055 2605 nature
1075 2545 1134 2604 sint
1154 2545 1232 2626 apti:
1253 2566 1310 2625 quo

86 2645 218 2726 neglecto
228 2690 237 2720 ,
257 2646 353 2705 omnia
371 2645 403 2706 in
422 2645 540 2706 civitate
559 2644 766 2727 perturbentur
783 2663 896 2703 necesse
915 2655 966 2703 est.
977 2667 992 2700 ιι
1008 2641 1037 2722 1)
1053 2658 1055 2675 ¹

282 2839 619 2916 Deti'mocrctio
647 2845 803 2898 stairo
831 2844 1115 2897 timocratico.

128 3039 347 3112 Aristocratiae,
378 3057 462 3117 quam
492 3036 628 3118 optimam
653 3033 734 3094 dixit
760 3033 842 3093 Plato
869 3033 1032 3108 civitatem,
1052 3033 1181 3113 proxime
1201 3031 1311 3092 accedit

77 3141 124 3214 ,dc
156 3139 217 3217 ejus
243 3137 385 3195 sententia
414 3135 590 3194 timocratia:
618 3134 765 3212 utriusque
794 3144 888 3190 autem
916 3129 1071 3190 discrimen
1101 3144 1132 3189 ut
1151 3143 1226 3210 recte
1242 3149 1310 3210 per-

88 3237 245 3319 spiciatur,
275 3232 311 3291 de
329 3233 454 3314 perlecta
475 3233 528 3314 illa
547 3231 697 3313 republica
717 3231 772 3290 hoc
793 3229 861 3288 item
880 3225 1038 3288 tenendum
1058 3227 1141 3288 uobis
1159 3241 1210 3287 est.
1251 3228 1309 3302 Qui

88 3333 255 3395 defendunt
279 3351 339 3389 eam
362 3345 390 3390 et
419 3346 542 3411 regunt,
562 3329 693 3408 custodes
716 3349 748 3387 ac
769 3329 967 3408 magistratus,
987 3326 1039 3386 hos
1056 3325 1151 3386 noluit
1174 3327 1251 3406 ipsos
1269 3327 1310 3386 rei

88 3431 229 3492 familiari
254 3428 420 3504 consulere;
443 3441 567 3488 caeteros
590 3428 677 3506 jussit
703 3427 781 3488 cives
810 3427 902 3487 victui
926 3446 1022 3484 corum
1050 3425 1228 3505 prospicere:
1250 3438 1311 3483 tum

88 3553 159 3592 vero
188 3528 331 3589 universis
359 3526 454 3587 voluit
481 3547 546 3584 cum
565 3546 651 3606 opes,
672 3537 733 3582 tum
753 3542 855 3584 uxores
873 3525 966 3582 etiam
977 3536 1005 3580 et
1023 3521 1128 3581 liberos
1148 3541 1310 3580 communes

87 3649 159 3693 esse.
200 3608 237 3685 ln
260 3624 366 3704 quibus
394 3623 509 3704 placitis
533 3623 642 3698 multa,
653 3623 771 3694 fatcor,
801 3634 958 3680 occurrunt
983 3619 1107 3680 absurda
1136 3632 1310 3697 naturaeque

88 3728 234 3787 human‘ae
258 3723 466 3805 repugnantia,
487 3735 636 3803 propterea
663 3719 797 3799 quidem,
818 3717 896 3796 quod
915 3718 953 3777 ad
972 3718 1090 3775 civilem
1108 3735 1140 3773 ee
1160 3715 1310 3775 hominum

89 3838 198 3885 statum
216 3820 456 3896 accommodavit3
479 3819 530 3879 sed
544 3819 602 3879 'hoc
619 3818 670 3877 ille
680 3815 862 3898 'spectabat
854 3837 886 3875 ιιι
912 3816 1032 3898 primis,
1053 3827 1085 3872 ut
1103 3813 1143 3872 ita
1163 3833 1220 3872 una
1240 3826 1311 3873 esset

91 3923 197 3985 civitas
216 3941 269 3980 nec
288 3919 410 3982 diversis
429 3917 608 4029 singulorum
627 3915 757 3976 studiis
749 3937 782 3973 ιιι
799 3927 893 3995 partes
914 3912 1143 3988 distraheretur
1164 3925 1227 3970 tum
1243 3930 1311 3974 vero

91 4025 133 4082 sic
163 4019 297 4101 sperabat
322 4018 399 4094 lore,
421 4031 453 4076 ut
479 4018 557 4077 cives
580 4035 608 4074 sc
628 4013 754 4075 invicem
772 4009 908 4092 tanq'uam
924 4012 1026 4071 fratres
1044 3955 1217 4100 diligeleut,
1239 4022 1308 4068 natu

92 4120 214 4198 majores
242 4122 394 4196 tanquam
411 4126 554 4196 parentas
582 4123 779 4173 revererentur
810 4124 838 4169 et
867 4130 967 4190 pueros
995 4121 1028 4167 ut
1048 4109 1170 4186 filios
1162 4108 1217 4187 rpsi
1245 4125 1308 4164 suos

131 4417 155 4482 n
174 4416 211 4467 ne
230 4417 291 4484 nep.
305 4415 366 4467 rur.
377 4413 434 4466 sio.
452 4411 482 4464 u.
497 4437 531 4447 -
545 4409 603 4461 ιιι.
619 4408 650 4459 ι.
