2872 5122
629 239 684 339 rit

60 463 135 506 -verac
150 442 366 524 philosophiae,
386 461 459 523 qnae
477 456 534 502 tam
554 441 736 523 disceptandi
754 439 924 522 diligentia,
945 463 1030 523 quam
1058 443 1268 527 popularitate,

60 539 181 600 omnibus
199 555 270 600 esset
299 541 469 600 mortalibus
497 540 647 615 salutaris,
668 541 743 600 hane
764 541 859 616 mam,
878 543 911 601 in
939 555 1071 604 neutram
1089 541 1270 604 discedentes

59 655 174 720 partem
191 653 356 700 constanter
375 659 587 723 persequamur.
607 637 744 700 Prodesse
762 653 856 699 autem
874 640 943 700 huic
964 639 1060 700 studio
1070 683 1079 714 ,
1100 659 1168 699 sanc
1184 659 1269 720 quam

57 738 260 818 generosissimo
270 781 279 813 ,
300 738 377 798 nihil
395 739 501 819 poterit
518 738 626 818 magis,
640 757 733 815 quam
752 739 776 797 si
795 737 939 798 Socratem
957 753 985 798 et
1005 729 1270 820 Platonem,ipsius

14 893 15 902 ,
58 836 247 918 philosophiae
266 837 299 895 in
319 837 469 896 hominum
495 856 596 916 genere
623 849 781 916 parentes,
802 837 882 914 se'qui
910 855 1055 896 conmnur.
1081 835 1183 910 ·Quod
1197 857 1270 896 ⁴non

58 955 85 993 eo
101 935 194 1009 valet,
216 949 266 1010 nt,
286 954 440 1018 puerorum
456 934 566 1009 instar,
587 933 667 993 haud
686 932 844 1013 quidquam
862 933 1014 1014 probemus
1024 978 1033 1009 ,
1053 933 1111 993 nisi
1126 934 1206 1014 quod
1223 935 1271 996 illi

56 1033 205 1106 dixerunt,
223 1047 293 1108 aut,
313 1054 385 1111 quae
405 1033 562 1106 dixerunt,
585 1032 670 1090 unice
693 1051 761 1093 vera
785 1045 926 1112 putemus.
968 1033 1073 1092 Misera
1101 1025 1173 1092 esset
1201 1055 1272 1115 pro*
1326 1046 1332 1057 ‘

55 1131 121 1190 lecto
138 1131 269 1212 gentium
289 1131 525 1190 Germanicarum
543 1129 686 1204 conditio,
708 1131 810 1210 sipost
826 1143 869 1191 tot
885 1141 1036 1210 tantosque
1055 1129 1277 1212 exantlasset

56 1249 147 1288 rernm
168 1229 383 1293 inveniendum
402 1227 513 1288 labores
523 1273 532 1305 ,
552 1241 695 1288 constaret
714 1229 849 1302 tandem,
870 1229 974 1288 frustra
994 1230 1069 1310 ipsas
1082 1249 1135 1316 per
1152 1241 1194 1289 tot
1214 1249 1271 1289 sae·

54 1327 113 1386 cula
127 1327 288 1402 laborasse,
309 1349 442 1408 vanaque
463 1347 522 1388 esse
540 1341 569 1386 et
587 1325 660 1386 falsa
686 1347 859 1385 summorum
877 1326 1184 1406 celeberrimorumque
1202 1327 1273 1408 phi-

54 1413 232 1506 losepborum
250 1426 367 1507 placita.
408 1425 466 1484 Sed
493 1425 526 1484 id
554 1420 638 1506 nobis
667 1423 810 1504 agendum
826 1426 898 1500 'est,
919 1438 952 1484 ut
974 1423 1119 1492 diseamus
1147 1425 1184 1486 ab
1210 1425 1273 1486 illis
1315 1435 1322 1448 “

54 1523 249 1606 philosophiae
266 1523 444 1598 auctoribus,
459 1523 531 1602 quid
549 1523 587 1582 sit
605 1521 808 1604 philosophia,
829 1543 885 1602 quo
898 1523 1041 1604 pertineat
1056 1523 1198 1600 maxime,
1216 1542 1274 1604 qua

53 1623 86 1680 sit
106 1621 258 1682 tractanda
284 1622 412 1683 ratione:
443 1635 504 1682 tum
531 1641 618 1695 vero,
639 1641 737 1680 eorum
763 1620 853 1680 secuti
872 1621 1053 1702 exemplum,
1073 1634 1102 1680 et
1130 1621 1274 1703 eleganter

53 1719 283 1804 philosophemur
306 1734 333 1780 et
351 1741 420 1782 vero
439 1718 604 1794 subtiliter,
623 1732 789 1799 tantamque
817 1718 982 1781 evidentiae
1006 1732 1034 1778 et
1053 1719 1273 1800 popularitatis,

52 1833 184 1896 quantam
213 1817 361 1878 interioris
387 1815 616 1897 disquisitionis,
637 1818 777 1877 rationem
803 1816 976 1876 habeamus:
999 1835 1152 1880 caveamus
1178 1832 1274 1880 autem

53 1917 230 1997 praesertim,
251 1915 330 1996 quod
353 1915 401 1976 illi
419 1928 559 1976 caverunt
577 1913 818 1995 prudentissime,
840 1933 876 1977 nc
896 1915 1021 1974 hominis
1044 1927 1192 1974 externam
1212 1917 1273 1980 siva

53 2013 196 2094 physicam
212 2014 412 2074 conditionem
431 2011 613 2093 exploremus
631 2013 717 2072 unice
727 2035 736 2089 ;
758 2033 815 2093 quo
841 2011 875 2072 fit
884 2057 893 2087 ,
915 2026 947 2072 ut
975 2012 1121 2072 excellens
1148 2025 1272 2090 natura,

54 2113 133 2172 tantis
161 2114 305 2174 instructa
323 2110 441 2172 dotibus
468 2123 506 2170 et·
524 2109 730 2186 facultatibus,
751 2109 859 2170 bestiae
885 2110 969 2172 nobis
998 2111 1090 2170 instar
1120 2113 1272 2190 rideatur5

54 2211 96 2270 scd
112 2211 262 2272 bominem
276 2208 489 2273 consideremus
507 2223 615 2284 totum,
630 2229 745 2288 quoque
763 2210 800 2268 sit
818 2209 869 2268 sul
887 2211 947 2291 ipse
965 2209 1070 2269 natura
1086 2223 1114 2270 et
1130 2203 1226 2292 pulcri
1245 2227 1273 2274 et

56 2310 145 2371 veriet
156 2311 251 2389 justi,
266 2311 402 2371 imovero
416 2307 638 2380 immortalitatis
653 2326 802 2384 rerumque
816 2307 986 2370 divinarum
1000 2308 1097 2368 studio
1116 2322 1144 2370 et
1162 2310 1272 2373 ardore.
1363 2320 1365 2324 ‘

55 2407 100 2466 llis
124 2411 253 2491 primum
279 2407 421 2488 perceptis
453 2425 604 2485 germanae
631 2405 831 2487 philosophiae
858 2407 1037 2488 principiis,
1054 2392 1151 2488 'mmo
1171 2407 1272 2470 licebit

55 2506 130 2566 nobis
148 2527 186 2566 ex
205 2505 362 2590 praeclaris
380 2503 519 2584 prolicere
541 2505 708 2564 recentioris
735 2505 799 2565 aevi
827 2504 974 2579 inventis,
996 2519 1028 2564 ut
1044 2525 1061 2564 e
1080 2526 1146 2564 suae
1173 2509 1273 2568 aetatis

55 2606 192 2685 priscique
209 2603 320 2664 saeculi
336 2603 466 2663 inventis
485 2602 541 2682 ipsi
560 2602 744 2682 profecerunt
764 2600 891 2662 Socrates
910 2617 939 2663 et
956 2603 1045 2663 Plato.
1077 2605 1139 2662 Hac
1159 2619 1273 2682 autem,

56 2715 79 2761 et
95 2701 147 2762 hac
166 2701 288 2782 quidem
310 2723 369 2760 uua
389 2701 519 2776 ratione,
539 2699 578 2759 ad
596 2719 775 2760 communem
794 2701 905 2780 generis
931 2700 1051 2762 humani
1069 2703 1190 2778 salutem
1207 2704 1271 2786 phi·

57 2798 207 2882 losophiam
228 2798 439 2860 adhibebimus.
481 2799 554 2857 Nam
582 2799 622 2856 ita
646 2797 774 2878 profecto
791 2818 820 2856 se
844 2817 889 2856 res
916 2799 1020 2880 babet:
1042 2798 1125 2861 decet
1145 2802 1273 2878 phileae·

53 2901 151 2975 phiem
169 2921 231 2959 non
247 2906 282 2956 e'n
300 2899 415 2957 achalm
435 2899 557 2972 umbro,
577 2897 675 2954 sedin
690 2897 788 2954 medie
806 2903 926 2954 anseri
943 2898 1097 2956 bantinum
1115 2905 1272 2970 societate;

57 3018 165 3074 rerum,
187 2999 258 3058 huic
278 3017 329 3057 suo
346 2996 460 3056 muneri
478 3009 564 3074 atque
581 2993 676 3054 officio
702 3009 734 3054 ut
752 2994 935 3076 philosophia
952 2997 1126 3071 satisfaciat,
1143 3001 1216 3075 phi
1226 3001 1271 3058 le

57 3099 195 3175 sophos
234 3104 349 3174 oportet
373 3102 435 3153 rc'ts
458 3115 518 3153 esse
545 3101 580 3151 in
608 3093 707 3154 echela
734 3095 891 3168 cruditos,
923 3093 1061 3153 Socratis
1088 3103 1217 3156 memma
1244 3107 1274 3155 et

58 3194 192 3254 Platonis
209 3201 414 3273 institutione.
479 3236 481 3250 .
941 3187 944 3193 ’
1183 3197 1185 3203 “

90 3295 126 3354 Et
144 3293 216 3354 huic
235 3293 353 3371 quidem
372 3291 531 3363 communis
551 3291 680 3350 omnium
697 3291 799 3350 salutis
826 3287 1027 3372 provehendae
1045 3292 1191 3373 proposito
1209 3311 1274 3352 eum

58 3390 103 3450 illa
125 3394 186 3470 jam
209 3389 419 3470 quodammodo
438 3403 504 3470 apta
531 3409 590 3448 csse
618 3397 793 3469 potuerunt,
814 3409 885 3468 quae
914 3410 999 3471 supra
1025 3409 1063 3449 ea
1092 3389 1211 3450 Platone
1238 3389 1274 3451 de

59 3488 137 3550 insito
154 3488 327 3550 mortalibus
345 3487 442 3569 pulcri
458 3487 586 3565 bonique
604 3485 700 3546 studio
723 3487 889 3562 attulimus,
910 3500 972 3546 tum
997 3485 1067 3548 haec
1095 3488 1275 3569 proderunt,

61 3600 87 3646 ut
102 3609 268 3668 speramus,
293 3587 491 3668 potissimum,
509 3606 600 3665 quae,
621 3583 719 3644 eodem
745 3584 819 3643 duce
838 3598 867 3644 et
887 3599 1019 3662 auctore,
1040 3585 1077 3645 de
1097 3589 1159 3650 veri
1180 3585 1275 3647 studio

59 3697 84 3744 et
101 3686 290 3765 inquisitione
310 3706 389 3744 nunc
408 3705 506 3743 sumus
525 3682 709 3764 disputaturi.
751 3683 839 3742 Abest
862 3705 929 3744 sane
947 3672 1070 3754 multum
1080 3721 1101 3760 ,ι
1121 3698 1151 3754 ut
1171 3705 1275 3746 noram

62 3803 123 3857 nos,
140 3806 228 3863 quam
248 3796 370 3858 recent,
390 3780 527 3841 inducere
544 3781 757 3863 philosophiam
783 3782 982 3842 instituamus:
1011 3805 1070 3844 non
1099 3775 1194 3842 sumus
1223 3803 1275 3842 nos

63 3879 218 3963 philosophi
229 3929 238 3958 ,
265 3881 315 3942 sed
338 3903 396 3942 esse
415 3883 547 3962 cupimus
571 3880 770 3963 philosophiae
781 3927 790 3957 ,
811 3897 886 3942 certe
906 3884 1057 3962 antiquae,
1085 3884 1275 3964 interpretes:

63 3980 202 4058 antiquam
221 3995 316 4042 autem
332 3980 443 4040 hancce
455 3981 614 4040 instamnre
629 3979 862 4061 interpretando,
882 4001 1015 4042 revocare
1030 3983 1062 4041 in
1072 3996 1189 4042 naturae
1199 3983 1274 4042 viam

64 4075 258 4160 philosophos,
288 4080 312 4140 si
332 4079 382 4158 qui
399 4077 436 4136 ab
454 4099 485 4137 aa
505 4078 715 4154 discesserunt,
735 4099 888 4158 omnesque
916 4079 1071 4140 incendere
1090 4081 1151 4142 veri
1179 4077 1274 4138 studio

65 4187 90 4232 et
105 4197 214 4254 amore,
233 4177 265 4238 id
284 4199 336 4238 nos
355 4178 388 4236 in
406 4177 534 4238 animum
552 4175 703 4238 induxisse
720 4177 899 4256 maximeque
917 4177 1024 4238 habere
1041 4179 1072 4238 in
1092 4177 1184 4251 votis,
1213 4193 1272 4236 nou

65 4269 221 4338 diffitemur.
705 4289 707 4296 ’

102 4373 163 4434 Non
177 4397 252 4452 pura
269 4373 408 4454 quaedam
422 4396 499 4437 nora
511 4374 710 4454 philosophiae
729 4388 786 4450 est,
800 4395 884 4453 quam
904 4397 982 4435 nuno
1002 4393 1097 4434 sumus
1114 4371 1271 4432 tractaturi.
1309 4399 1310 4404 κ

70 4465 146 4530 llaud
173 4475 258 4554 magis
281 4473 378 4547 Plato,
398 4493 483 4552 quam
503 4471 650 4548 Socrates,
670 4471 708 4532 dc
726 4471 886 4535 dividenda
915 4475 946 4532 in
976 4487 1067 4553 partes
1082 4467 1274 4550 'philosophia
