2838 5120
728 268 788 335 266

135 432 305 508 attulerat,
327 433 389 506 ait,
411 440 535 492 minime
555 435 683 516 vulgare
698 459 796 517 genae
815 434 955 494 dicendi:
976 433 1053 492 duae
1071 435 1192 512 quidem
1209 458 1268 512 roe,
1290 459 1354 515 quae

135 551 219 618 nemo
247 532 350 591 aliua:
376 539 579 608 partitiones,
611 537 773 612 quibusda
797 535 885 592 redae
908 532 1053 591 dicturae
1081 543 1175 607 coeat,
1206 546 1235 594 et
1261 538 1353 594 calloo·
1418 568 1419 581 τ

135 636 238 690 tianae.
263 627 292 709 1)
332 628 407 689 Sunt
433 630 544 690 seilicet
564 641 752 708 partitiones
780 632 849 692 illae
874 645 902 692 et
920 632 1107 692 collectiones
1128 627 1280 714 διαιρέσεις
1298 635 1355 694 Pla-

101 745 103 750 ·
134 729 247 790 tonicae
274 743 302 788 et
323 727 506 809 συναγωγαὶ,
528 752 598 811 quas
621 746 686 812 post
705 731 853 794 Platonem
881 730 1010 790 rhetores
1038 743 1066 788 et
1093 731 1242 796 dialectici
1260 733 1297 794 ad
1315 755 1354 790 ar-

134 828 322 906 gumentandi
350 845 439 890 artem
464 831 637 890 retulerunt.
686 830 786 890 Dictae
813 831 882 890 item
914 827 1081 908 συναγωγαὶ
1108 832 1175 892 aliis
1202 831 1355 892 nominibus

134 939 220 999 sunt,
251 940 284 986 ut
311 931 541 1006 complosionis,
572 929 790 991 conductiones.
811 929 842 1010 2)
883 931 970 992 Recte
999 945 1095 990 autem
1119 930 1157 990 ad
1177 931 1302 992 Platonis
1318 931 1354 988 sci

74 1085 83 1102 ,
133 1023 299 1104 exemplum
323 1027 422 1094 Cicero
446 1028 691 1105 pbilosophorum
716 1027 792 1088 banc
821 1049 880 1088 esse
904 1030 1099 1108 disciplinam
1124 1030 1175 1089 ait.
1218 1029 1279 1088 Nec
1299 1050 1355 1087 aero

132 1131 199 1180 sina
228 1125 468 1202 pbilosophorum
501 1128 684 1204 disciplina,
715 1149 813 1208 genius
843 1138 873 1186 et
901 1135 1027 1204 speciem
1054 1135 1202 1208 cujusque
1231 1137 1278 1188 rei
1303 1148 1354 1186 cer·

39 1275 42 1284 .
133 1243 206 1280 nere
239 1245 332 1303 nequo
365 1247 432 1284 eam
463 1228 629 1302 definiendo
658 1228 829 1305 explicaro,
859 1249 912 1286 nec
941 1228 1078 1286 tribuere
1106 1235 1140 1284 in
1164 1239 1274 1306 partae
1297 1249 1352 1305 por-

133 1343 256 1397 eamus,
293 1331 346 1382 nai
366 1326 533 1402 judicare,
564 1345 640 1403 qnae
667 1346 758 1401 aera,
789 1347 865 1404 quae
886 1327 978 1402 Jalaa
1006 1335 1089 1400 rint,
1119 1347 1213 1404 neque
1244 1346 1349 1384 carane

131 1431 360 1501 consequentia,
386 1431 593 1504 repugnantia
622 1425 743 1500 nidere,
762 1427 907 1505 ambigua
930 1425 1130 1506 distinguere.
1152 1422 1185 1504 3)
1225 1423 1285 1485 Sed
1302 1444 1345 1506 per·

132 1519 229 1579 tinent
261 1521 332 1580 baec
367 1523 464 1580 omnia
499 1522 537 1582 ad
564 1543 628 1598 res,
657 1521 694 1582 de
721 1522 828 1601 quibus
855 1523 969 1602 agitur,
998 1524 1223 1598 illustrandae,
1252 1541 1349 1602 quoque

132 1617 228 1696 aptius
261 1619 297 1679 de
331 1621 367 1680 iis
398 1622 460 1681 sivo
487 1620 613 1681 dicendo
639 1621 700 1684 sive
729 1619 883 1681 scribendo
913 1622 1085 1681 seutentiam
1111 1636 1239 1680 nostram
1266 1619 1351 1682 decla-

132 1736 237 1776 remus.
279 1718 388 1777 Verum
415 1719 563 1780 Platonica
595 1718 749 1780 dialectiea
778 1719 811 1778 id
841 1719 929 1778 babet
959 1719 991 1777 in
1019 1721 1141 1800 primis,
1171 1721 1249 1799 quod
1278 1716 1351 1779 verbo

128 1813 190 1891 jam
209 1814 372 1894 significavi
390 1818 422 1876 in
442 1817 658 1899 superioribus,
669 1832 700 1877 nt
719 1817 914 1878 discernendo
931 1817 1086 1898 investiget
1103 1831 1130 1878 et
1143 1821 1225 1898 quasi
1240 1825 1349 1876 venetur

132 1913 291 1974 veritatem.
313 1913 345 1994 4)
380 1916 442 1977 Hoc
471 1937 539 1977 vero
557 1938 617 1977 non
640 1919 709 1977 satis
728 1916 814 1977 video
834 1916 1003 1978 dialecticos
1023 1917 1198 1976 recentiores
1216 1929 1346 1996 spectare:

46 2080 49 2085 ,
132 2025 182 2070 aut
192 2057 201 2086 ,
222 2013 246 2073 si
265 2013 313 2074 vel
332 2016 455 2074 maxime
474 2027 623 2095 spectant,
644 2014 848 2082 latere.tamen
867 2037 914 2076 eos
932 2015 1077 2096 suspicor,
1095 2013 1174 2094 quod
1195 2013 1262 2082 datii
1279 2009 1346 2092 operi

132 2111 275 2192 explicuit
293 2113 393 2188 Plato,
414 2127 501 2173 totam
517 2113 592 2172 hanc
612 2113 797 2195 disciplinam
821 2112 860 2172 ad
883 2114 1144 2172 inveniendam
1165 2111 1261 2173 valere
1277 2109 1345 2192 potis·

131 2210 244 2270 simum.
296 2212 377 2272 Patet
394 2212 449 2273 boc
474 2212 580 2286 facile,
612 2226 645 2272 ut
670 2212 776 2294 partim
792 2213 853 2290 jam
879 2211 1138 2272 animadvertimus
1156 2231 1223 2270 cum
1242 2231 1278 2268 ex
1297 2206 1344 2268 aliis

131 2310 194 2386 ejus
219 2308 342 2389 dialogis
361 2322 423 2368 tum
451 2331 467 2368 e
496 2309 639 2387 Sopbirta
667 2324 696 2370 et
723 2309 854 2370 Politice
863 2332 878 2382 ;
900 2309 951 2370 sed
970 2308 1119 2370 Plnlobae
1146 2309 1308 2370 Platonicus
1322 2300 1344 2363 id

132 2427 186 2464 nos
204 2405 321 2485 plenius
339 2409 426 2466 etiam
446 2406 573 2468 docebit.

172 2505 275 2564 Omnis
291 2505 324 2565 in
341 2506 389 2565 bis
407 2506 531 2587 singulis
549 2507 672 2588 dialogis
690 2505 855 2587 disquisitio
869 2527 904 2566 re
924 2506 992 2569 veri
1021 2507 1283 2584 disquisitio
1307 2515 1346 2562 est.
1416 2545 1418 2574 z

129 2603 197 2662 Non
217 2603 446 2681 demonstratur,
466 2605 518 2665 sed
542 2608 707 2686 quaeritur,
728 2606 926 2686 disquiritur,
947 2607 1110 2668 invenitur.
1162 2603 1218 2664 llla
1236 2600 1348 2684 vulgaris
1416 2649 1418 2671 2

130 2715 174 2760 est
193 2700 380 2779 dialecticae,
399 2703 470 2764 baec
485 2705 667 2780 Platonicae,
687 2707 760 2766 ratio
779 2707 905 2788 propria.
927 2705 1035 2766 lecirco
1053 2701 1189 2784 rogando·
1201 2719 1230 2764 et
1248 2721 1345 2784 respon
1416 2719 1418 2738 ¹

131 2799 229 2860 dendo
249 2800 457 2883 disputationes
475 2803 544 2864 illae
561 2804 739 2885 procedunt:
756 2803 835 2882 quod
851 2825 935 2865 verae
954 2803 1125 2887 dialecticae
1150 2799 1255 2862 tribuit
1272 2801 1348 2860 Plato.

132 2899 226 2959 «Non
244 2901 337 2976 simeo,
358 2902 398 2961 ait
417 2901 495 2982 apud
514 2923 578 2962 eum
597 2902 745 2978 Socrates,
767 2902 971 2986 gubernatores
991 2916 1103 2962 nostros
1131 2889 1256 2981 ἀλόγους
1277 2891 1348 2970 εἶναι,

130 2990 230 3082 ὥσπερ
260 2993 410 3083 γραμμάς.
457 2996 685 3084 Νομοθετήσεις
715 2996 755 3084 δε)
786 2996 887 3076 αὐτοῖς
916 2993 1028 3082 ταύτης
1055 2993 1189 3078 μάλιστα
1214 3003 1269 3085 τῆς
1293 3022 1350 3062 ποι·

129 3099 212 3176 δείας
237 3096 508 3183 ἀντιλαμβάνεσθαι
537 3101 569 3176 ἔξ
596 3095 634 3188 ἦς
660 3103 777 3190 ἐρωτᾷν
803 3126 835 3166 τε
861 3101 910 3164 καλ
931 3097 1145 3186 ἀποκρίνεσθαι
1167 3095 1351 3188 ἰτιιστημανὲ·

96 3183 101 3195 ’
130 3225 224 3268 muru
245 3197 304 3266 οἶοί
322 3201 348 3266 τ’
369 3199 495 3268 ioann-
518 3213 581 3288 lege
599 3215 702 3290 igitur
716 3215 885 3286 praecipies
905 3209 971 3267 illie
981 3240 990 3283 5
1012 3217 1048 3264 ut
1070 3215 1104 3265 in
1127 3208 1221 3283 ¹illane
1234 3210 1354 3290 potissi·

131 3331 220 3378 orarem¹
239 3309 433 3387 discuplinam
458 3309 653 3382 incumbant,
678 3329 693 3365 o
721 3329 780 3386 qua
801 3314 932 3364 macinae
949 3307 1165 3386 interrogandi
1184 3307 1353 3386 reapondaa·

129 3409 218 3486 dique
227 3409 417 3483 facultatem
437 3429 472 3466 ac
486 3414 636 3486 peritiam
654 3415 914 3484 consequantur.»
945 3402 977 3485 5)
1011 3389 1187 3484 Ἀδολεσχία
1206 3429 1223 3466 a
1239 3400 1352 3486 comicie

129 3507 200 3568 baec
229 3505 353 3566 Socratis
378 3505 576 3586 interrogandi
601 3526 633 3563 ac
660 3499 873 3564 sermocinandi
901 3507 1079 3567 consuetudo
1108 3507 1273 3567 dicebatur.
1315 3498 1354 3558 Sit
1415 3549 1416 3560 ,

129 3620 224 3668 autem
253 3603 453 3666 Parmeniden
484 3605 565 3664 Plato
593 3604 646 3664 bac
667 3602 703 3661 de
722 3623 753 3661 re
775 3601 883 3672 Socrati
902 3605 1004 3682 juveni
1022 3606 1251 3686 praecipientem
1271 3601 1355 3666 lacit,

130 3720 162 3764 ut
180 3707 277 3768 dicat:
298 3699 373 3786 καλε)
394 3695 524 3788 μὲνρῦν
544 3701 593 3764 καὶ
613 3699 699 3776 θεία,
722 3693 756 3764 εδ
777 3696 845 3763 ἴσθι
851 3747 861 3775 ,
882 3693 905 3783 ἠ
926 3695 1020 3785 deperi,
1041 3698 1080 3785 ἢν
1101 3695 1201 3788 όρμρῖς
1224 3699 1274 3762 ἐπὶ
1294 3687 1357 3764 rodi

128 3798 247 3886 λόγους·
278 3803 398 3868 ἕλκυσον
433 3803 469 3868 δὲ
499 3799 608 3867 σαυτδν
639 3805 689 3866 καὶ
720 3797 872 3886 γύμνασον
902 3803 1016 3882 μᾶλλον
1049 3799 1100 3867 διδ
1128 3805 1184 3888 τῆς
1214 3793 1355 3876 δοκούσης

128 3901 284 3990 οἷχρήστου
312 3903 384 3972 εἶναι
408 3909 456 3974 καὶ
485 3902 666 3991 καλουμένης
690 3901 750 3970 ino*
777 3906 838 3970 τῶν
866 3908 982 3971 πολλῶν
1010 3902 1205 3992 ἀδολεσχίας,
1230 3903 1287 3979 ἕως
1311 3893 1350 3960 ἔτ’

164 4142 190 4207 1)
208 4141 262 4196 cic.
280 4144 360 4196 Bruto
378 4160 400 4196 e.
419 4143 463 4196 ὦ.

163 4226 190 4292 2)
207 4228 244 4280 ld.
263 4231 292 4281 de
308 4228 403 4281 laceat.
422 4229 441 4279 1.
459 4230 501 4282 40.
520 4239 546 4282 et
563 4230 624 4281 Ero.
643 4230 678 4281 ad
693 4231 799 4282 Brutum
816 4229 833 4280 1.
852 4228 869 4279 1.

163 4313 189 4378 3)
207 4314 244 4366 ld.
263 4317 333 4367 Orat.
353 4334 375 4368 c.
393 4318 418 4368 lt.

162 4399 188 4463 1)
207 4399 283 4452 laitia
301 4419 326 4468 p.
344 4401 403 4453 25⁷.

111 4490 124 4556 ζ,
165 4485 191 4550 5)
209 4489 246 4539 De
264 4489 324 4556 liep.
341 4487 393 4539 Vll.
413 4486 469 4540 53⁴.
489 4487 519 4540 D.
