2832 5120
714 286 772 344 150

1022 351 1058 426 0

125 453 214 514 vitate
233 449 368 542 temporis
388 463 537 524 censetur,
560 469 618 507 nou
643 447 788 522 ubertate,
810 467 869 506 non
894 444 1066 525 diligentia,
1088 467 1148 505 uon
1173 465 1266 504 rerum
1291 443 1339 504 ad-

125 547 330 610 discendarum
350 547 505 626 gravitate,
526 569 587 606 non
607 547 703 604 fructu
731 546 833 619 etiam,
854 563 939 623 quem
957 543 1027 602 inde
1047 557 1091 603 re's
1110 544 1229 623 publica
1248 542 1348 624 capiat.-

126 643 285 706 Laudanda
306 657 347 702 est
367 645 497 704 celeritas
515 644 585 719 illa,
606 659 747 723 quatenus
771 643 809 702 ad
833 640 967 723 legendi,
988 641 1154 716 scribendi,
1176 639 1342 723 supputandi

126 744 291 804 facultatem
307 744 438 802 refertur.
470 743 579 816 Quodsi
598 764 667 801 vcro
689 741 848 800 excolenda
867 740 1060 799 adolescentia
1080 739 1214 800 videatur
1232 761 1290 799 non
1302 739 1343 797 his

121 844 235 930 artibus
263 841 442 922 puerilibus,
463 862 536 918 quae
565 841 693 899 animum
721 861 781 899 non
811 853 947 912 movent,
973 839 1026 898 vix
1051 838 1122 898 adeo
1148 837 1186 918 ad
1209 837 1344 917 judicium
1403 874 1406 887 ·

125 942 312 1022 pertingunt5
335 938 404 1013 sed,
425 954 457 998 ut
482 953 656 998 censuerunt
677 939 795 1016 majores
820 937 930 1011 nostri,
950 937 1077 1016 ingeniis
1105 937 1266 1014 animisque
1291 955 1343 993 eru·

56 1041 60 1048 ’
127 1036 261 1111 diendis,
284 1057 343 1094 non
371 1049 482 1095 tantum
511 1059 570 1096 non
599 1036 765 1110 laudanda,
796 1035 847 1094 sed
876 1055 961 1113 quam
990 1035 1115 1093 maxime
1143 1033 1275 1095 cavenda
1301 1046 1344 1092 est.

127 1139 220 1212 Quam
245 1133 372 1192 Socrates
397 1133 538 1213 cogitabat
563 1135 695 1194 discendi
720 1133 949 1215 proficiendique
973 1132 1167 1208 celeritatem,
1189 1155 1250 1192 non
1273 1132 1346 1194 brevi

126 1233 261 1320 temporis
280 1232 372 1311 spatio
391 1231 565 1291 definiebat:
588 1253 654 1291 nam
673 1233 788 1291 beatum
802 1231 989 1311 praedicabat
1005 1230 1105 1305 illum,
1126 1233 1176 1310 qui
1199 1229 1247 1291 vel
1266 1249 1346 1289 senex

127 1335 160 1392 in
179 1319 285 1391 virtute
303 1328 461 1388 nonnullos
487 1329 600 1388 fecisset
625 1351 807 1411 progressus,
834 1327 863 1407 l)
883 1329 933 1388 sed
957 1329 1090 1407 exigebat
1109 1328 1191 1388 illam
1217 1329 1257 1389 ad
1276 1325 1348 1387 diffi-
1412 1355 1413 1388 ς

126 1431 266 1490 cultarum
285 1429 396 1507 copiam
414 1441 442 1486 et
460 1428 709 1507 magnitudinem,
730 1449 803 1506 quae
828 1427 952 1486 discenti
972 1441 1066 1486 essent
1091 1425 1280 1507 superandae.
1319 1425 1349 1484 ld

127 1529 236 1588 scilicet
255 1524 418 1606 spectabat,
440 1546 499 1583 non
520 1539 552 1582 ut
576 1526 608 1584 in
630 1526 746 1585 homine
772 1525 926 1605 singularis
945 1526 1088 1603 quaedam
1103 1525 1209 1584 mentis
1236 1524 1350 1584 facultas

128 1639 295 1701 acueretur,
316 1624 449 1682 mem'oria
461 1669 469 1695 ,
491 1622 664 1683 inveniendi
690 1624 823 1698 solertia,
851 1622 1045 1700 ratiocinandi
1073 1622 1238 1698 subtilitas,
1267 1643 1349 1681 enuu-
1410 1651 1413 1702 j

127 1724 225 1784 ciandi
240 1722 527 1799 communicandique
540 1721 683 1796 facilitas,
699 1722 821 1781 similes:
843 1722 875 1781 id
891 1723 914 1780 si
936 1735 1104 1803 spectasset,
1119 1723 1195 1790 iutra
1211 1721 1350 1795 triduum,
1410 1735 1411 1804 ,

128 1838 160 1885 ut
180 1825 219 1882 ita
238 1821 348 1895 dicam,
371 1819 555 1879 admirabiles
572 1819 685 1879 fecisset
704 1815 880 1900 discipulos:
903 1842 970 1879 nam
987 1821 1010 1878 si
1027 1822 1107 1898 quis,
1128 1821 1249 1878 caeteris
1265 1820 1351 1879 missis
1410 1817 1411 1848 l

72 1909 91 1940 κ’
129 1920 339 2001 consopitisque
358 1919 463 1976 mentis
483 1917 688 1992 facultatibuS,
711 1935 797 1978 uuam
814 1919 941 1992 excitat,
970 1938 1057 1976 unam
1086 1919 1164 1976 acuit
1187 1932 1215 1975 et
1237 1920 1290 1976 uni
1310 1917 1351 1975 illi
1412 1947 1413 1978 1

131 2019 295 2092 acuendae,
324 2016 502 2089 firmandae,
528 2016 756 2076 corroborandae
784 2037 896 2075 omnem
925 2015 1045 2075 adhibet
1076 2017 1180 2077 mentis
1212 2018 1353 2094 animique
1412 2071 1413 2077 ,

131 2121 189 2180 vim
209 2132 237 2176 et
258 2117 403 2195 vigorem,
425 2134 478 2172 nae
496 2112 548 2172 ille
564 2129 591 2173 et
606 2117 666 2195 ipse
681 2111 872 2174 aidmirabitur
891 2115 1048 2195 stupendos
1063 2113 1274 2195 discipulorum
1291 2129 1352 2174 tam·
1412 2155 1413 2174 1

129 2239 185 2296 que
210 2215 320 2273 subitos
347 2231 527 2297 progressus,
559 2226 586 2270 et
611 2211 715 2292 vulg‘us
745 2214 917 2271 miraculum
946 2212 1157 2292 suspicabitur,
1187 2213 1354 2274 acclamabit

131 2327 225 2372 certe:
248 2308 358 2387 θαῦμα
379 2302 518 2369 ἷὸέσθαιέ
542 2309 598 2368 Sed
612 2309 669 2368 alia
687 2313 782 2369 omnia
798 2310 944 2391 spectabat
960 2310 1100 2369 Socrates:
1121 2324 1212 2369 totum
1229 2311 1354 2370 excolere
1412 2341 1413 2374 3

131 2413 276 2470 bominem
293 2410 445 2483 studebat,
467 2423 499 2467 ut
523 2428 582 2465 non
606 2421 666 2466 arte
684 2408 781 2487 aliqua
801 2423 850 2468 aut
870 2409 1000 2468 doctrina
1021 2409 1192 2484 excelleret,
1214 2423 1353 2470 caeterum
1411 2421 1413 2472 t

57 2582 61 2600 ,
131 2523 204 2569 esset
221 2509 302 2568 rudis
322 2523 349 2566 et
368 2507 502 2587 agrestis,
524 2505 574 2565 sed
594 2519 625 2564 ut
643 2527 741 2576 sensus
755 2529 856 2566 omnes
878 2521 906 2566 et
929 2506 1096 2582 facultates,
1120 2529 1193 2586 quae
1223 2523 1354 2587 tanquam

131 2607 252 2686 igniculi
275 2608 307 2665 in
331 2593 422 2686 ipsius
442 2617 536 2661 mente
563 2597 665 2661 natural
693 2605 835 2678 laterent,
857 2604 978 2664 sublatis
1005 2606 1239 2686 impedimentis,
1261 2627 1355 2666 move-

131 2719 249 2779 rentur,
270 2705 493 2775 suscitarentur,
515 2703 739 2776 reviviscerent,
770 2717 853 2780 atque
878 2705 939 2783 ipse
967 2705 1007 2761 ita
1032 2703 1116 2762 bomo
1145 2706 1226 2783 quasi
1257 2725 1355 2765 novam

130 2822 264 2880 suamque
275 2803 364 2861 vitam
380 2803 538 2878 ingressus,
560 2798 626 2857 talis
641 2799 740 2873 fieret,
762 2801 856 2879 qualis
872 2823 930 2859 csse
946 2802 1048 2859 natura
1067 2803 1129 2882 ipse
1144 2804 1195 2861 sud
1212 2817 1240 2862 et
1258 2802 1357 2880 indole

132 2913 225 2978 posset
247 2919 279 2956 ae
300 2899 425 2957 deberet.
474 2897 550 2954 Huic
576 2898 772 2973 institutioni,
794 2921 947 2978 sanequam
972 2914 1091 2958 naturae
1115 2901 1355 2960 convenientissi-

131 3017 211 3071 mae,
238 3018 324 3055 unam
349 3016 406 3054 esse
432 2988 600 3074 ,notaveratis
624 2997 881 3071 accommodatam,
907 3000 1003 3075 quivis
1033 3019 1069 3068 ex
1086 2998 1179 3072 ,dictis
1201 2999 1355 3080 perspicit;

132 3093 183 3153 sed
201 3093 285 3154 nemo
303 3116 415 3175 quoque
434 3111 496 3170 est,
515 3098 588 3175 quin
612 3096 689 3155 idem
707 3097 880 3175 perspiciat,
902 3096 1013 3157 absolvi
1033 3117 1095 3154 eam
1118 3097 1217 3176 paucis
1237 3098 1286 3160 vel
1301 3097 1355 3156 die·

132 3192 204 3268 bus,
226 3193 273 3254 vel
290 3194 455 3268 mensibus,
475 3194 521 3255 vel
541 3195 627 3252 an‘nis
646 3196 732 3252 etiam
758 3215 817 3252 non
843 3216 942 3274 posse,
963 3194 1194 3274 praeclaramque
1214 3215 1274 3255 esse
1298 3197 1355 3272 ejus

133 3290 295 3365 fortunam,
316 3292 366 3368 qui
386 3314 402 3350 a
422 3313 511 3372 puero
531 3274 575 3351 sic
597 3313 694 3365 orsus,
716 3292 769 3349 sub
790 3293 865 3350 vitae
885 3292 990 3365 finem,
1011 3292 1088 3370 quod
1105 3306 1301 3371 spectaverat,
1324 3294 1356 3352 sit

133 3401 284 3448 assecutus.
326 3387 384 3447 Sed
402 3391 532 3468 quamvis
559 3412 620 3448 non
642 3389 782 3449 miracula
806 3390 993 3469 produceret,
1014 3391 1073 3470 boc
1092 3389 1217 3448 babebat
1237 3389 1356 3450 Socratis

132 3482 289 3564 disciplina
313 3489 530 3567 proprium‚eut
547 3509 599 3569 per
617 3509 678 3546 eam
697 3488 802 3566 aliquis
820 3485 908 3546 'unice
929 3489 968 3546 sic
987 3488 1169 3569 procederet,
1197 3489 1355 3567 celeresque

133 3582 239 3642 faceret
256 3605 308 3664 pro
325 3585 485 3644 studiorum
504 3587 642 3665 gravitate
661 3605 833 3666 progressus.
877 3574 954 3642 Nam
974 3599 1004 3642 ut
1022 3586 1105 3644 hoino
1126 3587 1166 3644 sic
1185 3599 1261 3644 totus
1279 3585 1355 3666 peni·
1412 3591 1413 3650 l

136 3691 236 3758 tusque
257 3683 457 3758 excoleretur,
478 3683 656 3743 addiscenda
676 3697 799 3741 arserat
824 3704 880 3741 una
905 3683 1033 3740 onmium
1057 3683 1141 3763 longe
1164 3683 1354 3756 difficillima,
1412 3729 1413 3758 ,

136 3792 168 3836 ut
187 3781 367 3862 semetipsum
387 3795 576 3861 cognosceret.
619 3780 746 3839 Socrates
768 3795 860 3838 antem
883 3781 1087 3860 interrogando
1107 3782 1355 3861 proponendisquc
1412 3765 1413 3846 Ῐ

134 3877 349 3954 quaestionibus
368 3879 547 3957 gravioribus
566 3879 645 3938 intus
663 3878 838 3938 sollieitabat
857 3879 889 3936 in
908 3877 1137 3940 adolescentibus
1162 3882 1307 3955 animum,
1326 3891 1354 3935 ut
1411 3851 1413 3954 l

135 3994 213 4031 amor
226 3970 401 4034 excitaretur
415 3977 491 4050 veri,
507 3977 747 4054 convertebatque
763 3997 809 4048 eos
826 3975 863 4033 ad
881 3978 1043 4060 semetipsos
1062 3977 1218 4037 intuendos
1235 3993 1263 4036 et
1278 3976 1350 4056 judi-

135 4071 260 4130 candos:
283 4072 359 4130 uude
377 4074 485 4154 pudor,
506 4096 590 4154 quem
606 4074 738 4133 oboriens
753 4067 847 4132 subito
863 4076 895 4138 in
910 4077 989 4153 genis
1008 4075 1095 4134 rubor
1113 4076 1254 4157 prodebat
1271 4075 1352 4133 iden-

136 4171 234 4230 tidem.
276 4169 368 4229 Semel
388 4185 482 4230 autem
503 4173 587 4231 itaet
608 4170 703 4230 studio
721 4172 852 4230 discendi
875 4172 1043 4231 inflammati
1065 4189 1092 4231 et
1112 4175 1167 4254 ipsi
1188 4188 1273 4233 semet
1291 4193 1351 4230 cor-

135 4269 282 4347 rigenteS,
312 4290 419 4348 perque
446 4271 607 4349 semctipsos
635 4271 749 4351 optimis
777 4271 937 4348 quibusque
964 4285 992 4330 et
1020 4271 1129 4330 artibus
1161 4287 1189 4330 et
1217 4270 1352 4331 doctrinis

170 4475 193 4538 l)
213 4479 249 4530 De
266 4479 337 4546 Leqq.
357 4480 389 4528 ll.
407 4477 466 4528 65³.
487 4480 516 4530 ll.
536 4481 611 4530 latitia
629 4497 653 4546 p.
672 4479 712 4528 84,
