2832 5120
614 267 669 332 137

38 433 133 492 derum
150 431 221 493 haec
248 432 353 494 veteris
381 445 410 492 et
433 431 622 506 recentioris,
642 432 797 512 superioris
817 429 970 512 inprimis
995 425 1260 510 saeculiphileso·

35 531 97 610 phi,
126 532 176 610 qui
202 552 302 594 sensus
328 531 455 611 emporis
482 529 703 610 diligentissime
731 529 934 612 explorantes,
965 543 1016 602 ut,
1046 547 1127 608 quae¹
1145 539 1174 587 et
1201 545 1258 604 qua

34 631 135 689 unone
152 631 266 711 singula
285 630 464 690 extrinsecus
482 629 579 690 animo
606 629 739 690 afferrent
749 673 759 704 ,
780 641 923 692 constaret
941 624 1100 706 aliquando
1110 668 1118 699 ,
1135 621 1177 718 ‘de
1196 624 1259 704 ipse

34 729 139 802 animo,
158 743 235 788 certe
254 727 292 788 de
305 728 406 788 'insitis
423 729 450 787 ei
469 725 620 808 studiislet
653 726 842 786 facultatibus
858 725 913 802 ¹vix
929 711 1102 808 cogitarunt.
1122 721 1260 804 Apprime

33 825 60 883 in
84 824 134 886 hos
162 827 319 902 convenit,
339 826 418 905 quod
445 826 486 884 ait
512 825 614 884 Plato:
635 818 732 886 δεινόν
761 816 819 906 γάρ
846 845 919 896 που,
945 821 971 884 εἰ
998 818 1103 884 nouat
1127 842 1201 894 τινες
1227 816 1260 881 ἐν

33 915 109 1002 ἡμῖν,
138 917 239 1005 οἵσπερ
267 921 300 986 ἒν
326 920 469 1006 δονρείοις
492 920 607 1000 λ’πποις,
640 919 797 1008 αἰσθήσεις
822 919 1018 1008 δμάδηνται,
1049 916 1122 986 etti
1147 916 1192 1003 μή
1218 919 1260 996 εἰς

33 1023 94 1102 μίαν
119 1021 186 1088 tevai
213 1021 309 1100 ἰδέαν,
336 1021 393 1090 εἴτε
418 1020 524 1108 ψυχήν
549 1023 605 1088 εἴτε
631 1023 650 1089 δ
676 1027 725 1088 δεῖ
747 1030 856 1101 καλεῖν,
878 1019 975 1088 πάντα
994 1024 1089 1088 ταῦτα
1109 1021 1257 1096 ’ξαν-τείνει·

32 1118 51 1212 ᾗ
80 1122 140 1188 διδ
178 1122 321 1190 τούτων
360 1120 438 1189 οἷον
477 1123 638 1210 ὀργάνων
673 1120 941 1209 αἰσθανόμεθα
980 1121 1055 1192 ὅσα,
1082 1120 1255 1209 αἰσθητά·

32 1238 168 1290 miserum
188 1253 261 1290 eone
276 1240 352 1290 esset
360 1277 369 1306 ,
384 1239 413 1289 ei
426 1233 614 1294 multinodis
631 1253 755 1308 sensus,
771 1235 1016 1312 quemadmodum
1031 1233 1143 1313 ligneis
1157 1239 1255 1310 cquis,

31 1331 209 1405 insiderent,
230 1353 283 1388 nee
308 1340 408 1388 tamen
433 1332 626 1389 haecomnia
650 1339 684 1388 ιἰι
709 1353 806 1389 unum
830 1333 976 1409 quoddam
1001 1339 1172 1412 negotium,
1194 1337 1256 1387 siue

8 1499 9 1518 ρ
31 1429 57 1484 tt
72 1436 195 1488 unimus
213 1437 274 1488 sive
293 1449 466 1506 quocunque
484 1431 606 1488 tandem
623 1438 741 1494 nomine
756 1431 916 1488 dicendum
934 1437 995 1504 st't,
1016 1450 1080 1486 αιια
1098 1429 1252 1487 contenda·

31 1535 108 1600 rent,
129 1547 226 1604 quo,
247 1537 447 1605 tanquam
472 1549 549 1604 per
573 1549 750 1609 organo,
775 1549 1014 1606 persensus
1040 1529 1256 1600 hqsceeenp

32 1623 1256 1705 tiramuequaecunquesen'euperet'pt'untur.l)Namsicon1·

31 1721 92 1780 nino
110 1743 139 1780 se
160 1742 206 1781 res
223 1721 330 1790 habet.-
351 1722 533 1786 a'dmirahilis
551 1721 748 1804 estqitaedam
768 1724 948 1806 singulorum
967 1745 1103 1784 sensuum
1118 1725 1185 1800 ¹uis,
1207 1738 1255 1797 ut,

30 1841 93 1896 quae
112 1832 196 1879 extra
214 1835 301 1895 sunt,
322 1822 400 1880 intro
418 1823 601 1884 annuncient
617 1825 726 1900 menti,
739 1823 790 1884 sed
800 1824 857 1882 nisi
868 1842 948 1882 mens
958 1823 1009 1884 suh
1026 1824 1086 1904 ipsa
1098 1823 1256 1884 naturico·

31 1917 180 1996 gnoscendi
191 1933 262 1976 esset
272 1919 393 2000 cupida,
406 1921 500 1978 omnis
510 1934 582 1980 esset
598 1941 809 2002 supervacanea
819 1922 994 1980 nunciorum
1004 1907 1121 1980 illooum
1130 1920 1255 2000 diligen·

30 2017 71 2075 tia.
91 2018 178 2075 Nune
194 2037 263 2076 veno
272 2039 285 2092 ,’
295 2039 360 2078 cnm
378 2018 449 2077 haec
469 2019 506 2077 sit
520 2021 625 2080 mentis
640 2019 754 2094 indoles
773 2033 803 2082 et¹
816 2031 933 2092 natura,
955 2031 987 2077 ut
1001 2019 1063 2078 veri
1079 2017 1254 2098 cupiditate,

31 2114 162 2176 imovero
178 2117 280 2174 amone*
289 2116 412 2176 ducatui·
420 2162 428 2192 ,
444 2117 572 2198 ipseper
587 2138 615 2177 se
630 2119 758 2198 exquirit
772 2117 883 2198 pmnia,
898 2114 1100 2203 sensibusque,
1118 2130 1149 2173 ut
1163 2117 1250 2176 vecis-

32 2213 89 2271 sime
103 2213 180 2273 dicit
189 2214 284 2289 Plato,
303 2229 442 2294 tanquam
462 2208 598 2295 ὀργάνοις
614 2221 634 2279 i.
646 2239 670 2276 e.
680 2223 894 2277 instrumentis
903 2213 941 2272 ad
955 2213 1187 2292 cognoscendum
1197 2217 1254 2274 uti·

31 2321 77 2369 tur.
97 2311 186 2386 Quod
203 2312 312 2371 vidisse
327 2315 387 2390 jam
406 2326 488 2376 vetus
503 2302 694 2398 philosophus
708 2315 826 2376 iidetur
836 2357 844 2387 ,
866 2313 926 2374 sive
945 2312 970 2370 is
988 2313 1172 2391 Anaxagoras
1191 2313 1254 2374 sive

32 2407 211 2488 Epicharmus
232 2409 339 2485 fuerit,
365 2433 454 2490 quum
478 2416 519 2474 sic
546 2415 774 2496 pronunciaret:
804 2410 872 2484 νοῦς
899 2403 961 2494 ὁρῇ
981 2407 1030 2469 καί
1049 2408 1119 2483 νοῦς
1139 2403 1253 2485 οἰκσδιι,

31 2500 110 2567 τᾶλλα
130 2501 223 2589 κωφοὶ
237 2505 286 2568 καί
305 2503 413 2590 τυφλά·
435 2509 467 2591 2)
488 2521 610 2573 animus
624 2521 741 2588 cernit,
762 2521 883 2572 animus
902 2513 1004 2586 audit,
1025 2513 1255 2590 seliquastra»
1297 2569 1298 2574 ,

33 2619 55 2664 ct
68 2621 247 2670 caecabunt.
268 2608 300 2691 3)
314 2611 351 2687 Et
366 2610 443 2692 quod
457 2611 542 2671 medo
556 2610 593 2672 de
605 2611 922 2692 linguis'monebamus,
937 2609 1061 2689 exprimi
1071 2611 1108 2668 iis
1118 2611 1253 2670 notiones

33 2703 166 2768 interioris
194 2707 344 2787 cujusdam
371 2710 591 2791 philosophiae,
612 2709 689 2770 idem
708 2710 813 2790 prohat
832 2709 885 2770 hoc
906 2700 1032 2788 ὄργανον
1054 2705 1252 2782 Platonicum,
1348 2707 1352 2724 ¹

33 2805 243 2888 evidentiusque
263 2807 348 2866 etiam
366 2809 504 2888 patefacit
523 2822 652 2890 nostrum
669 2807 747 2867 illud
761 2806 802 2867 de
823 2807 955 2868 sensibus
975 2809 1103 2868 externis
1122 2805 1254 2869 vocabu-

33 2900 94 2978 lum,
111 2913 291 2986 zintuigen,
312 2927 369 2986 quo
388 2906 475 2988 plane
503 2915 614 2966 mentis
632 2908 670 2968 ad
687 2903 918 2986 cognoscendum
937 2913 1145 2965 instrumento
1172 2905 1254 2965 indi·

34 3017 129 3064 cantur.
174 3005 238 3079 Quo
257 3025 324 3064 sane
342 3019 509 3085 argumento
530 3019 558 3064 et
581 3007 671 3065 multo
696 3006 785 3086 magis
810 3005 895 3063 etiam
919 3005 1096 3066 conscientii
1122 3004 1252 3084 nosipsi

35 3102 115 3160 notua
132 3103 221 3162 nobis
238 3103 491 3183 persuadebimus,
511 3104 635 3163 multum
655 3103 804 3178 sensibus,
826 3103 877 3162 sed
895 3104 1054 3184 plutimum
1082 3103 1140 3183 ipsi
1156 3101 1252 3160 »menti

35 3197 177 3280 innataque
206 3201 290 3260 nobis
310 3201 443 3262 discendi
472 3201 583 3277 studio,
604 3202 642 3263 ad
662 3200 853 3282 cognoscendi
872 3202 1040 3262 facultatem
1058 3200 1251 3264 tribuendum

35 3311 89 3354 csse.
136 3297 197 3357 Sed
220 3299 311 3358 missis
337 3301 458 3360 novitiis
486 3302 548 3360 istis
567 3301 765 3382 philosophis,
793 3301 862 3379 qui,
886 3301 989 3362 divina
1016 3323 1076 3360 nen
1104 3299 1252 3381 perspecta

35 3387 145 3456 hominis
174 3396 292 3472 indole,
322 3411 410 3458 totam
438 3397 513 3458 hanc
536 3391 579 3459 ¹de
599 3399 730 3460 sensibus
757 3399 990 3478 disquisitionem
1014 3398 1052 3458 ad
1080 3397 1254 3458 materialis-

35 3508 115 3567 num,
134 3514 220 3573 quem
239 3509 358 3571 vocant,
373 3510 401 3556 et
415 3496 800 3578 atheismum'contulerunt,
821 3505 961 3577 antiquos
976 3497 1025 3557 htc
1043 3499 1138 3578 potius
1160 3509 1251 3556 atten-

36 3586 137 3668 damus,
166 3595 218 3672 qui
245 3615 260 3652 a
288 3594 403 3654 Socrate
430 3610 457 3654 et
484 3596 602 3656 Platone
627 3583 839 3676 profecerunt,
861 3596 1046 3654 Academicos
1073 3595 1197 3653 maxime
1223 3607 1251 3652 et

36 3685 222 3772 Peripateticos
248 3713 410 3773 germanos,
431 3715 554 3776 quornm
578 3697 734 3754 sententias
763 3694 799 3755 de
828 3695 1002 3778 cognitionis
1030 3706 1141 3768 nostrae
1170 3693 1251 3753 sonte

37 3872 276 3892 *Qu—-

65 3987 85 4052 1)
105 3992 198 4047 Thcect.
221 3993 273 4044 184
298 3996 329 4048 D.
355 3997 586 4068 Eleganter'hlax.
613 3997 672 4066 Tyr.
695 4000 761 4053 Dies.
781 3999 845 4052 XVI.
868 3999 893 4050 8.
911 4016 937 4067 p.
959 3996 1019 4052 303.
1045 3979 1114 4052 “Ate
1142 3980 1193 4048 οὖν
1219 3983 1252 4046 ἕν

39 4079 185 4166 προδύροις
205 4087 260 4170 τῆς
280 4087 385 4172 ψυχῆς
405 4087 437 4152 αἰ
458 4085 613 4174 αἰσθήσεις
640 4086 809 4172 ἱδρυμέναι,
831 4085 949 4158 ἐπειδάν
970 4114 1047 4166 τινος
1068 4083 1245 4173 ἰφάψωνοαι

39 4175 120 4265 α’νχῆς
143 4188 190 4250 καί
216 4192 374 4274 παραδῶσι
400 4192 445 4279 τῷ
469 4192 525 4280 νῷ,
553 4189 763 4274 ἐπιλαβόμενος
789 4193 851 4276 (ins.
874 4191 892 4257 ὁ
914 4191 994 4274 vodo)
1016 4188 1138 4275 ταύτης,
1161 4183 1252 4276 διορᾷ

42 4278 70 4343 ni
88 4287 167 4354 hemel
184 4331 221 4342 .-

68 4387 89 4452 ²t
104 4394 155 4448 vn.
171 4397 236 4450 ene.
251 4399 281 4448 ae
295 4399 368 4450 aas.
383 4401 440 4450 aare.
452 4399 492 4452 et
514 4399 586 4467 wyte.
605 4401 638 4452 aa
653 4399 820 4454 cetetonem
838 4389 862 4470 p.
882 4401 940 4452 151.

69 4473 89 4536 3l
106 4478 139 4532 lle
158 4483 305 4536 Tertulliani
325 4487 447 4538 versione
466 4485 499 4538 de
517 4490 600 4539 anima
619 4505 644 4554 p.
665 4485 723 4539 271.
