2950 5134
201 2208 373 2285 Praffalor
389 2209 461 2268 kuic
476 2215 602 2284 paterni
621 2216 718 2286 operis
735 2188 936 2284 repetitioni?
966 2203 1012 2268 Al
1028 2229 1083 2286 qus
1104 2177 1223 2266 animo!
1239 2227 1295 2286 quo
1317 2229 1387 2266 con-

165 2341 250 2399 silio!
273 2362 331 2420 quo
344 2350 433 2417 pacto
442 2338 460 2420 ,ἦ
487 2337 570 2399 Suus
586 2347 667 2398 enim
683 2345 765 2416 speri
784 2349 905 2418 ereptus
925 2343 1044 2416 antisse
1054 2345 1160 2418 jacet,
1181 2349 1251 2421 qui,
1276 2348 1311 2398 in
1331 2359 1389 2418 qua

159 2474 334 2532 elaborando
357 2473 528 2531 diutissime
552 2473 840 2553 diligentissimeque
855 2473 927 2532 olins
936 2475 1055 2548 suerat
1068 2481 1222 2550 amatus,
1240 2480 1275 2530 in
1291 2473 1387 2531 codem

154 2594 337 2684 perficiendo
366 2615 396 2664 ot
422 2607 462 2666 ad
490 2625 672 2664 communem
701 2605 869 2664 utilitatem
899 2613 999 2686 magis
1027 2606 1268 2696 accomodando
1291 2626 1387 2663 conso·

156 2757 277 2798 nescim
301 2745 510 2797 constituerat.
544 2735 657 2796 Verum
677 2711 754 2796 'leuic
774 2738 922 2812 satisfieri
949 2739 1073 2798 oonsilio
1088 2739 1187 2798 noluit
1209 2735 1294 2797 Deus
1319 2736 1387 2816 Opi.

157 2870 257 2945 Mos„
266 2877 332 2945 cui,
348 2877 376 2928 si
382 2876 589 2946 praestitisset
598 2915 607 2944 ‚
616 2871 791 2946 placuisset.
825 2841 961 2929 Sustulit
971 2892 1037 2928 eum
1046 2915 1055 2946 ,
1061 2878 1171 2948 paucis
1184 2871 1387 2962 spectantibus

159 3013 190 3060 ct
205 3005 465 3062 illacrimantibus
483 3010 513 3060 ct
524 3005 640 3078 saturi
656 2999 801 3061 desiderii
815 3003 879 3061 uini
895 3023 1008 3062 omnem
1029 3011 1059 3060 et
1076 3004 1242 3062 molestiam
1262 3011 1314 3061 oia
1332 3024 1387 3061 su-

156 3123 353 3214 spicantibus.
376 3133 469 3214 Quom
484 3141 586 3215 igitur
601 3144 723 3212 patrem
736 3155 836 3194 meum
853 3155 889 3193 cs
899 3137 955 3193 hac
973 3142 1039 3193 sito
1049 3144 1195 3214 tanquam
1214 3155 1250 3193 ea
1267 3135 1386 3213 lsospi·

69 3343 74 3354 .
156 3277 209 3328 tio
231 3289 290 3327 non
318 3277 464 3346 tanquam
491 3289 527 3326 ss
548 3269 647 3328 domo
664 3269 862 3327 discedentem
880 3263 973 3347 quum
989 3278 1113 3345 praeter
1131 3276 1269 3348 cognatos
1280 3269 1386 3342 sami—

154 3403 287 3459 liae-ium
301 3421 385 3460 neena
399 3407 539 3479 prosequi
554 3402 650 3460 vorbis
659 3421 695 3458 ac
706 3401 997 3479 lacrimispotuisset
1005 3446 1015 3476 ‚
1032 3421 1099 3460 mon
1108 3401 1200 3458 multi
1209 3401 1275 3459 boni
1283 3388 1384 3476 pirum

155 3535 265 3593 lanum
280 3535 392 3630 sibique
402 3539 619 3592 amicissimum
638 3528 803 3608 luxerunt,
818 3541 927 3610 patria
936 3534 1066 3592 nondum
1077 3507 1182 3592 eludit.
1203 3531 1305 3610 Atque
1314 3531 1385 3590 illo-

152 3687 229 3726 runi
244 3667 364 3744 quidem
378 3675 491 3724 mentes
500 3674 659 3744 postquam
669 3672 845 3748 inopinatus
858 3665 973 3724 Genesi
982 3666 1099 3724 allatus
1113 3673 1245 3723 nuncius
1254 3673 1385 3740 portur-

156 3800 282 3857 lcocrat
302 3807 331 3855 st
351 3799 436 3873 sere·
445 3805 675 3876 prostraverat,
695 3805 873 3880 grauissimi
890 3795 1001 3858 doloris
1015 3798 1281 3876 partiiipeosacti
1288 3840 1298 3870 ,
1317 3815 1384 3854 sans

154 3949 253 3989 soem
276 3936 443 3988 amiserunt
462 3950 557 4007 quae,
577 3940 689 3989 testata
712 3951 894 3989 communem
916 3932 1062 4005 dolorem,
1080 3935 1190 4008 quanti
1212 3935 1276 3986 ciri
1303 3929 1383 3987 desi·

154 4063 241 4120 derio
265 4063 362 4148 subito
383 4061 644 4142 efficacissimoque
662 4069 722 4139 ipsi
739 4070 936 4139 tenerentur,
955 4064 1132 4136 declaravit.
1161 4059 1295 4140 Quorum
1313 4081 1383 4118 ccr-

155 4195 263 4253 boram
270 4155 292 4270 ,⁴
299 4213 497 4272 sensuumque
515 4215 587 4273 quas
606 4194 685 4252 milei
703 4201 832 4273 meisque
857 4200 979 4274 accepta
1004 4206 1034 4255 ei
1048 4201 1190 4275 pcrcepta
1207 4201 1380 4266 auserunt,

154 4283 299 4406 lacipso
327 4335 456 4404 tempore
480 4347 608 4404 memor,
626 4336 656 4385 et
673 4335 770 4386 mente
791 4329 925 4403 uoluens,
949 4351 1021 4408 quos
1040 4330 1114 4404 illoq
1133 4334 1166 4386 si·
1178 4335 1264 4385 inter
1280 4347 1332 4385 nos
1352 4334 1383 4383 st

155 4462 308 4520 munem
328 4466 488 4519 mansisset
502 4468 661 4538 perpetuo,
688 4460 855 4519 diuturnas
873 4465 1077 4534 meditationis
1095 4462 1229 4537 fructus
1247 4461 1383 4539 largitu-¹
