2832 5120
739 285 796 346 174

148 453 324 515 Graecorum
343 449 563 530 sapientissimi,
584 462 616 507 tu
637 446 777 509 videlicet
797 463 825 508 e't
840 450 925 509 Polus
943 465 972 510 et
990 451 1129 532 Gorgias,
1151 475 1210 513 non
1231 475 1304 535 posse
1318 477 1357 514 ros

147 567 244 611 tamen
269 551 483 621 demonstrare,
510 546 567 605 alia
595 565 655 605 esse
681 548 792 607 ratione
820 548 1000 626 vivendum,
1030 571 1115 631 quarn
1135 551 1186 627 eh,
1212 575 1279 634 quae
1300 553 1356 612 illuc

147 648 310 711 conducere
329 644 455 706 videtur.
498 645 560 705 Imo
580 664 649 704 vero
670 645 703 704 in
724 659 765 705 tot
790 647 989 724 sermonibus,
1010 669 1076 708 cum
1098 652 1209 710 caeteri
1232 651 1357 730 redarguti

148 748 279 822 fuerint,
298 745 375 805 solus
398 745 445 803 hic
473 735 743 819 remanet'firmus,
770 745 933 805 cavendum
951 768 1010 808 esse
1039 750 1128 828 magis
1155 771 1194 809 ne
1222 751 1357 822 faciamus,

147 868 234 927 quam
254 866 291 905 ne
308 843 452 926 patiamur
469 841 631 920 injuriam,
652 841 741 922 idque
764 843 828 902 siro
848 865 916 924 prae
943 847 1062 906 caeteris
1088 847 1223 907 omnibus
1251 861 1358 930 spectan-

147 943 236 1019 dum,
258 957 291 1004 ut
309 943 404 1002 honus
423 961 484 1000 non
501 939 655 1014 videatur,
677 940 728 1000 sed
748 941 804 1015 sit,
825 953 883 1000 tam
911 943 1029 1024 publice
1055 965 1141 1024 quam
1167 948 1317 1027 privatim:
1342 946 1359 1004 si

144 1043 211 1122 quis
233 1055 328 1102 autem
351 1038 445 1098 malus
467 1037 677 1116 quodammodo
701 1039 809 1113 fuerit,
829 1059 888 1099 esse
914 1042 1117 1122 puniendum,
1143 1043 1233 1123 idque
1252 1045 1361 1105 secundo

145 1140 210 1201 loco
233 1139 343 1198 bonum
372 1157 450 1212 esse,
471 1135 534 1196 fieri
553 1137 739 1217 castigatione
758 1137 913 1197 meliorem*
925 1159 1088 1221 poenasque
1106 1143 1268 1220 injustitiae
1284 1144 1360 1202 luere:

145 1258 259 1301 omnem
278 1250 424 1318 praeterea
443 1231 607 1310 κολακείαν,
634 1236 839 1296 adulationem
859 1256 925 1316 erga
943 1237 1037 1319 ipsum
1056 1253 1085 1299 et
1103 1238 1183 1314 alios
1194 1243 1257 1302 sive
1274 1262 1361 1324 paucos

145 1338 207 1398 sive
235 1336 359 1410 multos,
386 1337 555 1417 fugiendam
583 1358 661 1398 esse:
690 1331 740 1393 καὶ
764 1332 807 1420 τῇ
831 1331 976 1422 ῥητορικῇ
1001 1328 1080 1398 οὕτω
1102 1334 1253 1420 χρηστέον
1273 1337 1318 1400 ἐπὶ
1334 1332 1360 1399 so*

143 1434 256 1498 δίκαιον
277 1432 333 1496 αἰεὶ
353 1433 402 1494 καὶ
423 1435 466 1521 τῇ
486 1429 562 1522 ἄλλῃ
583 1424 668 1522 πάσῃ
697 1425 816 1518 πράξει·
844 1450 912 1499 crte
940 1439 1066 1519 deniquo
1094 1443 1216 1500 dicendi
1243 1450 1361 1521 carnique

143 1541 205 1599 alio
226 1547 356 1600 aetionis
377 1561 487 1620 genere
503 1547 590 1616 justi
614 1560 730 1616 semper
749 1559 856 1598 causeo
875 1540 1021 1596 utendum
1040 1561 1110 1599 ease.
1150 1540 1228 1600 Mihi
1244 1555 1276 1602 tu
1291 1542 1363 1621 igitur

143 1636 230 1698 fidem
249 1637 375 1712 habens,
394 1657 569 1718 sequererne
586 1636 674 1696 illuc:
695 1659 752 1717 quo
767 1657 833 1696 cum
847 1637 1029 1718 perveneris,
1061 1653 1089 1698 et
1105 1639 1192 1700 virus
1206 1652 1236 1698 et
1251 1651 1363 1698 mortum

142 1735 244 1795 beatus
259 1737 329 1811 eris,
350 1735 593 1817 quemadmodum
607 1755 697 1794 sermo
715 1735 763 1794 hic
779 1750 876 1796 noster
891 1735 1036 1816 probavit.
1059 1739 1232 1798 Contcmuat
1245 1749 1273 1797 te
1284 1751 1363 1796 autem

143 1834 268 1914 aliquis,
295 1847 327 1892 ut
360 1834 500 1909 stultum,
528 1847 557 1894 et
581 1835 690 1893 summa
719 1835 742 1892 si
773 1834 846 1894 velit
873 1834 982 1913 injuria
1004 1833 1130 1894 afficiat:
1152 1851 1184 1895 tu
1214 1857 1297 1911 vero,
1323 1855 1363 1916 per

141 1934 258 2007 Jovem,
275 1929 373 2012 'aequo
401 1933 498 1991 animo
526 1931 574 1992 vel
596 1931 757 2012 ‘colaphum
763 1978 772 2005 ,
803 1933 941 1992 infamem
967 1919 1100 2014 plagam,
1125 1934 1271 2015 perferas:
1299 1931 1363 1993 nihil

142 2032 220 2090 enim
236 2051 322 2111 grave
337 2031 473 2112 patieris,
495 2031 519 2088 si
538 2050 639 2089 revera
654 2028 791 2089 honestus
806 2030 956 2109 bonusque
971 2031 1009 2090 sis
1025 2032 1219 2110 virtutemque
1235 2052 1361 2092 exerceas.

141 2132 292 2209 Postquam
311 2150 380 2190 vero
401 2129 442 2187 sic
462 2150 520 2187 una
540 2149 601 2186 eam
621 2129 852 2203 exercuerimus,
873 2143 963 2204 tunc,
985 2131 1008 2188 si
1037 2130 1092 2188 tibi
1118 2151 1223 2211 operae
1250 2133 1362 2212 pretium

141 2249 200 2287 esse
220 2227 387 2300 videbitur,
409 2225 447 2286 ad
466 2225 585 2308 publica
611 2247 663 2285 nos
687 2227 800 2306 negotia
821 2228 1019 2302 conferemus,
1041 2242 1091 2288 aut
1116 2227 1153 2286 ad
1181 2229 1363 2307 quodcunque

141 2326 227 2386 nobis
255 2324 487 2385 deliberantibus
512 2339 598 2399 tum,
629 2345 718 2404 quum
746 2325 850 2384 melius
878 2325 1041 2385 deliberare
1071 2327 1252 2407 poterimus,
1283 2329 1362 2388 visum

141 2423 263 2483 fuerit.»
290 2420 320 2503 1)

180 2521 261 2582 Talis
280 2541 345 2580 cum
365 2534 436 2580 esset
455 2521 658 2602 philosophia,
680 2544 736 2601 qua
755 2536 783 2581 et
802 2522 863 2602 ipse
882 2522 1010 2581 imbutus
1028 2522 1108 2582 Plato
1127 2539 1187 2584 erat
1203 2539 1231 2584 et
1247 2525 1364 2585 scribens

140 2620 177 2681 de
197 2618 361 2700 eloquentia
382 2619 511 2695 imbuere
532 2599 655 2680 bratores
676 2620 827 2693 studebat,
848 2619 927 2678 haud
953 2621 1122 2681 mirabimur
1146 2623 1294 2703 profecto,
1315 2624 1364 2684 vim

140 2721 174 2780 in
192 2723 253 2801 ejus
272 2719 387 2799 scriptis
407 2734 519 2779 exstare
538 2718 715 2800 singularem
732 2717 820 2798 plane
830 2763 839 2792 ,
861 2718 988 2798 indeque
1006 2733 1131 2779 oratores
1153 2722 1285 2781 omnium
1303 2743 1365 2802 gen·
1408 2745 1409 2778 i

138 2820 212 2879 tium
234 2818 381 2900 principes
409 2817 447 2876 ad
470 2817 589 2898 publice
613 2815 790 2890 dicendum,
822 2816 860 2875 ad
892 2838 1021 2876 caussam
1046 2820 1177 2879 veritatis
1194 2841 1227 2878 ac
1244 2822 1364 2900 justitiae
1408 2841 1409 2862 r

138 2915 398 2998 propugnandam,
419 2915 457 2975 ad
478 2915 688 2976 vindicandam
712 2937 728 2974 a
751 2929 943 2996 tyrannorum
963 2916 1094 2976 consiliis
1112 2919 1224 2998 patriae
1252 2917 1364 2978 liberta-

138 3029 215 3092 tem,
235 3016 391 3098 profecisse
409 3014 544 3073 maxime.
586 3015 664 3072 Hinc
684 3012 815 3094 profecto
836 3012 992 3091 eloquendi
1012 3014 1153 3090 facultas,
1184 3038 1272 3095 quam
1290 3019 1320 3076 in
1338 3037 1364 3074 eo
1407 3067 1408 3102 3

137 3112 342 3190 Quintilianus
361 3112 542 3187 admiratur,
563 3115 669 3170 divina
688 3111 742 3170 illa
753 3156 761 3185 ,
784 3121 895 3170 utnon
915 3114 1045 3171 hominia
1068 3120 1208 3194 ingenio,
1230 3119 1283 3175 sed
1306 3137 1363 3194 quo·

138 3216 208 3272 dam
228 3215 385 3272 videretur
402 3213 524 3270 oraculo
542 3210 690 3288 Delphico
707 3218 883 3270 instinctus.
906 3208 937 3290 2)
958 3212 1036 3269 Hinc
1057 3225 1152 3270 autem
1171 3192 1295 3292 pariter
1308 3232 1363 3270 cunr

137 3311 359 3385 Demosthenis,
389 3324 451 3370 tum
475 3311 622 3371 Ciceronis
647 3311 680 3369 in
708 3307 836 3368 dicendo
863 3309 908 3370 vis
933 3320 961 3367 et
981 3311 1154 3385 auctoritas,
1184 3333 1274 3391 quum
1295 3326 1364 3370 uter·

136 3431 193 3488 que
220 3411 252 3469 in
271 3409 398 3470 civitatis
417 3429 484 3469 suae
511 3409 606 3469 hostes
625 3408 782 3490 capitales,
804 3407 856 3467 ille
882 3408 914 3466 in
943 3407 1131 3488 Philippum,
1157 3409 1206 3468 hic
1232 3412 1265 3470 in
1293 3409 1363 3470 Cati-

138 3507 234 3569 linam
259 3521 288 3568 et
306 3509 466 3568 Antonium
477 3553 485 3583 ‚
510 3527 563 3588 pro
583 3508 677 3589 patria
696 3521 725 3567 et
744 3507 870 3582 virtute,
891 3504 971 3566 haud
990 3506 1053 3566 sine
1078 3508 1155 3568 vitae
1173 3509 1304 3590 periculo
1321 3507 1363 3566 di·
1406 3549 1407 3554 κ

136 3621 247 3668 cenent.
268 3604 300 3687 3)
444 3661 447 3667 .
1406 3597 1407 3692 l

170 3901 196 3968 l)
215 3903 288 3970 Gorg.
307 3901 583 3955 526.1t.-5at.1).

77 4031 80 4038 ,
168 3986 195 4053 2)
214 3989 301 4050 Quint.
320 3989 379 4040 lost.
401 3989 471 4042 Orat.
487 3989 525 4051 X,
540 3988 560 4039 Ι.
579 4006 605 4056 p.
621 3987 685 4039 223³
702 3987 760 4054 Bip.
785 3987 832 4040 le.
849 3989 936 4039 luido.
956 4005 982 4055 p.
996 3985 1055 4040 119.

167 4073 194 4140 3)
214 4076 409 4128 Demonstravit
437 4091 520 4142 nuper
543 4075 622 4128 docte
647 4073 761 4137 baltius,
790 4091 894 4139 errare,
917 4077 960 4142 qui
985 4077 1041 4126 sive
1062 4092 1077 4128 a
1097 4075 1254 4144 Thucydidis
1274 4080 1358 4130 sivca

133 4162 250 4216 Platonis
280 4162 384 4214 dicendi
415 4162 582 4214 scribendine
612 4162 713 4212 ratione
744 4176 827 4228 genus
856 4161 959 4212 dicendi
987 4159 1207 4214 Demostheneunr
1235 4163 1357 4214 ducerent.

133 4249 197 4301 But.
216 4252 271 4301 cett.
295 4267 351 4300 ooo.
371 4247 402 4298 V.
427 4250 449 4298 1.
471 4246 528 4298 188.
571 4245 725 4298 Rectissime
748 4261 814 4298 vero
837 4246 890 4298 ille.
934 4245 997 4298 Nam
1019 4262 1070 4316 ego
1087 4248 1113 4297 in
1136 4247 1175 4298 his
1193 4249 1357 4316 philosophiam

133 4337 277 4403 praecipue
298 4335 457 4387 Socraticam
479 4342 506 4384 et
524 4332 683 4384 Platonicam
710 4333 841 4397 spectavi;
865 4348 947 4401 genus
968 4348 1033 4386 vero
1060 4332 1163 4384 dicendi
1184 4337 1294 4387 oratoris
1315 4346 1358 4381 nee

133 4423 206 4492 attigi
227 4437 276 4473 nec
295 4422 420 4490 attingam
442 4421 583 4488 deinceps,
600 4420 650 4469 nisi
672 4426 798 4486 quatenus
822 4433 837 4468 e
857 4417 1024 4485 philosophia
1038 4419 1082 4470 illa
1098 4417 1179 4470 fluxit.
1213 4417 1355 4473 florendum

134 4507 160 4558 id
176 4508 251 4570 duxi,
274 4523 307 4559 ne
328 4506 497 4558 dissentires
513 4507 570 4557 viro
586 4505 743 4556 amicissimo
755 4503 877 4565 viderer,
901 4520 1010 4571 quocum
1026 4506 1164 4556 consentio
1181 4505 1355 4558 lubentissime.
