2832 5120
654 375 660 380 ,
743 293 799 352 rot

153 483 222 525 vero
250 463 340 544 spirat
367 459 464 519 ubivis
493 455 601 539 pariter
625 455 803 515 honestatem
831 467 860 514 et
880 455 1035 515 virtutem:
1061 457 1146 518 toties
1172 457 1324 519 Platonicae
1344 471 1365 518 ct

153 560 378 623 Demostheneae
401 558 425 616 si
450 557 547 614 minus
570 553 655 628 artis,
685 569 761 613 certe
790 554 971 633 eloquentiae
997 557 1125 616 admiror
1153 557 1364 617 similitudinem.

153 663 190 720 ln
210 660 324 720 Socrate
340 656 419 738 apud
436 654 604 727 Platonem,
625 653 704 712 cives
724 673 788 712 suos
807 668 942 712 monente
952 699 961 729 ,
983 669 1131 715 avertente
1149 677 1167 714 a
1184 657 1281 731 vitiis,
1298 659 1364 714 exci-

90 824 93 828 ,
152 774 232 820 tante
250 771 278 828 et
296 767 483 816 convertente
504 751 542 810 ad
562 751 680 811 virtutis
700 751 847 826 studium,
871 752 1025 832 imaginem
1053 755 1125 814 mihi
1150 756 1311 835 conspicere
1328 756 1365 814 ri·

151 858 221 917 deor
230 904 239 932 ,
252 875 338 936 quam
356 850 482 913 dicendo
498 851 638 931 expressit
652 849 876 909 Demosthenes:
899 851 1007 931 spirare
1027 851 1099 912 adeo
1115 851 1212 910 dicam
1231 853 1262 910 in
1280 854 1364 911 Demo-

150 953 261 1014 sthenis
280 949 460 1012 orationibus
479 949 638 1009 Socraticae
658 947 880 1024 platonicaeque
899 947 1100 1029 philosophiae
1119 951 1247 1029 genium.

189 1053 298 1111 Verum
316 1049 443 1108 redimus
462 1046 500 1105 ad
518 1047 692 1127 singularem
719 1045 801 1104 illam
821 1058 849 1104 et
872 1047 975 1112 miram
998 1047 1145 1128 prolecto,
1165 1069 1252 1126 quam
1277 1068 1367 1106 memo-

149 1150 295 1223 ravimus,
317 1147 441 1207 Socratis
466 1147 625 1220 rationem,
645 1145 695 1224 qui
716 1144 794 1204 idem
814 1144 940 1202 maxime
959 1157 988 1203 et
1005 1144 1187 1224 eloquentiae
1206 1167 1235 1205 se
1253 1147 1368 1228 opposuit

149 1247 254 1306 studiis
273 1260 301 1304 et
320 1244 415 1304 studia
432 1242 613 1323 eloquentiae
634 1243 787 1316 excitavit,
798 1242 963 1322 pariterque
982 1256 1010 1300 et
1027 1244 1161 1303 invectus
1180 1257 1223 1303 est
1242 1245 1276 1303 in
1295 1259 1367 1304 orato·

148 1366 212 1420 res,
226 1358 254 1403 et
264 1358 388 1403 oratores
397 1363 537 1416 summos,
549 1342 642 1422 ipsum
651 1340 891 1422 Demosthenem,
902 1339 1061 1422 disciplina
1075 1342 1126 1401 suh
1140 1340 1280 1402 excoluit.
1301 1341 1366 1401 Scili-

147 1457 192 1502 cet
212 1462 376 1524 perversam
404 1438 566 1520 exagitabat
583 1438 688 1498 saeculi
707 1438 751 1497 sui
772 1458 838 1496 cum
855 1438 1063 1519 sophistarum,
1082 1451 1143 1498 tum
1162 1453 1307 1499 oratorum
1324 1441 1367 1499 elo·

147 1542 314 1622 quantiam,
335 1539 385 1618 qui
406 1537 520 1597 nullam
534 1536 674 1596 habentes
693 1536 836 1621 veritatis,
857 1537 970 1596 nullam
980 1538 1111 1616 justitiae
1125 1538 1287 1615 rationem,
1307 1539 1368 1619 quod
1406 1621 1407 1624 Ἴ

149 1641 272 1698 maxime
298 1653 369 1697 esset
393 1636 499 1696 falsum
518 1636 734 1714 injustumque,
754 1635 788 1694 id
811 1635 939 1694 oratione
964 1635 1149 1696 multitudini
1169 1658 1329 1718 proponere
1345 1651 1369 1695 ut

150 1738 330 1798 verissimum
354 1735 602 1814 justissimumque
630 1732 851 1793 contenderent.
893 1733 1022 1808 Quorum
1051 1735 1205 1815 propositis
1232 1736 1370 1816 opinioni·

122 1909 124 1916 γ
149 1836 260 1922 busque
276 1833 464 1894 confutandis
478 1833 611 1914 proprios
630 1831 686 1890 sibi
706 1831 864 1908 insitosque
882 1832 944 1891 reri
959 1832 1088 1910 justique
1107 1853 1207 1892 sensus
1226 1833 1369 1915 explicuit:

149 1957 206 2015 quo
226 1948 326 2016 sponte
344 1934 405 2010 ejus
425 1934 516 1991 oratio
534 1931 649 2012 copiosa
673 1928 761 1988 fiebat
779 1943 807 1987 et
835 1930 1028 2009 persuasionis
1045 1929 1142 2010 plena.
1184 1931 1289 1991 Pectus
1306 1935 1369 1992 enim
1405 1963 1406 1974 ι

149 2048 208 2108 est,
229 2031 307 2113 quod
334 2030 455 2090 disertos
480 2029 559 2088 facit.
609 2029 709 2107 Itaque
740 2027 780 2085 sic
809 2026 937 2106 loquitur
965 2027 998 2086 in
1025 2027 1154 2088 Platonis
1179 2028 1306 2110 Gorgia,
1331 2045 1368 2104 ut,
1405 2049 1406 2052 ’

143 2129 228 2210 Υ(ιιιοιί
247 2131 345 2189 Cicero
365 2127 572 2188 animadvertit
582 2172 592 2201 ,
611 2127 645 2185 in
663 2124 824 2185 oratoribus
843 2124 1002 2186 irridendis
1021 2127 1083 2206 ipse
1106 2147 1166 2186 esse
1184 2142 1280 2188 orator
1304 2151 1368 2190 sum·

149 2249 212 2286 mus
231 2226 374 2287 videatur.
399 2223 429 2305 l)
449 2225 506 2283 Sed
526 2239 558 2284 ut
578 2226 609 2283 in
629 2223 743 2283 eosdem
768 2224 909 2305 sophistas
928 2239 958 2284 et
975 2239 1099 2286 oratores
1117 2221 1283 2309 ἒλεφιτικήν
1303 2251 1368 2290 suam

149 2323 326 2396 adhibebat,
347 2345 403 2401 qua
419 2323 511 2382 oculis
538 2322 667 2380 omnium
695 2321 867 2400 subjiciebat
885 2325 1042 2384 vanitatem
1060 2327 1164 2387 horum
1182 2329 1332 2390 hominum
1348 2310 1404 2392 eti

149 2421 378 2503 impudentiam,
399 2421 440 2498 ita
458 2435 548 2480 artem
566 2417 666 2480 docuit
683 2434 807 2479 oratores
826 2439 993 2500 germanos,
1014 2445 1069 2503 qua
1087 2427 1197 2509 populo
1217 2449 1368 2510 repr-aeson

147 2535 243 2581 tarent
263 2521 380 2580 intimos
398 2539 524 2598 quosque
545 2509 763 2599 demagogorum
784 2532 812 2578 et
832 2531 1023 2600 tyrannorum
1044 2545 1161 2600 sensus,
1184 2525 1264 2587 unde
1294 2529 1368 2586 mir-a

147 2620 248 2680 bil-iter
266 2639 333 2678 sanc
353 2619 476 2699 profecit
494 2618 717 2677 Demosthenes:
738 2638 861 2697 cumque
879 2639 912 2678 eo
928 2621 1075 2702 inprimis
1094 2622 1164 2684 haec
1183 2647 1230 2684 ars
1251 2626 1368 2698 valeret,

149 2734 180 2778 ut
204 2718 333 2779 veritatis
362 2717 534 2794 virtutisque
563 2737 686 2776 amorem
710 2717 742 2774 in
772 2715 923 2776 hominum
950 2721 1055 2780 animis
1083 2724 1239 2798 excitaret,
1263 2745 1301 2784 ex
1326 2723 1368 2782 hac

148 2816 277 2898 profecto
305 2838 362 2875 una
385 2815 514 2874 omnium
538 2816 662 2873 maxime
693 2815 819 2874 fructum
849 2836 951 2896 capere
977 2817 1142 2898 eloquentia
1162 2820 1277 2883 debuit.
1318 2823 1368 2880 Hoc
1403 2797 1404 2836 ³

148 2911 205 2974 sibi
226 2936 331 2973 munus
352 2914 425 2974 dicit
443 2915 475 2972 in
494 2912 633 2993 Apologia
658 2912 805 2988 Socrates,
828 2928 859 2973 ut
884 2913 969 2974 modo
997 2916 1181 3003 erudivimus,
1203 2923 1302 2981 aDiis
1321 2940 1368 2980 esse
1402 2893 1405 2984 i

149 3012 268 3090 datum,
290 3015 371 3073 utin
392 3013 613 3072 Atheniensium
631 3012 749 3070 civitate
769 3012 912 3094 populum!
927 3016 1008 3092 quasi
1026 3016 1150 3076 stimulis
1169 3032 1197 3080 et
1216 3019 1367 3079 calcaribus

149 3112 186 3172 ad
205 3114 375 3193 optimarum
405 3131 500 3168 rerum
526 3108 621 3169 studia
648 3111 804 3168 excitaret:
826 3112 932 3188 quibus
952 3113 1049 3172 verbis
1074 3118 1214 3196 expressit
1241 3133 1270 3177 et
1298 3116 1367 3198 qnasi
1402 3185 1403 3192 ἵ

147 3212 321 3271 vaticinatus
339 3223 381 3268 est
399 3207 603 3290 philosophus,
624 3206 696 3286 quid
715 3229 842 3268 summus
859 3231 895 3268 eu
920 3213 981 3289 ejus
1000 3211 1096 3272 schola
1115 3229 1209 3273 orator
1225 3215 1260 3276 in
1280 3215 1367 3276 eadem

147 3308 306 3386 aliquando
335 3309 453 3368 civitate
482 3320 553 3365 esset
581 3308 716 3365 lacturmus
759 3307 854 3367 Sensit
875 3330 943 3367 sane
969 3310 1127 3388 aliquando
1147 3312 1288 3388 Macedo,
1314 3314 1368 3394 quis

147 3421 218 3466 esset
237 3428 379 3486 quamque
405 3403 507 3464 efficax
523 3405 564 3466 ad
589 3406 758 3465 excitandos
778 3405 915 3466 adversus
933 3422 1073 3487 tyrannos
1102 3412 1181 3472 cives
1207 3413 1368 3473 Demosthe·

148 3527 219 3566 neae
239 3506 376 3566 orationis
396 3504 529 3564 stimulus
548 3517 576 3563 et
596 3503 699 3563 calcar:
1401 3517 1402 3591 q

188 3603 264 3662 Num
284 3603 489 3685 temporibus
481 3604 543 3662 istis
562 3603 732 3663 convenerit
751 3601 914 3682 eloquentia
934 3605 1147 3666 Demosthenis.
1168 3609 1268 3689 quid
1259 3624 1326 3670 rtem
1337 3606 1367 3664 de

148 3700 234 3780 hujus
254 3716 281 3762 et
301 3701 454 3761 Phocionis
472 3701 600 3811 politicis
627 3699 758 3760 consiliis
778 3703 1004 3764 existimandum
1024 3705 1078 3780 sit,
1110 3705 1158 3766 hic
1178 3730 1237 3767 non
1262 3707 1366 3787 quaeri·

148 3821 219 3860 mus.
256 3803 298 3860 De
319 3801 483 3880 eloquentia
504 3800 560 3859 viri
582 3816 610 3860 et
630 3793 775 3881 δεινότητι
797 3802 939 3885 agendum
958 3819 1027 3864 e1·.at
1069 3805 1194 3865 Miretur
1214 3821 1308 3865 autem
1322 3803 1365 3863 ali·

142 3898 225 3975 quis,
237 3919 296 3958 non
314 3899 432 3958 itehaec
449 3917 626 3979 perspexisse
635 3904 807 3984 Dionysium
819 3902 1099 3962 Halicarnassensem
1109 3901 1167 3983 ‚2)
1180 3925 1273 3984 neque
1282 3921 1363 3986 ipsum

145 4142 175 4186 et
196 4123 251 4186 τοῦ
270 4123 368 4186 κοινοῦ
387 4123 442 4206 τῆς
462 4117 577 4200 πόλεως
598 4151 655 4188 cum
674 4138 782 4190 Socrate
801 4139 957 4207 colloquium
975 4147 1059 4190 exstat
1076 4137 1117 4190 50.
1135 4137 1167 4190 A.
1194 4139 1270 4200 Quod
1288 4145 1359 4189 ente·

147 4231 280 4280 candorem
305 4228 376 4280 illum
402 4229 560 4281 Socraticum
585 4231 688 4293 attinet,
712 4233 937 4298 operaepretium
957 4240 1074 4284 estoum
1093 4230 1192 4284 Critone
1211 4229 1358 4302 conpuncta

143 4331 298 4384 comparare
316 4314 525 4366 Demostheueae
541 4318 665 4368 orationis
683 4319 713 4368 de
730 4335 822 4368 corona
839 4320 1008 4384 prooemium.

180 4399 206 4462 1)
226 4402 262 4452 De
286 4403 355 4452 Orat.
377 4402 397 4449 1.
418 4399 458 4451 11.

178 4494 205 4558 2)
225 4485 303 4566 Heni
323 4487 403 4568 Δημ.
426 4477 532 4546 derude.
555 4494 593 4547 Cl.
612 4497 659 4564 Ep.
680 4497 715 4546 cd
733 4495 816 4562 Pnnp.
867 4557 870 4565 γ
