2886 5118
720 257 779 318 428

128 407 194 486 gula
214 389 372 492 deinceps,
391 413 489 491 qualia
503 415 580 489 sint,
600 416 704 478 definit
726 420 762 500 l).
806 425 890 482 Nunc
912 441 1007 486 autem
1028 430 1066 490 ad
1086 453 1118 489 ea
1128 447 1203 493 recte
1216 432 1254 494 sie
1270 438 1349 515 posita

126 520 153 564 et
173 507 295 569 definita
315 513 510 588 quaestionem
530 515 620 594 exigit
639 516 676 576 de
696 522 856 593 amasim
874 523 911 582 de
925 524 1072 606 voluptate
1089 544 1117 588 et
1129 533 1277 612 sapientia,
1300 536 1348 592 utri

126 602 164 662 ad
183 605 257 665 bene
270 609 408 686 beateque
430 611 591 670 vivendum
612 614 679 694 plus
696 619 733 676 sit
753 616 932 680 efficacitatis
963 623 1165 688 tribuendum.
1207 634 1276 690 Nam
1299 633 1349 710 pal·

124 722 200 760 mam
217 707 354 765 victoriae
371 708 478 767 mixtae
492 711 553 785 jam
574 713 650 772 vitae
670 723 865 776 concesserat:
888 718 964 779 hauc
986 737 1118 784 constare
1140 749 1191 786 nec
1204 730 1348 811 ,voluptate

124 798 201 875 sola,
218 823 272 861 nec
290 805 352 864 sola
372 805 458 863 etiam
477 807 618 888 sapientia
639 812 793 888 docuerat,
815 815 865 875 sed
889 831 956 898 apta
977 822 1125 901 utriusque
1144 830 1345 907 temperatione.

126 899 308 982 Quapropter
323 897 361 964 ccl
377 903 526 985 δευτερεῖα
550 929 627 966 urrnc
648 913 761 991 quaerit
783 915 840 972 utri
862 915 1019 976 tribuenda
1042 921 1222 984 viderentur.
1264 927 1348 1004 Itaque

124 995 163 1056 ad
181 1001 272 1062 vitam
296 1006 379 1072 illam
405 1008 563 1087 sapientiae
589 1006 670 1087 plus,
701 1030 786 1088 quam
808 1012 972 1094 voluptati,
1008 1015 1187 1081 efficacitatis
1217 1025 1347 1083 concedit.

126 1094 242 1158 Etenim
261 1101 299 1160 ad
318 1103 435 1162 infinita
453 1107 580 1185 pertinet
602 1106 753 1188 voluptas:
774 1111 914 1170 terminos
933 1112 982 1171 illa
1006 1115 1104 1175 nullos
1122 1119 1229 1196 habet,
1251 1125 1347 1203 sapien·

123 1195 162 1253 tia
183 1216 251 1256 vero
268 1200 330 1262 sive
351 1199 419 1275 νοῦς
437 1201 601 1264 deliniendi
622 1205 838 1286 ordinandique
860 1210 919 1270 vim
939 1209 1046 1270 habere
1062 1219 1193 1294 putanda
1214 1233 1264 1279 est.
1276 1217 1347 1281 Πάν-

123 1314 171 1366 τες
192 1291 251 1378 γάρ
275 1302 486 1384 συμφωνοῦσιν
507 1299 536 1363 οἱ
558 1301 660 1383 σοφοὶ,
685 1299 808 1380 ἓαοτοῦς
827 1298 907 1369 οὕτω
921 1299 1134 1390 asperimonte,
1146 1309 1189 1390 σῦς
1208 1320 1278 1395 νοῦς
1295 1321 1347 1384 ἐστὶ

118 1393 255 1475 βασιλεῦς
262 1395 335 1484 ἧμιν
343 1400 471 1490 οῦροινοῦ
479 1404 528 1466 καὶ
536 1404 603 1486 γῆς·
614 1429 713 1467 amares
721 1416 801 1466 anim
821 1420 1013 1472 consentiant
1033 1425 1185 1492 sapientes
1190 1465 1199 1494 ,
1211 1437 1299 1482 semet
1308 1435 1346 1505 ip·

121 1521 166 1558 σοι
175 1508 221 1560 ita
232 1509 425 1586 extollentes,
434 1519 564 1568 mentem
576 1530 636 1567 esse
645 1509 718 1566 caeli
728 1517 877 1566 σείονται
893 1514 1141 1590 gubernatricem
1153 1515 1195 1597 2).
1227 1520 1264 1580 Et
1273 1545 1347 1598 vero,

120 1599 180 1658 vim
198 1605 345 1681 quandam
370 1609 520 1668 fortuitam
548 1622 575 1666 et
604 1607 724 1666 rationis
754 1621 902 1686 expertem
928 1631 987 1669 nou
1011 1608 1211 1693 ἐπιτροπεύειν
1232 1619 1346 1680 dicamus

118 1701 216 1758 omnia
235 1702 305 1763 haec
316 1751 324 1780 ‚
344 1726 417 1784 quae
440 1709 608 1767 universum
628 1705 827 1786 appellamus,
852 1705 903 1764 scd
927 1709 1010 1790 longe
1029 1718 1154 1792 rectius,
1170 1713 1306 1802 καθάπερ
1325 1717 1346 1778 ai·

120 1789 257 1876 πρόσθεν
277 1796 368 1884 ἡμῶν
389 1800 504 1886 ἔλεγον,
525 1803 594 1865 νοῦν
614 1801 663 1863 καὶ
683 1795 832 1884 φρῦνησίν
853 1827 917 1866 τινα
938 1809 1121 1895 θαυμαστήν
1141 1810 1346 1899 συντάττονσιιν

124 1898 334 1989 ῦιακυβερνᾷν·
354 1919 389 1966 ut
409 1916 461 1987 qai
480 1917 551 1966 ante
570 1929 622 1964 nas
633 1909 773 1981 suerunt
791 1909 957 1984 ἀίσσουσι,
975 1925 1104 1974 mamam
1125 1932 1217 1999 atque
1239 1932 1344 2002 sapien·

118 2008 194 2060 tiam
214 2008 425 2066 admirabilem
455 2008 607 2084 quandam
637 2005 781 2063 ordinare
799 2016 828 2063 et
844 2011 1018 2086 gubernare
1037 2023 1138 2076 amaria
1160 2018 1202 2099 3).
1250 2025 1342 2098 Unde,

123 2115 267 2178 quantum
286 2105 431 2186 voluptati
451 2105 594 2184 sapientia
614 2116 757 2183 praestet,
778 2104 964 2186 intelligitur.

116 2241 119 2248 ·
158 2198 215 2258 Sed
234 2202 281 2264 his
300 2206 340 2264 ita
359 2203 542 2284 exploratis,
571 2201 649 2259 illud
671 2202 867 2282 peragendum
897 2207 1015 2286 taudem
1036 2213 1194 2275 arbitratur
1212 2219 1339 2292 Socrates,

119 2299 198 2374 quod
221 2317 371 2363 monuerat
402 2304 432 2360 in
463 2300 660 2381 superioribus
679 2298 725 2380 4),
746 2314 796 2375 ut,
826 2305 941 2363 secretis
958 2307 994 2364 ab
1016 2309 1076 2389 ipsa
1096 2314 1248 2396 voluptate
1265 2333 1291 2379 et
1305 2341 1342 2378 sa-

118 2396 230 2474 pientia
251 2403 341 2461 variis
376 2401 525 2477 utriusque
554 2397 726 2478 generibus,
758 2420 795 2458 ex
818 2414 937 2480 utraque
967 2419 1139 2487 temperaret
1166 2431 1246 2474 recte
1266 2419 1341 2476 vitam

118 2492 240 2559 beatam.
282 2499 368 2574 Quod
387 2513 419 2557 ut
439 2497 580 2578 perfecit,
602 2497 734 2555 immixta
755 2497 781 2554 ei
801 2500 938 2576 veritate,
958 2500 990 2561 ’τί
1010 2504 1099 2586 δῆτα,
1126 2517 1259 2591 quaerit,
1275 2512 1342 2598 ἐντῇ

116 2590 251 2673 ξυμμίξει
271 2593 450 2678 τιμιώτατον
471 2587 536 2674 ἅμα
557 2592 605 2655 καὶ
627 2589 744 2671 μάλιστ’
765 2590 857 2656 αἴτιον
878 2590 949 2660 εἶναι
964 2600 1074 2676 δόξειεν
1088 2604 1125 2670 dv
1141 2606 1214 2692 η’μΐν
1224 2618 1277 2678 τοῦ
1293 2619 1341 2675 nri-

114 2715 144 2755 σε
163 2697 308 2780 γεγονέναι
336 2700 489 2780 προσφιλῆ
515 2690 573 2779 τήν
602 2691 740 2779 τοιαύτην
762 2692 914 2775 διάθεσιν;
945 2712 1018 2784 qaid
1042 2720 1076 2770 in
1099 2726 1304 2777 aomnttettone
1319 2730 1341 2776 et

109 2809 370 2874 pretiosissimum
397 2814 444 2862 est
463 2803 558 2861 simul
576 2818 605 2863 et
627 2804 708 2860 nabis
727 2809 760 2858 ιἰι
781 2827 889 2867 caussa
907 2825 1055 2894 manime,
1077 2833 1112 2879 at
1125 2830 1263 2886 amnibus
1280 2829 1340 2884 Ιιοεσ

112 2907 266 2985 dispositio
283 2919 378 2990 grata
399 2912 542 2970 aecidat?
563 2905 594 2984 5)
634 2901 671 2961 Εῑ
691 2899 730 2957 sle
752 2901 788 2960 ad
818 2925 950 2983 quartum
979 2916 1076 2993 illud,
1095 2923 1173 3000 quod
1200 2940 1340 3005 posuerat,

111 3004 295 3066 adamassem
306 3009 435 3085 accedit,
453 3029 571 3087 eamque
586 3023 644 3063 esse
664 2992 705 3059 τῦ
725 2991 851 3080 dyada*
855 3029 871 3065 v
890 3011 1015 3074 invenit.
1058 3018 1159 3079 Omnis
1179 3023 1339 3112 mixtionis,

112 3102 171 3175 ait,
194 3125 254 3163 uon
273 3106 397 3166 difficile
415 3123 456 3168 est
474 3127 601 3168 caussam
632 3102 778 3184 reperire,
805 3106 842 3165 ob
862 3129 947 3188 quam
969 3112 1015 3170 vel
1036 3114 1157 3193 plurimi
1177 3123 1214 3180 sit
1234 3123 1280 3181 vel
1296 3123 1339 3179 mi·

112 3200 184 3257 nimi
205 3202 350 3264 facienda.
392 3206 464 3264 Nam
485 3207 554 3264 latet
575 3203 740 3273 neminem,
760 3204 931 3265 mixtionem
952 3230 1154 3293 quamcunque
1174 3231 1202 3275 et
1221 3219 1338 3296 qualem·

111 3318 245 3374 cunque,
264 3299 342 3360 modi
363 3303 633 3381 aequabilitatisque
651 3312 817 3378 expertem,
839 3319 867 3364 et
886 3307 977 3364 mixta
996 3315 1156 3372 necessario
1175 3328 1202 3373 et
1222 3319 1338 3395 primum

109 3397 308 3479 semetipsam
329 3401 458 3481 perdere.
501 3403 567 3460 Non
597 3399 676 3456 euim
696 3395 817 3476 κρᾶσις,
841 3401 891 3459 sed
910 3395 1036 3484 ἄκρατος
1063 3411 1203 3488 quaedam
1224 3415 1292 3472 haec
1311 3414 1339 3472 fit

110 3490 295 3571 bominibus,
324 3512 429 3559 temere
455 3511 588 3580 congesta
615 3493 767 3579 ξυμφορά.
809 3505 1001 3588 Quamobrem
1030 3509 1128 3588 effugit
1148 3533 1200 3569 uos
1219 3515 1337 3584 bonum,

110 3591 142 3649 iu
160 3593 256 3672 pulcri
278 3609 409 3658 naturam
429 3619 458 3656 se
478 3598 631 3677 recipiens.
673 3599 780 3660 Modus
798 3601 877 3660 enim
896 3617 924 3662 et
943 3606 1134 3683 aequabilitas
1157 3609 1254 3668 ubivis
1273 3611 1337 3670 solet

108 3690 277 3769 pulcritudo
297 3710 325 3755 et
356 3697 450 3756 virtus
477 3717 544 3754 esse.
589 3696 748 3756 Veritatem
775 3713 868 3758 autern
900 3701 1031 3762 diximus
1062 3727 1120 3762 una
1148 3709 1292 3794 cumillis
1310 3709 1337 3764 in

109 3793 315 3869 temperatione
333 3794 453 3853 mixtam
473 3815 542 3857 esse.
586 3789 703 3856 Οὐκοῦν
723 3795 748 3856 εἶ
767 3791 812 3877 μή
832 3797 889 3882 μιᾷ
916 3795 1075 3880 δυνάμεθα
1101 3798 1168 3888 ι’δέρ
1187 3801 1229 3866 τῦ
1248 3801 1337 3884 o'ya-

107 3881 158 3945 do*
166 3909 181 3944 ν
202 3887 441 3968 θηρεῦσαι,συ“ν
460 3893 541 3976 τρισὶ
562 3890 715 3974 λαβόντες,
736 3894 864 3960 κάλλει
890 3903 939 3962 καὶ
961 3903 1172 3990 συμμετρίᾳ
1191 3907 1238 3968 aul
1257 3903 1336 3986 ailq-

141 4098 166 4162 l)
185 4102 277 4155 Pateat.
295 4105 330 4157 24
348 4116 374 4157 et
391 4107 432 4158 25.

139 4183 165 4248 2)
184 4189 246 4240 Eod.
265 4189 307 4240 28.
327 4189 356 4243 C.

138 4268 165 4332 3)
185 4273 245 4325 Eod.
264 4275 306 4326 28.
330 4279 358 4326 D.

139 4353 164 4416 ll
183 4359 244 4410 aaa.
256 4359 305 4411 20.
324 4361 355 4412 Α.

140 4438 166 4500 5)
185 4444 247 4494 Eud.
266 4445 308 4494 64.
330 4445 357 4496 C.
