2886 5118
652 247 726 312 ,lli

78 418 217 479 memoria
244 427 273 476 et
302 433 362 475 esse
392 433 460 476 vero
488 416 607 475 nomine
637 415 772 474 solertias·
800 408 965 492 poterimus.
1008 404 1045 466 Id
1074 424 1156 486 agere
1185 423 1316 486 persera-

78 530 149 576 rant
178 515 321 594 hodieque
339 515 397 574 rari
416 513 483 589 illi,
505 533 577 593 quos
595 511 778 594 significavi,
805 509 856 570 sed
876 507 1004 588 germani
1025 503 1213 586 philosophi,
1244 517 1316 582 quos

78 616 112 673 in
140 615 243 696 primis
267 609 429 673 audiendos
455 624 574 693 putem,
607 623 754 691 aguntque
781 607 935 668 maximam
961 617 1072 687 partem
1100 601 1229 677 eruditi,
1248 600 1318 680 qui,

77 714 214 792 quamvis
233 710 314 771 haud
333 710 518 792 appellentur
536 707 726 791 philosophi,
744 701 919 788 philosopha
940 704 1051 764 ratione
1071 701 1170 760 literas
1189 715 1218 760 et
1237 719 1318 758 suam

76 813 189 891 quique
206 811 368 871 doctrinam
389 822 514 869 tractant
533 807 739 886 excoluntque.
781 803 892 880 Quodsi
913 804 989 865 riam
1007 820 1193 880 normamque
1203 796 1318 859 deside·

77 928 177 970 ramus
187 955 196 985 ,
215 930 272 990 qna
281 955 290 984 ,
310 909 344 970 iis
361 905 562 989 philosophiae
583 904 680 966 studio
692 949 707 982 ,
719 904 758 964 ad
777 921 858 978 noea,
872 899 1072 973 invenienda,
1091 919 1165 978 quae
1184 909 1318 978 expetere

77 1007 268 1076 vehementer
287 1006 419 1066 homines
438 1005 532 1066 solent
542 1051 550 1080 ,
580 1002 770 1086 procedamus
786 1016 863 1062 reete
873 1047 882 1075 ,
911 998 945 1060 id
960 998 1097 1059 suadeam
1116 994 1317 1077 philosophis,

76 1105 158 1185 quod
177 1105 378 1166 commendare
398 1124 443 1163 me
460 1105 492 1163 in
507 1102 706 1185 superioribus
726 1101 860 1174 memini,
882 1112 914 1158 ut
929 1099 1098 1179 priusquam
1108 1111 1225 1156 manum
1236 1091 1317 1174 operi

76 1203 253 1292 admoveant
259 1249 268 1278 ,
289 1202 466 1264 erudiendos
486 1221 544 1262 sese
565 1202 636 1283 ipsis
651 1199 859 1286 philosophiae
877 1196 1063 1279 parentibus,
1086 1192 1196 1254 Socrati
1212 1205 1240 1250 ot
1254 1191 1318 1252 Pla·

76 1303 160 1377 toni,
182 1300 317 1363 tradant:
343 1321 401 1380 quo
423 1299 539 1360 facilius
560 1301 723 1378 certiusqne
733 1341 742 1374 ‚
768 1298 801 1358 in
822 1297 876 1356 hac
896 1295 1008 1355 seilicet
1027 1310 1094 1354 vera
1115 1289 1321 1373 philosophiae

77 1399 178 1458 schola
198 1399 320 1474 cruditi,
342 1412 370 1459 et
389 1418 466 1459 nova
480 1399 654 1471 inveniant,
673 1417 746 1476 quae
764 1395 914 1460 verissima
933 1394 1012 1468 sint,
1032 1400 1061 1452 et
1078 1405 1144 1471 apta
1162 1389 1232 1448 haec
1247 1402 1317 1448 tem·

76 1497 200 1578 poribus
229 1499 334 1557 nostris
352 1497 577 1556 accommodent.
619 1491 667 1554 sic
689 1494 801 1556 scilieet
820 1493 942 1574 aggressi
962 1508 1034 1574 opus
1054 1489 1145 1549 iidem
1164 1487 1211 1548 illi
1231 1500 1314 1562 sunt,

75 1596 126 1674 qui
148 1597 258 1676 optime
276 1594 469 1676 praecedente
486 1594 601 1654 saeculo
616 1593 653 1654 de
672 1591 858 1674 philosophia
876 1592 997 1651 fuerunt
1014 1588 1121 1650 meriti.

115 1694 200 1768 Quae
221 1713 286 1752 cnm
303 1693 400 1752 animo
418 1692 567 1753 volverem
585 1691 715 1770 mihique
735 1691 767 1750 in
787 1690 851 1750 dies
868 1689 968 1770 magis,
989 1685 1145 1748 scribendo
1154 1684 1209 1744 hoe
1219 1703 1315 1764 opere,

76 1791 230 1872 probarem
250 1811 284 1849 ae
305 1789 524 1872 persuaderem,
543 1791 583 1849 sie
603 1789 788 1864 existimari,
808 1787 1028 1848 instaurandam
1046 1785 1093 1845 his
1106 1785 1231 1844 maxime
1245 1795 1315 1842 tem·

75 1890 201 1970 poribus
218 1909 278 1948 esse
295 1889 445 1967 antiquam
455 1888 644 1963 Graecorum,
661 1888 828 1970 praesertim
844 1885 1072 1947 *Platonicam
1089 1881 1314 1966 philosophiam.

76 1989 148 2047 Nam
179 1985 359 2046 Platonicam
378 2007 443 2046 cum
462 1985 677 2068 philosophiam
696 1985 835 2062 dicimos,
854 2007 914 2046 non
932 1985 1019 2044 unius
1039 1981 1236 2064 significamus
1255 1978 1314 2042 riri

75 2087 136 2146 sire
164 2085 273 2166 placita
302 2086 363 2146 sive
384 2085 547 2145 doctrinam
559 2110 567 2162 3
596 2085 724 2166 ipsorum
744 2085 869 2144 dicimus
888 2084 1063 2144 Graecorum
1081 2067 1315 2163 philosophiam,

76 2207 91 2244 a
117 2179 215 2265 poetis
233 2182 469 2266 ac.philosophis
490 2184 653 2262 antiquitus
670 2183 750 2265 apud
769 2179 837 2243 illos
853 2181 1017 2264 proditam,
1045 2201 1062 2238 a
1083 2179 1199 2240 Socrate
1219 2187 1314 2236 autem

76 2297 103 2342 et
131 2281 255 2341 Platone
284 2280 322 2341 ad
349 2271 444 2363 ipsum
471 2280 618 2341 hominem
645 2282 876 2363 cognoscendum
898 2281 1021 2342 interius
1046 2274 1313 2360 perficiendumque

75 2380 249 2440 adhibitam.
284 2380 349 2440 Non
369 2381 448 2440 euim
467 2383 621 2448 ex'eorum
642 2397 763 2440 numero
782 2381 864 2440 Plato
882 2394 960 2455 erat,
977 2377 1029 2458 qui
1049 2376 1107 2437 sihi
1126 2375 1196 2435 solis
1215 2396 1245 2434 se
1263 2374 1313 2434 de·

75 2478 142 2537 bere
172 2479 286 2552 omnia,
314 2498 346 2538 ao
374 2478 448 2538 solos
469 2479 575 2538 iccirco
594 2473 622 2538 se
644 2497 743 2560 sapere
762 2493 910 2561 putarent.
951 2479 1085 2537 imbutus
1104 2475 1155 2535 ille
1175 2474 1313 2535 informa·

77 2590 182 2656 tusque
214 2575 359 2635 &cretica
388 2577 592 2652 institutione,
612 2591 784 2658 'susceperat
813 2577 900 2637 simul
920 2578 1018 2636 animo
1037 2573 1183 2654 quidquid
1202 2573 1296 2633 Ioniol
1307 2606 1317 2650 p

75 2673 223 2748 Eleatici,
252 2673 424 2754 Pythagorei
454 2673 643 2755 philosophi,
682 2673 831 2756 quidquid
851 2674 923 2735 adeo
943 2680 1043 2755 politae
1073 2673 1169 2752 epici,
1208 2671 1316 2752 lyrici,

75 2771 198 2851 tragici,
229 2771 438 2852 scriptoresque
467 2773 500 2831 in
519 2773 598 2832 muni
620 2769 769 2832 literarum
789 2791 893 2853 genere
910 2793 977 2832 cum
995 2769 1121 2832 sublime
1141 2783 1204 2830 tum
1222 2769 1315 2830 bonae

74 2867 169 2949 frugis
197 2869 230 2928 in
258 2869 353 2928 lucem
379 2870 543 2931 emiserant.
585 2871 714 2945 Quorum
744 2873 892 2947 omnium,
920 2872 1076 2954 praecipue
1103 2891 1172 2930 vero
1192 2868 1316 2928 Socratis

75 2968 139 3042 sni,
170 2965 258 3026 dictis
289 2967 464 3047 monitisque
489 2968 583 3030 veluti
617 2981 715 3050 pastus
733 2983 762 3028 et
779 2971 996 3046 corroboratus,
1026 2989 1087 3028 eam
1108 2968 1227 3028 tandem
1243 2968 1343 3032 seri»,

75 3062 175 3123 hendo
193 3064 406 3146 philosophiam
424 3064 574 3147 prodidit,
595 3083 667 3147 quae
689 3069 817 3148 ipsorum
836 3069 908 3130 adeo
926 3069 1103 3129 Graecorum
1121 3067 1182 3128 sive
1203 3067 1316 3147 sapien·

75 3162 145 3221 tiam
156 3208 165 3237 ,
192 3165 273 3239 sive,
304 3175 336 3222 ut
365 3163 462 3224 dicere
490 3165 547 3246 ipsi
567 3165 735 3241 malebant,
759 3166 919 3248 sapientiae
937 3165 1066 3228 studium
1085 3166 1214 3226 referret.
1256 3165 1315 3224 Neo

36 3296 41 3302 ·
78 3277 147 3320 vero
169 3262 308 3320 doctrino
327 3261 385 3321 fuit
403 3263 545 3342 quaedam
562 3263 747 3347 philosophia
767 3266 914 3343 Platonis,
945 3285 1001 3347 qua
1021 3266 1205 3347 gravissimae
1221 3263 1317 3346 expli·

76 3371 213 3418 narentur
231 3359 434 3441 philosophiae
454 3365 654 3440 quaestiones:
676 3376 737 3424 erat
757 3354 827 3440 illa,
849 3379 882 3424 ut
902 3363 1208 3446 nobismodopatuit,
1226 3370 1317 3422 insu*

76 3464 156 3515 tutio
173 3455 304 3518 hominia
313 3503 322 3533 ,
343 3461 474 3519 hominis
493 3474 567 3536 erat,
588 3474 619 3520 ut
639 3479 736 3542 sapere
755 3477 833 3522 recte
851 3461 978 3524 disceret
991 3476 1076 3542 atquc
1096 3462 1147 3522 has
1166 3461 1316 3542 explicare

76 3555 259 3632 quaestiones
280 3556 361 3616 haud
381 3558 488 3617 frustra
507 3559 662 3633 niteretur,
683 3561 902 3619 advertentem
922 3569 1083 3621 conversio.
1124 3561 1208 3619 Hanc
1227 3560 1317 3638 igitur
1365 3633 1368 3638 ,

76 3651 310 3734 philosophiam,
329 3676 403 3734 qnae
424 3655 463 3714 ita
482 3670 606 3737 sponte,
624 3657 686 3737 ipsi
707 3671 827 3718 naturae
848 3659 880 3719 vi
897 3672 926 3718 et
944 3659 1073 3720 ubertate
1091 3671 1120 3716 et
1139 3657 1225 3716 unice
1244 3678 1316 3736 pro·

75 3751 151 3809 fecto
170 3750 209 3810 ad
226 3751 421 3812 excolendum
440 3756 615 3836 penitusque
638 3755 831 3815 erudiendum
843 3774 939 3842 'genus
957 3757 1124 3829 hominum,
1141 3756 1174 3814 in
1194 3754 1315 3814 Graecia

75 3847 216 3925 effloruit,
246 3851 376 3912 Platonis
402 3867 497 3912 autem
517 3853 655 3935 ingenio,
685 3853 790 3915 divino
811 3854 883 3930 ille,
913 3854 1029 3913 exculta
1048 3853 1233 3934 perfectaque
1254 3865 1315 3931 est,
1365 3873 1367 3878 ·

76 3945 153 4006 hanc
163 3993 172 4022 ,
194 3949 315 4027 inquam
326 3995 334 4025 ,
355 3950 461 4029 quidni
482 3949 608 4012 scholam
630 3951 759 4012 dieamus
778 3952 1016 4034 philosophorum
1034 3952 1186 4034 optimam,
1205 3950 1315 4013 instau-

75 4043 254 4125 randamque
281 4047 336 4106 hac
357 4062 454 4108 nostra
472 4062 565 4126 aetate
586 4052 669 4110 esse?
711 4050 892 4111 Faciendum
911 4049 943 4110 id
961 4065 1056 4111 autem
1076 4053 1199 4113 maxime
1219 4052 1252 4112 in
1267 4053 1314 4131 ju·

76 4163 186 4202 venum
215 4145 335 4224 gratiam
353 4168 516 4208 censemus.
558 4149 697 4210 Veterani
716 4149 900 4230 philosophi,
930 4163 1069 4227 quotquot
1089 4150 1207 4230 quidem
1225 4149 1317 4210 alieni

76 4239 137 4298 iere
163 4242 283 4304 luerunt
300 4266 316 4303 a
335 4243 441 4306 studiis
459 4245 538 4306 hisce
558 4267 612 4306 nec
632 4268 648 4306 a
669 4260 768 4307 tenera
789 4247 859 4306 inde
877 4260 969 4306 aetate
987 4247 1065 4308 hane
1085 4247 1314 4330 philosophandi

77 4338 217 4398 rationem
238 4341 444 4422 degustarunt,
474 4364 555 4424 aegre
573 4365 602 4404 se
620 4344 699 4405 trahi
719 4344 757 4404 ad
778 4343 830 4404 hos
848 4347 944 4406 fontes
962 4331 1120 4428 sapientiae
1139 4347 1311 4426 patientum

74 4434 197 4510 juvenes
222 4460 310 4516 uero,
341 4441 448 4521 quibus
469 4441 572 4505 natust
589 4443 665 4506 inest
685 4443 870 4526 philosophia
891 4445 1049 4524 quaedam,
1080 4458 1112 4504 ut
1131 4445 1238 4521 semel,
1257 4444 1312 4506 hac
