2950 5134
744 247 783 312 tt

149 431 219 490 quae
245 412 375 493 proxime
394 425 465 472 sunt
488 409 567 491 apud
593 410 741 472 Platonem
767 425 795 472 et
823 413 856 472 in
876 412 1003 472 hominis
1018 425 1121 475 uetere
1138 434 1234 474 muru
1256 416 1387 476 invicem

149 510 323 586 cunjuncta:
348 523 409 569 tum
427 508 463 568 de
490 531 576 584 ocra,
597 507 634 568 de
662 509 816 570 dialectiea
836 521 865 570 ct
892 510 1014 570 caeteris
1040 509 1222 591 disciplinis,
1243 535 1322 594 quae
1352 513 1389 574 ad

149 627 249 670 rerum
267 607 475 687 assequendum
495 606 681 666 adhibendae
696 621 782 668 sunt:
812 608 977 688 praesertim
996 607 1032 668 de
1050 611 1127 668 idaia
1146 624 1228 689 atque
1253 611 1389 674 idearum

149 705 278 768 omnium
300 727 428 778 summa,
449 705 486 766 de
506 707 594 764 bono.-
615 705 732 770 tandem
752 705 789 766 de
801 713 909 782 juste,
934 707 1017 782 cujus
1034 711 1198 786 argumenti·
1215 709 1390 788 disquisitio

150 803 228 884 apud
246 803 393 863 Platonem
412 817 442 864 et
464 805 624 877 ruorslem,
645 823 728 884 quam
758 825 810 864 nos
828 803 970 877 dicimus,
991 805 1161 864 doctrinam
1180 807 1389 887 complectitur

150 914 178 962 et
190 903 349 978 politicam
364 901 468 965 simiel:
487 901 558 964 item
574 900 610 960 de
631 902 691 964 vita
711 893 803 962 beuta.
834 901 949 976 Quibus
961 901 1142 979 adiiciendac
1156 918 1241 964 crunt
1256 904 1389 984 philoso

150 998 202 1078 phi
221 999 259 1060 de
277 999 362 1060 rebus
379 1000 505 1074 diuinis,
525 999 564 1063 de
581 1013 682 1059 sancto
698 1012 728 1058 et
745 999 847 1060 diviua
866 1013 970 1059 natura
987 1002 1166 1075 sententiae,
1190 1001 1300 1062 ductae
1321 1001 1389 1062 illae

151 1099 303 1158 maximam
321 1111 429 1179 partem
439 1143 450 1172 ,
468 1111 544 1158 certe
562 1097 753 1178 explicandae
770 1118 809 1156 ex
827 1097 1072 1177 disputationibus
1090 1099 1348 1179 praecedentibus.

193 1195 230 1254 Et
249 1197 289 1256 sic
309 1197 443 1277 quidem,
465 1197 498 1254 ni
522 1195 669 1270 fallimur,
690 1195 822 1256 ordinem
840 1215 1008 1273 sequemur,
1028 1217 1089 1274 quo
1105 1198 1199 1276 ipsum
1220 1198 1264 1258 in·
1286 1196 1389 1278 philo

153 1291 302 1374 sophando
319 1312 498 1374 progressum
521 1307 562 1354 est
581 1293 709 1354 Platonis
727 1293 885 1374 ingenium.
934 1293 1058 1354 Jurcnis
1075 1293 1128 1352 ille
1147 1293 1320 1354 Socraticus⁴
1333 1295 1391 1354 fuit

153 1393 258 1472 etegit
276 1393 307 1450 in
328 1392 458 1452 Phaedro
478 1392 514 1452 de
537 1413 637 1450 eumer
659 1405 686 1451 et
700 1393 818 1469 pulmo.
860 1391 906 1452 Ad
933 1393 1090 1471 Megaricos
1109 1394 1250 1453 concessu
1279 1392 1390 1454 deinde

153 1505 183 1550 et
200 1491 342 1550 Edeaticcs
352 1535 362 1565 ,
381 1509 503 1570 quorum
525 1491 558 1550 iu
586 1479 762 1572 disputando
782 1489 943 1550 subtilitate
961 1504 1080 1571 ceptus,
1103 1512 1206 1548 oerum
1236 1491 1390 1568 inquirere

153 1587 361 1668 distinguendo
376 1589 506 1663 studuit,
521 1590 689 1670 scripsitque
704 1588 872 1650 dialecticos
883 1607 1038 1662 sermones,
1060 1587 1247 1648 Theaetetum
1254 1633 1263 1662 ,
1283 1587 1388 1668 Sophi-

154 1699 244 1762 stam,
265 1687 442 1761 Politisurn,
457 1701 591 1748 caeoeros.
634 1689 706 1749 Tum
737 1707 823 1760 vero,
842 1686 920 1766 quod
947 1687 1110 1746 maturioris
1130 1701 1171 1746 est
1189 1688 1295 1746 aetatis
1325 1707 1388 1766 pro·

154 1784 272 1864 prium,
290 1784 328 1844 ad
348 1786 424 1846 uitae
442 1807 524 1844 usum
541 1799 714 1845 convertens
729 1784 824 1844 studia
834 1829 842 1858 ,
863 1785 1022 1866 exploratis
1041 1784 1212 1864 diligentius
1229 1785 1388 1865 Aegyptiu-

155 1903 220 1942 rum
236 1884 419 1962 maximeque·
433 1883 673 1963 Pythagoreorum
692 1883 850 1957 institutis,
884 1883 1041 1964 perfectam
1053 1881 1143 1942 finxit
1158 1883 1388 1963 rempublicam,

156 1988 322 2060 quacjuote'
341 1983 464 2060 doctique
476 1982 597 2042 referret
608 1981 773 2062 exemplar,
801 1995 829 2040 et
845 1983 935 2042 vitam
949 1982 1111 2042 contineret
1123 1981 1282 2062 optimam:
1309 1979 1388 2040 unde

157 2079 286 2140 escendit
304 2079 444 2154 tandem,
461 2081 577 2140 Timaeo
595 2077 805 2140 consmibendo
816 2120 828 2154 ‚.
850 2080 887 2139 ad
907 2099 1007 2144 uerum·
1021 2079 1189 2141 divinarum
1209 2079 1389 2158 disquisitio

158 2197 237 2238 nem.
267 2175 297 2257 l)
336 2179 397 2239 H'ec
426 2177 478 2238 ille
498 2178 691 2258 progressione
709 2191 832 2238 mentem
851 2177 994 2258 paulatim·
1012 2179 1196 2255 animumque
1215 2177 1389 2258 explicans,

160 2274 261 2336 eidem
276 2275 430 2337 scribendo
448 2276 605 2338 illustravit
617 2277 837 2353 philosophiam
852 2278 959 2354 pulcri
970 2321 979 2350 ,
992 2277 1211 2352 philosophiam
1221 2283 1305 2350 oete,
1323 2275 1389 2350 plri-

162 2375 326 2452 lrroplriom
341 2381 445 2450 justi:
467 2396 517 2434 nos
546 2395 634 2448 vero,
653 2374 730 2434 illud
758 2389 871 2454 agentes
900 2375 1042 2448 maxime,
1065 2387 1095 2432 ut
1123 2394 1276 2454 sequamur
1294 2371 1389 2454 philo·

162 2469 300 2552 sophum,
321 2471 426 2550 quidni
444 2473 507 2553 pari
528 2471 665 2553 deinceps
687 2474 732 2533 via
752 2487 780 2534 ct
798 2474 908 2532 ratione
926 2473 1137 2553 procedamus?

201 2570 286 2643 Quod
305 2583 399 2630 autem
417 2571 515 2630 adhue.
531 2571 726 2645 instituimus,
747 2584 780 2631 ut
797 2593 856 2632 uon
875 2571 1084 2652 disputaremus
1103 2589 1168 2628 cum
1186 2568 1251 2628 aliis
1271 2582 1300 2628 et
1319 2588 1390 2626 conv

162 2667 345 2730 tenderemus
368 2668 407 2728 de
428 2668 611 2749 philosophia
635 2668 782 2743 Platonis,
811 2669 872 2730 sed¹
885 2670 1096 2730 indueremur
1119 2667 1151 2726 in
1170 2687 1232 2724 earn
1251 2664 1387 2724 lectores:

161 2777 332 2848 perpetuum
357 2767 411 2826 erit
430 2768 607 2848 propositum
625 2781 763 2828 nostruin.
807 2767 1033 2828 Proficiemuse
1057 2765 1170 2845 scriptis
1198 2785 1317 2837 eorum,
1341 2761 1389 2840 qui

162 2878 194 2926 et
207 2879 278 2926 ente
294 2879 321 2926 et
341 2865 395 2926 hac
415 2879 510 2924 nos-tra
529 2878 620 2927 aetam
645 2865 790 2945 praeclare
816 2864 853 2925 de
871 2865 990 2925 Platone
1014 2865 1130 2940 eiusque
1158 2861 1275 2942 placitis
1294 2859 1389 2920 meriti

163 2977 249 3025 sunt:
269 2963 378 3042 quibus
391 2977 530 3042 quantum
548 2961 702 3024 debeamus
712 3009 721 3038 ‚
743 2961 868 3024 laudatis
893 2961 1054 3022 identidem
1077 2961 1167 3034 locis,
1188 2973 1267 3038 grato
1293 2959 1389 3021 auimo

162 3059 382 3122 declarabimus.
423 3060 532 3135 Quodsi
561 3074 628 3120 suut
652 3062 689 3120 in.
712 3062 769 3135 its,
790 3061 840 3140 qui
870 3057 1079 3140 interpretandi
1106 3057 1273 3138 philosophi
1304 3056 1389 3116 aliam

163 3160 285 3220 inierint
305 3161 461 3231 rationem,
482 3158 561 3218 haud
580 3158 766 3219 defendemus
786 3158 856 3219 dart
872 3159 956 3238 operi
981 3157 1151 3219 sententiam
1170 3169 1316 3230 nostram,
1341 3148 1389 3238 sed

164 3257 346 3321 suadebimus
365 3279 426 3316 earn
450 3271 477 3316 et
504 3258 764 3321 commendabimus
779 3257 844 3338 ¹ipsi
863 3257 1074 3316 Platonicorum
1097 3255 1267 3334 scriptorum
1291 3264 1390 3312 aucte-

167 3357 260 3416 ritate.
282 3357 360 3416 Haec
376 3357 452 3414 enim
469 3377 529 3416 non
543 3356 765 3416 memorabimus
781 3355 892 3430 solum,
912 3353 963 3415 sed
971 3353 1109 3433 legemus,
1131 3371 1323 3432 exponemus,
1343 3349 1389 3407 iu-

165 3454 402 3536 terpretabimur,
425 3466 456 3513 ut
475 3457 632 3530 foemam,
653 3473 725 3532 quae
752 3467 887 3528 vocatur,
913 3451 1076 3513 Platonicae
1096 3449 1296 3530 philosophiae
1324 3466 1390 3527 peu*

167 3553 335 3634 spiciamus,
355 3554 532 3628 tumetium,
553 3553 633 3632 quud
649 3553 773 3612 manime
790 3566 964 3632 spectamus,
985 3557 1150 3630 pertractio
1174 3548 1278 3606 haecce
1302 3543 1389 3604 sacris

167 3650 229 3709 illis
248 3658 410 3710 initiamur·
426 3651 645 3730 quodammodo.

200 3873 224 3941 l)
250 3878 289 3929 De
309 3879 393 3930 multis
421 3877 538 3930 Platonis
559 3874 685 3944 dialogis,
718 3889 770 3942 quo
799 3861 916 3941 tempore
936 3875 1024 3941 scripti
1045 3876 1111 3938 siut,
1135 3889 1186 3926 nou
1203 3879 1320 3934 constat3
1340 3864 1383 3919 sed
1461 3865 1462 3950 l

165 3964 229 4027 hos,
259 3981 323 4031 quos
348 3966 474 4027 diximus,
504 3965 541 4014 sic
570 3961 617 4012 sibi
640 3961 813 4022 successisse,
845 3960 947 4012 idoneis
978 3961 1119 4013 rationibus
1143 3958 1262 4026 probarit
1286 3957 1386 4010 Aetius,
1461 3963 1462 4040 J

163 4049 279 4104 Pleton’e
298 4049 359 4101 Leb.
378 4067 403 4101 u.
422 4049 493 4101 Schr.
512 4067 537 4116 p.
554 4046 584 4098 51
606 4063 661 4114 sqq.
