2838 5120
720 250 779 312 296

133 404 330 488 disputatum,
350 417 379 466 et
398 407 439 468 sic
461 427 526 468 enm
544 430 603 470 esse
622 402 732 472 talibus
750 414 941 476 sermonihu!
947 414 985 476 ad
1004 415 1075 478 talia
1105 419 1352 500 compellandum:

132 507 159 566 is
183 507 221 565 ita
238 506 414 579 instructus,
435 525 501 566 cum
527 509 566 570 ad
586 512 733 590 superiora
754 511 926 590 adjunxerit
943 511 1032 590 haec,
1054 527 1087 576 ιιι
1107 516 1244 596 loquendi
1262 533 1352 579 tacen-

133 603 241 682 dique,
260 615 289 662 et
307 602 524 685 βραχυλογίας,
547 604 765 694 litteratam,
787 605 962 687 διινιόσιως,
990 613 1224 695 singularumque
1251 619 1352 698 specie·

133 723 197 762 rum
226 705 362 766 orationis
390 720 419 766 et
448 710 690 788 opportunitatem
717 726 744 771 et
775 714 1019 794 importunitatem
1053 714 1201 774 discernat
1227 730 1351 796 recteque

132 816 295 881 cognoscat3
314 804 352 879 is,
372 805 505 884 inquam,
524 820 586 866 tum
605 805 720 868 demum
737 810 811 872 hene
831 813 1013 893 perfecteque
1028 823 1127 871 artam
1140 813 1271 888 tenebit,
1290 830 1352 876 ante

133 920 193 960 non
219 900 347 961 tenebit:
379 916 407 962 et
437 903 602 984 quicunque
629 906 731 966 horum
753 895 964 996 quolibet-sive
992 911 1118 972 dicendo
1146 913 1208 972 sive
1229 911 1351 974 docendo

131 997 193 1058 sive
212 998 367 1060 scribendo
384 1002 522 1077 caruerit,
543 1001 652 1064 dixerit
670 1027 739 1068 vero
760 1029 789 1067 se
808 1019 877 1068 arta
896 995 1009 1086 dicere,
1029 1011 1080 1090 qui
1100 1009 1214 1074 nullam
1230 1009 1257 1069 ei
1274 1011 1352 1071 fidem

133 1094 236 1169 habet,
252 1097 382 1158 vincet.»
404 1097 433 1178 1)
1203 1157 1206 1162 .

175 1194 253 1253 Haec
281 1195 339 1255 alia
369 1218 437 1257 sane
461 1196 603 1260 rhetorica
632 1215 693 1276 est,
722 1203 779 1263 alia
807 1202 860 1263 illa
886 1205 961 1281 fuir,
982 1208 1107 1284 quaein
1125 1207 1234 1267 scholis
1254 1207 1351 1266 tradita

133 1294 291 1353 recentiore
312 1307 401 1356 aetate
425 1310 475 1357 est.
517 1299 692 1360 Continebat
712 1322 744 1364 ea
763 1303 840 1376 fere,
868 1325 941 1383 quae
969 1318 1085 1385 tropos,
1113 1303 1238 1385 figuras,
1260 1306 1350 1365 oratio·
1416 1365 1417 1380 ,

133 1391 181 1450 nis
200 1391 352 1472 periodos,
373 1394 479 1456 similia
507 1409 686 1477 spectarent,
707 1420 836 1480 quaeque
856 1423 916 1462 non
943 1403 1076 1482 ignorare
1096 1417 1236 1463 oratorem
1259 1401 1351 1476 decet,

87 1499 90 1520 ¹
132 1482 178 1549 roi
204 1483 276 1570 apti
304 1491 367 1574 τῆς
394 1489 605 1576 ῥητορικῆς,
634 1509 665 1554 ut
690 1519 706 1555 a
730 1497 852 1565 Platone
873 1515 1033 1576 vocantur3
1056 1503 1147 1582 ipsam
1170 1501 1353 1574 rhetoricam,

134 1612 207 1670 quae
233 1595 363 1674 proxime
390 1610 432 1656 est
460 1617 526 1656 curn
554 1596 739 1678 philosophia
768 1599 942 1676 conjuncta,
964 1621 1025 1660 non
1052 1600 1239 1660 continebat:
1268 1613 1299 1660 ut
1318 1621 1353 1660 re·

29 1746 31 1750 .
134 1691 222 1751 ferret
247 1691 335 1773 plane
363 1708 491 1755 veterum
510 1695 629 1755 istorum
658 1695 804 1757 rhetorum
828 1710 857 1755 et
876 1697 1069 1777 sophistarum
1094 1713 1178 1759 artes.
1230 1699 1354 1759 Platoni-

134 1809 197 1848 cam
224 1811 297 1856 vero·
321 1791 483 1852 doctrinam
511 1795 589 1852 omni
618 1813 689 1854 aevo
719 1793 882 1855 retulerunt
907 1796 1081 1875 optimorum
1107 1797 1353 1878 philosophorum,

135 1889 186 1967 qui
206 1887 242 1948 de
262 1889 316 1952 hac
337 1905 397 1953 arte
418 1906 555 1972 egerunt,
576 1894 690 1973 scripta.
732 1880 805 1952 Nam
835 1906 867 1952 ιιι
887 1892 1039 1954 dialectica
1057 1895 1204 1970 Platonis,
1226 1897 1265 1955 ita
1290 1895 1352 1958 haec

134 1985 263 2064 ejusdem
286 1988 447 2064 rhetorica,
468 1991 546 2051 viam
565 2005 593 2050 et
611 1991 760 2051 Aristoteli
785 2005 813 2050 et
841 2003 909 2051 vero
929 1993 1061 2054 Ciceroni
1082 1995 1204 2068 stravit,
1226 2008 1258 2053 ut
1281 2007 1351 2054 tanta

134 2085 293 2164 aliquando
313 2073 386 2146 cnm
413 2088 587 2169 diligentia,
617 2088 778 2168 elegantia,
807 2089 890 2170 copia
911 2089 948 2150 de
968 2093 1136 2171 gravissima
1164 2107 1224 2152 arte
1245 2092 1350 2153 disere

135 2197 210 2244 rent.
240 2185 451 2266 Disputationis
470 2191 637 2262 accuratae,
655 2209 784 2267 quaeque
808 2187 996 2262 definiendo,
1018 2188 1240 2264 distribuendo,
1261 2189 1345 2250 ordine
1415 2187 1416 2194 '

133 2282 644 2364 omninoprocederet,exemplum
664 2287 778 2365 utrique
796 2287 894 2361 Plato,
916 2301 948 2347 ιιι
972 2299 1039 2347 a'nte
1064 2287 1297 2366 obserravimns,
1322 2288 1350 2346 in

135 2379 265 2439 Phaedro
291 2379 392 2456 dedit,
413 2381 464 2441 ubi
485 2403 564 2442 suam
583 2382 712 2443 Socrates
728 2385 761 2443 in
782 2405 904 2445 amorem
925 2387 1082 2446 orationem
1110 2386 1213 2467 Lysiae
1239 2384 1354 2446 sermoni

136 2478 267 2560 opponit.
308 2477 366 2538 Sed
395 2480 486 2561 ipsius
515 2473 680 2540 Platonicae
708 2481 886 2559 rhetoricae,
908 2486 942 2543 in
961 2484 1124 2544 Aristotelis
1154 2485 1191 2546 de
1217 2484 1272 2543 hac
1298 2496 1354 2542 arte

135 2605 240 2665 opere,
260 2582 417 2667 descriptio
437 2601 465 2646 et
485 2588 566 2667 quasi
587 2583 720 2669 expressa
744 2588 836 2665 imago
864 2597 965 2644 exstat.
1007 2582 1092 2658 Quod
1119 2598 1221 2665 sponte
1241 2582 1356 2656 vident,

135 2683 186 2763 qui
205 2681 383 2744 Platonicam
400 2684 475 2744 hanc
497 2685 534 2744 de
553 2684 716 2747 disserendi
732 2684 886 2764 diligentia
905 2681 1132 2763 disputationem
1150 2703 1216 2742 cum
1234 2683 1270 2742 iis
1287 2703 1357 2742 com·

136 2795 258 2861 parant,
288 2804 361 2862 quae
390 2804 427 2843 ex
453 2785 615 2845 Aristotelis
643 2785 720 2846 libro
741 2804 826 2866 supra
850 2780 1041 2842 laudavimus.
1092 2781 1203 2840 Pariter
1222 2781 1270 2840 hic
1298 2801 1357 2840 cer·

137 2879 236 2940 nendo
255 2879 520 2962 distinguendoque
540 2883 691 2964 procedit:
713 2885 821 2965 pariter
842 2877 1033 2940 attendendos
1051 2880 1157 2938 oratori
1181 2879 1357 2940 audientium

136 2978 435 3061 animos0praecipit,
462 2994 490 3040 et
521 3001 577 3060 qua
599 2981 658 3040 sint
688 2979 735 3040 illi
763 2992 873 3053 aetate,
894 2998 951 3056 quo
980 2977 1118 3056 ingenio,
1131 2977 1244 3066 ¹quihus
1273 2979 1357 3037 mori·

136 3075 209 3150 bus,
230 3076 336 3156 quihus
362 3077 485 3138 studiis:
515 3078 567 3137 ubi
594 3071 675 3138 locus
695 3091 787 3138 exstat
815 3075 980 3158 praeclarus
1010 3073 1047 3134 de
1078 3076 1168 3156 variis
1198 3075 1357 3136 auditorum

136 3174 296 3250 aetatibus,
318 3175 354 3235 de
374 3178 500 3257 pueritia
511 3223 520 3252 ,
541 3175 578 3235 de
599 3175 812 3252 adolescentia,
841 3174 878 3234 de
896 3188 1060 3250 senectute,
1082 3171 1114 3253 2)
1144 3185 1229 3254 quem
1248 3196 1356 3256 expres·

137 3273 175 3332 sit
193 3273 227 3331 in
247 3273 386 3350 Epistola
416 3277 456 3334 ad
482 3273 608 3335 Pitanae
633 3276 787 3351 Horatius,
819 3273 870 3334 uhi
897 3274 921 3332 is
942 3273 1034 3360 podiis
1054 3272 1132 3332 idem
1159 3275 1310 3356 praecipit.
1330 3273 1358 3354 3)

137 3370 222 3430 Viam
247 3372 409 3453 praeiverat
437 3372 572 3433 omnihus
596 3361 696 3449 Plato,
718 3393 807 3454 quum
827 3385 913 3452 caput
941 3390 1000 3430 esse
1027 3371 1097 3430 artis
1126 3371 1248 3432 dixisset
1274 3375 1357 3433 animi

136 3470 257 3530 humani
282 3471 485 3552 cognitionem.
528 3472 613 3546 Quod
633 3459 738 3543 autem
767 3472 800 3531 in
832 3471 894 3551 ipso
919 3482 1029 3531 oratore
1053 3471 1176 3548 requirit
1203 3471 1303 3550 Plato,
1331 3485 1358 3532 nt

136 3562 242 3650 φύσει
263 3573 301 3632 sit
320 3563 486 3654 ῥητορικδς,
507 3569 659 3650 indolique
678 3570 818 3660 adjungat
831 3589 908 3646 ,cum
928 3560 1134 3648 ἐπιστήμην
1153 3572 1174 3630 i.
1195 3590 1220 3630 e.
1242 3583 1276 3630 ut
1303 3571 1356 3651 ipse

137 3673 356 3753 interpretatur,
376 3673 614 3752 philosophiam,
635 3683 702 3729 tum·
716 3662 888 3749 μελέτην,
910 3677 1174 3730 exercitationem:
1195 3670 1250 3729 hoc
1270 3670 1356 3751 ipsum

137 3770 216 3831 illud
236 3786 295 3847 est,
316 3771 394 3852 quod
414 3773 448 3832 in
469 3770 604 3832 omnibus
628 3768 666 3828 de
690 3771 855 3850 eloquentia
882 3771 997 3851 seriptis
1023 3771 1121 3830 Cicero
1139 3790 1249 3848 summo
1268 3766 1356 3828 studio

137 3870 257 3950 parique
286 3868 440 3950 diligentia
469 3868 608 3952 exponit,
640 3871 754 3947 quoque
782 3867 842 3950 ipse
872 3880 900 3927 et
925 3866 1106 3950 explorando
1133 3879 1162 3927 et
1175 3923 1177 3927 .
1191 3863 1355 3947 exponendo

137 3966 211 4026 illuc
232 3969 388 4047 processit,
409 3981 441 4028 ut
459 3967 579 4048 perfecti
600 3966 791 4047 omnibusque
815 3967 943 4025 numeris
969 3965 1092 4026 absoluti
1122 3963 1243 4025 oratoris
1269 3983 1352 4022 exem·

137 4066 220 4149 plum
246 4062 439 4127 adumbraret.
480 4067 548 4126 Loci
570 4065 689 4125 omnino
705 4065 868 4141 Platonici,
889 4087 973 4145 quem
991 4064 1076 4124 modo
1095 4065 1236 4146 legimus,
1256 4063 1352 4142 quique

174 4291 200 4356 ll
219 4293 325 4343 Placia.
343 4289 402 4342 tto.
420 4291 451 4343 Β.
469 4320 503 4331 -
520 4292 579 4345 att.
596 4293 627 4345 Β.

170 4375 197 4442 2)
217 4378 295 4430 Arist.
312 4377 382 4430 ittet.
400 4377 423 4428 ll
451 4376 490 4430 tt.
510 4378 556 4431 cit.
575 4381 652 4431 lurida
671 4395 695 4446 p.
714 4378 773 4430 275.

171 4462 198 4528 ³)
216 4466 262 4534 Ep.
280 4466 315 4517 ad
331 4463 382 4514 ra.
400 4461 458 4514 iso.
