2872 5122
764 286 803 344 98

160 453 245 528 παντὶ
271 455 373 535 δῆλον,
399 446 439 524 οἷς
460 446 494 510 τά
517 443 675 529 μιμητιιαλν
697 441 798 520 ἔθνος,
821 439 864 519 οἷς
886 441 921 505 iic
943 444 1093 530 ἐντραφῇ,
1115 445 1208 508 ταῦτα
1225 442 1381 529 μιμήσιταΙ

159 556 253 640 ῥᾷστα
273 556 321 617 καὶ
342 551 459 634 άριστα·
482 545 518 611 mi
537 545 564 609 δ’
586 544 670 622 ἐκτός
690 548 744 629 τῆς
765 547 880 628 τροφῆς
902 541 1031 622 ἑκάστοις
1052 544 1232 628 γιγνόμενον,
1254 545 1365 630 χαλιτιόν

159 655 215 738 μὲν
241 653 347 740 ἔργοις,
376 651 417 715 ἔτι
444 651 479 713 δὲ
504 645 709 732 γαλιτιαλτιρον
740 640 837 732 λόγοις
864 644 896 711 εὖ
922 655 1093 729 μιμεῖσθαι·
1121 663 1209 732 quasi
1233 662 1365 732 patticam

158 783 253 841 genua
277 767 440 836 rejicieoie;
472 757 521 813 sed
549 762 645 812 cuivis
674 763 718 811 est
746 755 884 827 acidane,
915 762 1105 812 imitatorum
1128 763 1247 833 gentem
1274 774 1305 809 ea
1319 755 1366 827 so-

160 861 271 916 cillime
298 865 460 934 optimeque
488 859 624 925 imitari,
649 859 682 907 ia
710 854 816 928 quibas
836 854 955 910 educati
975 863 1067 911 cunt:
1088 855 1189 910 aliena
1210 873 1277 908 vero
1294 861 1367 927 atque
1426 891 1428 934 η

160 959 195 1014 ab
224 959 394 1014 educatione
422 962 554 1023 remota,
576 971 634 1026 qua
654 959 725 1006 saort
745 957 810 1021 asi,
832 951 955 1030 difficile
973 973 1034 1009 oeae
1053 951 1206 1028 operibus,
1227 949 1368 1029 difficilim
1426 955 1427 976 l

160 1063 250 1112 etiam
280 1055 376 1110 uerbis
402 1059 481 1107 recte
508 1054 659 1105 imitari.»
688 1045 716 1126 l)
746 1045 863 1106 Scilicet
882 1047 1094 1130 philosophiam
1113 1048 1260 1128 spectabat
1280 1047 1369 1116 unice,

159 1173 229 1231 quae
253 1151 290 1210 ad
313 1151 437 1232 perfecta
462 1167 555 1205 rerum
575 1140 798 1223 παραιλιιγματα
819 1145 968 1205 Ιιοιιιίιιιιιιι
989 1148 1078 1206 vitam
1097 1166 1244 1224 moresque
1266 1158 1292 1204 et
1308 1145 1370 1223 ipsas

159 1251 289 1309 civitates
322 1249 488 1306 informaret
520 1246 749 1324 emendaretque.
802 1237 1012 1325 Eryximacbns
1041 1247 1073 1304 in
1103 1244 1253 1324 Symposio
1288 1261 1370 1300 veram
1426 1223 1427 1234 λ

123 1349 128 1358 ’
160 1349 295 1406 musicam
329 1367 393 1404 cum
427 1344 543 1402 salutari
572 1359 631 1403 arte
659 1357 811 1426 comparat.
866 1343 924 1401 «In
951 1358 1046 1402 nostra
1073 1343 1127 1400 hac
1157 1355 1236 1416 arte,
1267 1341 1321 1412 ait,
1347 1335 1371 1395 ii

163 1465 275 1504 maxmc
300 1442 441 1522 agendum
473 1455 532 1514 est,
556 1457 586 1500 nt
618 1464 720 1523 pravos
740 1443 772 1501 in
800 1462 917 1521 corpore
946 1441 1090 1522 appetitus
1117 1440 1265 1512 tollamus,
1295 1437 1371 1497 bonos

160 1557 253 1612 autem
276 1542 422 1600 eliciamus
447 1553 474 1597 et
501 1539 698 1619 provehimus.
740 1540 786 1599 Sic
816 1540 939 1599 musicae
963 1538 1090 1598 officinm
1113 1552 1172 1613 est,
1201 1557 1323 1596 amorem
1347 1534 1371 1590 iu

160 1642 255 1700 animo
278 1641 401 1699 excitare
421 1639 591 1718 optimarum
611 1659 704 1697 rerum
724 1640 885 1718 optimum,
906 1637 989 1716 eique
1008 1637 1162 1716 gratificari
1182 1649 1209 1695 et
1230 1635 1310 1714 quasi
1327 1632 1372 1691 ali-

161 1753 287 1797 mentum
317 1735 468 1818 praebere:
503 1733 551 1794 καλ
579 1725 666 1808 οὗτός
690 1733 767 1795 ἐστιν
791 1726 811 1796 i
832 1729 934 1808 καλάς,
959 1729 1145 1815 άόάράνιος,
1168 1730 1186 1796 o‘
1207 1718 1269 1816 τῆςΙ
1285 1727 1372 1814 Θάρσ-
1426 1723 1427 1738 ’

161 1834 223 1909 νίας
246 1828 375 1914 Μούσης
396 1829 482 1925 ἕσσας·
510 1831 527 1897 o'
551 1833 585 1896 di
608 1835 792 1915 Πολυμνίας,
820 1831 837 1896 ά
863 1832 1031 1919 πάνδημος·
1063 1851 1092 1900 et
1118 1841 1167 1898 iric
1194 1840 1313 1918 quidem
1339 1845 1373 1893 ecl

160 1941 265 2015 pulcer
275 1984 287 2010 „
304 1940 434 1996 coelestis
443 1985 451 2012 ,
477 1939 609 1997 Πισαίαν
627 1939 731 1997 Musae
751 1962 835 1999 amor
844 1962 858 2011 ,·
880 1943 966 2018 alter¹
978 1963 1045 1998 voro
1056 1940 1254 2017 Polymniae,
1273 1937 1373 2016 ¹uulga-

161 2045 215 2095 ric.
228 2061 242 2092 ιι
256 2033 287 2116 2)
308 2035 377 2100 Tale
397 2051 456 2094 erat
473 2039 648 2119 propositum
668 2036 796 2097 Platonis
816 2039 847 2097 in
867 2038 988 2119 dialogis
1007 2036 1182 2110 scribendis,
1200 2035 1258 2094 tale
1279 2053 1374 2094 novum

161 2133 237 2193 illud
255 2135 314 2193 sive
338 2135 459 2191 musicae
479 2136 539 2194 sive
559 2141 673 2216 poiseos
692 2157 800 2215 genus,
821 2137 868 2195 cui
898 2139 983 2196 unice
1011 2135 1152 2195 studebat.
1193 2133 1375 2192 Imitabantur

159 2233 260 2312 tragici
279 2231 367 2292 vitam
390 2231 557 2308 hominum,
578 2255 631 2292 nec
652 2232 808 2312 quidquam
835 2234 981 2293 habehant
1007 2235 1109 2314 pensi,
1129 2231 1219 2290 bonos
1244 2231 1374 2311 exprime-

162 2342 225 2387 rent
248 2328 387 2387 imitando
416 2349 519 2404 mores,
550 2353 587 2389 an
615 2330 704 2388 malos
733 2353 765 2390 ac
793 2347 956 2413 corruptos3
979 2333 1064 2391 modo
1091 2321 1197 2412 populo
1218 2329 1374 2411 placerent,

161 2447 232 2504 quas
258 2425 409 2500 fecissent,
436 2426 559 2487 fabulae.
605 2421 726 2506 «Ἡμεῖς
750 2427 798 2504 ii,
832 2434 872 2491 ait
895 2431 1080 2490 Atheniensis
1099 2429 1167 2503 ille,
1187 2427 1375 2509 poitashosce

161 2522 322 2604 alloquens,
343 2517 410 2596 τούς
430 2525 569 2601 μαλακῶν
589 2529 724 2590 Μουσῶν
746 2524 893 2610 ἐκγόνους,
915 2549 1066 2608 eorumque
1092 2529 1124 2587 in
1141 2528 1290 2587 civitatem
1307 2543 1375 2584 suam
1426 2569 1427 2580 ι

162 2620 318 2682 adventum
337 2625 509 2706 deprecans:
530 2620 614 2707 η’μιῖς
642 2626 691 2705 ii,
714 2627 738 2693 oi
761 2627 872 2712 άοιστοι
897 2629 958 2690 τοῖν
982 2621 1085 2700 ξένοιν,
1107 2621 1275 2709 τραγῳδίας
1297 2618 1376 2701 ἐσμὲν

93 2809 97 2828 ⁸
163 2715 246 2782 ariaci
275 2722 392 2802 ποιηταὶ
422 2721 495 2786 κατά
523 2723 647 2808 δύναμιν
675 2727 719 2793 ὅτι
746 2731 899 2814 καλλίστης
921 2725 984 2810 ἅμα
1005 2729 1053 2789 καὶ
1074 2723 1207 2810 α’ρλστης·
1231 2727 1313 2787 πᾶσα
1334 2719 1376 2822 aig

162 2816 236 2904 ἡμῖν
256 2848 275 2903 'i
297 2821 425 2885 πθλῑῖῦἶα
445 2824 597 2912 Ιξιινέστηιιι
619 2832 742 2915 μίμησις
763 2837 816 2897 τοῦ
836 2830 988 2894 καλλίστου
1010 2829 1057 2891 καὶ
1079 2825 1200 2920 άρίστου
1214 2827 1295 2909 piov-
1313 2825 1328 2890 ὂ
1343 2829 1374 2905 to

164 2949 261 3006 φαμέν
275 2922 392 3008 η’μέἷσγὲ
410 2925 502 3010 ὄντας
518 2928 588 2995 εἶναι
601 2936 768 3020 τμαγιμιλιάν
779 2933 832 3019 την
842 2928 1056 3017 ἀληθεστάτην.
1076 2934 1136 2994 Nos
1146 2958 1225 3008 ocra,
1235 2937 1376 3012 hospitam
1426 2945 1427 3014 η

163 3037 267 3106 optimi
276 3075 284 3103 ,
315 3037 485 3114 tragoediae
506 3060 609 3096 suiuus
627 3061 715 3117 quam
731 3041 934 3116 pulcerrimae
953 3045 1135 3114 optimaeque
1150 3044 1265 3111 poitur.
1312 3033 1337 3091 T
1335 3042 1376 3089 ota

165 3129 279 3185 scilicet
307 3142 410 3189 nostra
439 3137 608 3211 respublica
623 3139 828 3214 pulcerrimae
853 3145 1034 3214 optimaeque
1058 3143 1138 3192 citae
1163 3140 1298 3190 imitatio
1317 3139 1375 3196 est,·

165 3227 240 3301 qaod
260 3249 311 3285 aas
330 3229 458 3288 dicimus
479 3255 581 3310 reapse
592 3257 651 3293 ease
672 3243 859 3292 carissimam
880 3235 1072 3314 tragoediam.
1085 3257 1099 3288 ιι
1115 3227 1145 3310 3)
1166 3229 1202 3288 Et
1217 3229 1287 3288 bine
1299 3221 1375 3288 intel·

165 3323 299 3404 ligimus,
321 3346 377 3403 quo
394 3349 478 3387 sensu
496 3332 638 3411 acceperit
657 3333 736 3391 Plato
755 3332 993 3412 Pythagoreorum
1009 3331 1044 3390 de
1062 3327 1245 3411 philosophia
1255 3329 1375 3396 effatum,

106 3465 108 3471 .
165 3442 223 3479 esse
234 3421 315 3479 illam
326 3432 470 3482 musicam
485 3450 639 3487 euairmam.
661 3431 800 3510 Opposuit
810 3451 870 3488 eam
885 3429 994 3488 artibus
1008 3427 1183 3508 vulgaribus,
1195 3440 1226 3484 ut
1236 3446 1250 3482 c
1262 3423 1376 3484 Socratis

165 3534 242 3599 patet
257 3522 412 3580 incarcere
427 3544 564 3584 sermone.
586 3527 707 3585 Enarrat
721 3526 783 3585 illic
795 3529 907 3601 amicis,
923 3527 1030 3585 somnio
1045 3547 1073 3583 se
1087 3525 1265 3583 admonitum
1280 3521 1375 3592 fuisse,

166 3631 196 3675 ut
220 3621 341 3677 musicae
360 3641 472 3701 operam
490 3638 625 3681 navaret:
649 3625 821 3683 existimasse
837 3639 948 3696 autem,
969 3623 1110 3683 divinitus
1129 3645 1157 3680 sc
1176 3623 1311 3696 incitari,
1332 3633 1359 3676 ut
1368 3663 1375 3689 ,

165 3715 241 3791 quod
265 3718 360 3775 adhuc
387 3719 504 3798 egisset,
525 3719 556 3778 id
586 3742 670 3800 porro
698 3736 808 3801 ageret:
830 3721 1040 3802 philosophiam
1067 3722 1143 3778 enim
1169 3741 1305 3780 summam
1324 3739 1375 3776 csse
1425 3713 1426 3722 ¹

166 3815 318 3886 musicam,
339 3815 406 3872 hnic
425 3831 518 3875 autem
535 3839 563 3876 se
583 3839 691 3898 semper
710 3819 851 3878 studuisse
862 3844 869 3894 3
893 3819 998 3878 deinde
1017 3841 1084 3889 vero
1102 3819 1204 3877 iterum
1224 3820 1374 3897 iterumque

201 3983 225 4049 l)
248 3987 306 4037 Tim.
330 3986 369 4038 19.
377 3987 408 4039 D.

199 4070 217 4122 2
243 4075 323 4141 Spmp.
342 4072 399 4126 tet.
420 4073 451 4125 D.

199 4155 225 4219 3)
244 4159 280 4210 De
293 4159 365 4226 Lepp.
384 4159 435 4208 Vll.
454 4159 512 4210 817.
532 4161 561 4214 B.
578 4162 671 4214 Valent
685 4163 749 4216 haec
764 4166 796 4218 ad
813 4167 988 4234 quaestionem
1004 4166 1207 4232 dijudicandam,
1229 4183 1279 4235 quo
1295 4167 1372 4217 auimo

166 4245 242 4294 iurarit
258 4244 330 4296 Plato
345 4245 370 4293 iu
387 4244 541 4310 Sophoclem
555 4256 581 4299 et
596 4249 749 4314 Euripidem.
768 4251 884 4319 Euripidi
901 4268 974 4319 quam
990 4253 1098 4319 plurima
1111 4253 1212 4316 debuit,
1232 4261 1259 4302 ut
1273 4248 1372 4303 subinde

166 4329 378 4390 observavimus,
398 4330 423 4379 in
445 4333 532 4396 primis
552 4350 617 4400 quae
634 4350 746 4386 amorem
762 4346 885 4403 spectant.
920 4337 996 4389 Multa
1014 4341 1089 4389 etiam
1109 4356 1124 4390 e
1144 4338 1272 4405 Sophocle
1291 4337 1370 4391 duxit,

165 4423 190 4462 ut
211 4422 283 4463 actuo
305 4414 482 4468 animadvertit
506 4416 599 4471 Groen.
619 4419 718 4490 Prosop.
741 4423 804 4472 Plat.
823 4439 847 4488 p.
865 4421 925 4482 160.
944 4424 996 4474 Sed
1016 4422 1108 4475 Urania
1129 4425 1172 4476 illa
1193 4424 1280 4484 effecit
1292 4423 1370 4481 Musa,

166 4515 215 4564 qno
233 4499 314 4548 tainus
332 4500 464 4565 praeclare
481 4504 513 4554 de
531 4521 619 4557 eorum
637 4506 728 4558 sabulis
745 4509 907 4559 existimaret.
