2950 5134
332 275 353 326 0
764 273 804 334 38

168 444 245 502 lacot
267 435 344 520 ποιίς
365 435 559 520 φιλοσοφίαν,
581 431 638 518 τῆι
657 431 812 496 δέσποιναν
832 429 946 510 αὐτῶν,
968 427 1046 496 otto
1067 433 1116 497 ιιαί
1137 432 1299 517 φιλοσοφία
1327 431 1395 517 citri

168 538 245 622 πρός
266 539 373 623 σοφίας
393 541 493 622 κτῆσιν
515 541 651 621 συνεργεῖ.
678 537 708 620 l)
737 539 872 598 Placebat
901 537 1033 597 Patribus
1058 538 1128 598 haec
1158 540 1189 597 ln
1213 539 1316 620 primis
1339 559 1395 598 sen·

169 648 274 720 tentia,
290 646 331 704 sic
345 643 558 726 philosophiam
579 653 708 722 oportere
723 638 858 716 religioni
874 637 996 710 servire,
1017 649 1049 695 ut
1064 649 1139 696 artes
1159 637 1296 696 liberales
1313 638 1396 696 inser·

170 745 256 803 vlunt
274 742 484 825 philosophiae.
507 738 541 820 2)

210 836 301 900 Fines
314 842 464 920 migrarem
484 837 689 919 disputationis
708 835 814 912 hujus,
843 835 866 891 si
896 833 956 892 rim
980 831 1183 912 philosophiae
1209 831 1290 912 apud
1318 834 1393 892 anti-

170 957 241 1019 quos
261 937 405 998 advitam
433 952 508 996 recte
528 933 736 994 instituendam
764 932 988 990 demonstrarem
1016 929 1163 1010 pluribus.
1204 929 1263 988 Sed
1282 931 1394 990 silentio
1450 917 1452 1024 )

171 1054 230 1096 non
251 1035 555 1117 praetermittendum,
585 1032 749 1092 Platonicae
767 1028 965 1110 philosophiae
993 1027 1047 1086 hoc
1073 1029 1224 1109 proprium
1241 1030 1350 1104 fuisse,
1368 1038 1397 1088 ut
1451 1025 1452 1028 '

172 1136 308 1194 virtutem
327 1157 387 1194 non
413 1147 527 1194 tantum
546 1143 686 1213 spectaret
712 1144 740 1188 et
764 1147 874 1186 morum
893 1127 1089 1200 honestatem,
1111 1127 1161 1186 sed
1188 1128 1320 1188 omnium
1338 1129 1398 1208 pri-

173 1250 250 1292 mum
278 1240 306 1291 et
335 1233 458 1292 maxime
487 1239 654 1301 cantatam.
704 1229 769 1301 Quo
796 1225 848 1299 fit,
870 1239 902 1283 ut
919 1225 1113 1302 philosophus
1140 1224 1219 1306 apud
1247 1243 1314 1285 eum
1341 1244 1396 1285 nou

173 1345 303 1390 occurrat
330 1344 361 1390 ut
389 1346 499 1390 morum
523 1329 672 1409 magister,
693 1325 788 1406 prouti
808 1321 886 1404 apud
909 1321 1009 1382 nullos
1026 1343 1085 1382 non
1105 1323 1227 1404 populos
1245 1337 1398 1383 occurrunt

172 1429 332 1508 sapientes3
364 1428 414 1488 sed
444 1442 476 1486 ut
501 1417 694 1507 φιλομαθῆς,
726 1439 758 1484 ut
785 1421 840 1503 τῆς
870 1416 1015 1504 οἷληθείας
1047 1414 1262 1500 φιλοθεάμων,
1294 1420 1327 1503 3)
1353 1421 1398 1500 qui
1453 1455 1454 1460 κ

173 1526 252 1586 haud
281 1527 364 1586 utilia
392 1529 533 1611 praecipit
562 1541 590 1588 et
618 1527 714 1600 hona,
741 1524 791 1584 sed
819 1542 922 1583 aarum
950 1521 1077 1602 exquirit
1105 1524 1247 1604 primum,
1275 1535 1309 1580 ut
1335 1521 1399 1578 indo

174 1625 353 1684 existimetur
379 1619 416 1682 de
444 1638 659 1707 praeceptorum
679 1624 809 1683 bonitate
832 1637 860 1682 et
887 1620 1022 1681 utilitate.
1064 1621 1169 1700 ltaque
1184 1623 1216 1680 iu
1231 1619 1397 1698 philosophi

174 1721 353 1804 exploranda
373 1721 529 1782 indoleat
557 1737 678 1798 natura,
700 1741 785 1803 quam
807 1718 952 1801 praeclare
971 1717 1124 1799 descripsit
1144 1721 1175 1778 in
1195 1718 1320 1792 Politia,
1341 1726 1399 1776 stu·
1454 1727 1455 1772 ι

174 1819 256 1878 dium
279 1819 356 1878 illud
381 1819 514 1880 discendi
534 1821 661 1900 ¹verique
684 1818 874 1900 cognoscendi
893 1817 1019 1876 attendit
1039 1818 1171 1877 maxime.
1222 1816 1322 1878 Totae
1348 1810 1400 1893 icit
1454 1798 1456 1916 )

175 1911 216 1998 tp*
247 1916 307 1977 vair
339 1911 512 1998 φιλοσόφων
544 1911 662 1998 (prioratu
691 1914 757 1998 περὶ
789 1907 997 1996 ὡμολογήσθω
1024 1907 1116 1995 η’μῖν,
1143 1908 1189 1976 ὅτι
1215 1909 1400 2001 μαθήματός
1455 1917 1456 1926 ’

176 2039 206 2100 γε
244 2014 288 2080 αἐί
325 2017 450 2102 ἐρῶσιν,
487 2013 552 2081 ὅσα
582 2015 617 2080 dv
650 2014 749 2093 αὐτοῖς
785 2018 875 2100 dilui
908 2014 1017 2099 ἐκείνης
1052 2015 1107 2097 τῆς
1144 2009 1244 2096 οιίσίας
1275 2019 1331 2104 τῆς
1360 2013 1400 2079 ἀεί

177 2115 266 2204 οὔσης
295 2121 343 2183 καί
372 2117 417 2205 μή
447 2117 638 2203 πλανωμένης
673 2115 733 2182 sind
769 2115 905 2201 γεἰίσεοις
935 2117 983 2180 καί
1013 2118 1143 2200 φθορᾶς.
1165 2120 1197 2204 t)
1249 2124 1315 2200 Quo
1344 2125 1399 2203 ipsc

178 2223 281 2283 ductus
309 2226 372 2284 veri
400 2224 516 2300 studio,
546 2224 713 2284 dialecticas
742 2225 868 2283 instituit
899 2221 965 2303 περὶ
995 2216 1051 2282 τοῦ
1076 2214 1178 2296 ὀίσος,
1208 2227 1243 2282 tle
1272 2245 1303 2283 eo
1331 2217 1400 2302 quod
1456 2223 1457 2288 l

136 2321 143 2336 “
178 2331 239 2396 σοι’,
260 2321 487 2401 disputationes,
507 2322 732 2381 accuratissimas
751 2321 817 2380 illas
836 2335 864 2380 et
881 2321 1099 2400 subtilissimas,
1128 2321 1269 2403 equibus
1279 2321 1399 2380 'maxime

178 2418 371 2500 metaphysica
390 2419 506 2479 videtur
525 2431 603 2493 orta,
625 2436 697 2498 quae
716 2418 822 2478 deinde
841 2420 895 2479 hoc
917 2421 1033 2481 nomine
1053 2437 1080 2481 et
1100 2421 1179 2481 dicta
1199 2435 1240 2480 est
1260 2436 1289 2480 ct
1312 2415 1399 2478 elaho
1457 2435 1458 2442 ¹

178 2532 247 2576 rata.
288 2515 486 2576 Illustrabitur
513 2518 582 2577 haec
610 2519 726 2600 propria
753 2518 880 2577 Platonis
899 2533 926 2578 et
944 2520 1098 2600 singularis
1122 2519 1246 2579 ratic-in
1267 2515 1401 2602 proximis

178 2614 422 2696 disputationibus
451 2615 601 2692 omnihus3
634 2616 684 2675 sed
706 2617 800 2696 patuit
828 2617 888 2693 jam
917 2615 1000 2676 nohis
1025 2637 1061 2675 ex
1089 2611 1350 2699 comparationibus
1376 2623 1401 2668 et

177 2713 369 2793 imaginihus,
390 2711 495 2792 quihus
514 2714 574 2772 vim
593 2711 793 2795 philosophiae
812 2713 981 2774 declararit.
1013 2713 1054 2774 Eo
1073 2728 1202 2797 spectant
1218 2726 1333 2789 omnes,
1354 2723 1397 2800 ut,
1458 2747 1459 2752 κ

177 2810 335 2891 repudiatis
364 2809 490 2885 umbris,
517 2831 560 2869 res
579 2826 754 2893 spectemus,
776 2810 996 2893 procedamus'e
1015 2811 1141 2872 tenebris
1160 2815 1192 2871 in
1212 2810 1307 2872 lucem
1327 2807 1401 2871 reri-

175 2909 261 2983 tatis,
283 2909 400 2968 omnino
417 2923 446 2968 ut
461 2930 561 2968 verum
576 2928 774 2990 assequamur:
796 2905 874 2988 quod
888 2908 965 2969 idem
983 2909 1115 2971 sublimis
1129 2908 1229 2984 iltius,
1248 2931 1334 2990 quam
1352 2905 1401 2965 de-

176 3007 307 3087 scripsit,
329 3007 502 3066 initiationis
521 3029 660 3067 summurn
679 3021 720 3066 cst
738 3007 925 3087 propositum.

215 3105 287 3164 Tam
299 3103 355 3163 late
370 3106 464 3186 patuit
474 3104 552 3187 apud
562 3107 694 3186 antiquos
704 3101 829 3164 Graecos
837 3117 864 3163 et
873 3105 989 3165 Latinos
1002 3103 1192 3189 philosophia.
1214 3103 1325 3181 Quodsi
1336 3101 1401 3163 iude

177 3205 344 3283 respicimus
365 3217 459 3262 nostra
479 3217 622 3285 tempora,
644 3204 741 3263 mirari
761 3203 857 3278 subit,
877 3203 927 3283 qul
944 3204 1060 3264 tandem
1089 3204 1246 3281 acciderit,
1269 3220 1301 3264 ut
1319 3199 1401 3261 hodie

179 3301 369 3360 concludatur
386 3315 443 3360 tam
463 3304 548 3361 arctis
566 3299 705 3361 terminis.
735 3301 824 3379 Cujus
844 3301 885 3360 rei
905 3321 966 3362 non
983 3323 1039 3362 una
1056 3303 1144 3361 fuisse
1161 3321 1258 3361 caussa
1278 3299 1400 3363 videtur.

177 3401 248 3459 Nam
264 3400 386 3480 primum
402 3399 435 3459 in
449 3399 594 3460 doctrinas
608 3399 703 3460 divisa
718 3413 774 3474 est,
797 3413 828 3459 ut
843 3415 937 3481 partes
952 3400 1007 3482 ipsi
1023 3401 1154 3482 propriae
1173 3400 1401 3479 relinquerentur

174 3500 308 3586 exiguae:
331 3512 391 3556 tum
405 3499 465 3579 ipsa
481 3499 628 3559 doctrinae
643 3497 751 3557 finibus
765 3514 793 3558 et
806 3501 944 3578 angustiis
960 3499 1106 3558 terminari
1121 3500 1224 3580 coepit.
1244 3496 1302 3558 sed
1320 3496 1400 3578 prin-

176 3614 242 3677 ceps
261 3617 357 3654 caussa
376 3595 412 3655 ab
432 3598 598 3655 auctoritate
614 3595 769 3676 repetenda
783 3609 823 3656 est
842 3597 990 3678 religionis
1008 3595 1191 3657 christianae.
1230 3597 1307 3655 Haec
1328 3594 1401 3653 enim

177 3716 233 3774 quo
251 3695 338 3773 magis
358 3695 485 3754 invaluit
504 3695 535 3752 in
553 3714 654 3773 genere
672 3693 797 3752 humano
807 3735 815 3768 ,
837 3716 869 3753 eo
889 3693 985 3752 minus
1004 3694 1121 3775 reliquit
1139 3695 1348 3777 philosophiae.

218 3791 328 3871 Religio
345 3791 423 3873 apud
443 3807 551 3852 veteres
578 3812 637 3850 non
665 3788 789 3851 habehat
801 3787 819 3864 ,’
838 3813 895 3871 quo
923 3789 1051 3874 expleret
1071 3793 1224 3854 cultiorum
1253 3793 1399 3855 hominum

214 4008 237 4074 1)
255 4011 341 4062 Strom.
360 4010 379 4062 l.
399 4011 422 4061 5.
441 4027 466 4077 p.
484 4007 542 4062 333.
562 4010 603 4062 uhi
622 4009 704 4078 lutpp.
723 4009 761 4062 ct.
780 4004 837 4062 373.
857 4019 881 4061 et
904 4009 974 4078 Wytt.
994 4012 1025 4062 ad
1044 4006 1109 4064 Plut.
1128 4010 1145 4062 l.
1164 4009 1180 4062 l.

73 4135 77 4142 .
137 4159 143 4176 ι
213 4093 238 4156 2)
258 4095 328 4165 Orig.
345 4095 463 4146 Philoccl.
484 4113 506 4146 c.
526 4093 566 4146 13.

212 4179 544 4250 mmmuffiu

213 4280 318 4345 ll'h'od.
350 4283 390 4335 Vl.
421 4282 478 4334 485.
509 4283 551 4336 Α.
572 4269 645 4346 (ὅσα
669 4284 805 4336 manifesto
830 4294 985 4354 corruptum.
1013 4283 1052 4337 Ex
1076 4283 1196 4338 Themist.
1221 4281 1287 4338 XXI.
1302 4282 1358 4336 250.
1384 4259 1401 4326 d

179 4388 320 4438 restitutum
330 4385 647 4450 est,probuutibusGodd.
664 4385 757 4439 Verum
776 4371 833 4438 ὅσα
850 4403 902 4441 non
924 4397 1022 4440 temere
1036 4397 1135 4451 σιλιιιιις
1151 4388 1253 4442 videtur
1267 4381 1398 4457 legendum

181 4467 198 4528 t'i
221 4463 314 4550 σαφές
334 4493 361 4530 τι
377 4464 412 4530 tir
434 4515 463 4524 -
483 4470 547 4535 Ed.)
