2832 5120
733 289 791 350 212

149 449 255 508 etr-inas
282 462 439 530 spectaret,
459 449 532 526 quid
551 451 588 510 sit
609 449 742 512 discere?
759 452 835 536 puid
853 450 978 511 docere?
1002 467 1031 512 ut
1050 452 1145 532 pulcri
1162 453 1245 527 illic,
1265 455 1300 513 ita
1316 454 1356 514 hic

148 558 213 605 oem'
239 549 269 604 in
299 546 414 618 homine
443 567 566 608 amorem
588 550 769 630 exploravit;
791 550 841 610 hle
861 564 955 610 autem
976 551 1104 610 animum
1122 553 1270 632 proposuit
1287 553 1357 612 nobis

149 661 180 706 ut
192 645 315 726 ¹gravem
337 646 438 704 natura
463 647 579 725 optimis
596 649 719 723 studiis,
741 663 772 708 ut
792 649 839 710 vel
858 649 919 729 ipse
938 669 990 728 per
1009 669 1037 708 se
1056 650 1088 708 in
1107 649 1210 729 pulcro
1229 664 1357 723 versatus,

147 745 195 804 vel
223 743 354 803 adhibita
383 745 537 828 μαιευτικῇ
549 791 557 818 ,
590 765 656 804 cum
685 749 801 828 optimis
832 747 961 808 inventis
990 749 1064 827 ipsas
1090 762 1202 828 pareret
1217 746 1356 809 doctrinas.

186 845 279 918 Quam
307 863 484 904 communem
513 847 618 906 artium
648 847 788 925 originem
815 844 1014 917 attendentes,
1046 867 1106 905 non
1136 867 1283 928 possumus
1307 868 1356 905 non

145 965 210 1002 cum
238 944 384 1024 percipere
412 945 558 1004 Ciceronis
584 945 698 1002 effatum
723 958 784 1003 tum
805 944 947 1022 probare,
978 951 1127 1002 contineri
1153 967 1203 1003 eae
1230 953 1309 1002 inter
1331 966 1356 1001 ee

144 1049 388 1122 'cognatione
416 1045 553 1120 quodum.
596 1045 667 1102 Nam
692 1057 792 1122 partae
817 1063 915 1104 omnes
934 1043 1041 1122 pariter
1061 1042 1158 1102 eodem
1178 1043 1292 1122 ingenio
1308 1041 1358 1098 hu-

145 1161 246 1212 mano,
267 1121 422 1219 eodemque
441 1140 536 1221 pulcri
557 1142 675 1220 verique
695 1163 790 1200 amore
810 1142 843 1199 in
863 1140 956 1198 lucem
976 1141 1088 1213 editae,
1110 1139 1216 1218 quidni
1239 1139 1316 1199 nobis
1333 1154 1358 1198 et

143 1248 286 1318 cognatae
314 1236 448 1296 dicantur
475 1260 533 1298 esse
554 1253 582 1298 et
600 1254 699 1298 mutuo
720 1239 776 1298 sibi
795 1259 893 1296 omnes
912 1239 943 1296 in
963 1239 1135 1318 optimarum
1154 1259 1248 1297 rerum
1267 1236 1358 1319 studiis

144 1357 225 1416 opem
254 1337 353 1396 ferre?
386 1336 430 1396 Ab
456 1337 502 1396 his
530 1359 610 1396 orsus
638 1336 811 1417 principiis,
841 1336 890 1413 qui
919 1337 988 1395 artis
1013 1337 1149 1415 cujusque
1176 1350 1204 1395 et
1223 1335 1357 1395 doctrinae

144 1449 296 1508 naturam,
327 1437 486 1508 rationem,
517 1435 694 1516 propositum
726 1433 926 1513 indagaverit,
956 1432 1033 1513 quod
1063 1434 1228 1494 Aristoteles
1247 1435 1358 1493 tentavit

144 1532 356 1607 subtilissime,
377 1555 431 1592 nae
450 1534 475 1590 is
490 1533 525 1592 de
545 1532 655 1592 artibus
674 1547 702 1624 et
723 1531 863 1592 doctrinis
884 1535 1001 1613 ipsoque
1021 1553 1116 1592 eorum
1135 1533 1233 1607 fonte,
1254 1532 1358 1611 ingenio

142 1631 289 1704 humano,
319 1631 463 1712 praeclare
494 1632 640 1690 meruerit.
682 1631 791 1706 Quodsi
821 1633 885 1710 quis
915 1630 1048 1706 dubitat,
1079 1653 1149 1690 num
1175 1634 1272 1692 Cicero
1297 1630 1357 1689 haec

143 1732 238 1790 omnia
259 1730 429 1810 expresserit
449 1730 595 1803 oratione,
617 1751 705 1808 quum
723 1751 776 1810 pro
795 1729 900 1790 Archia
921 1728 1044 1804 diceret,
1066 1731 1173 1804 fateor,
1195 1751 1239 1788 me
1258 1748 1357 1807 quoque

143 1829 295 1902 dubitare,
326 1829 383 1888 imo
399 1828 575 1894 ¹existimare
601 1831 714 1910 potius,
746 1843 913 1910 usurpatum
942 1828 996 1888 hoc
1022 1829 1144 1888 tumtab
1171 1850 1203 1888 eo
1231 1848 1305 1901 esse,
1331 1841 1358 1884 ut

142 1947 320 1986 communem
347 1927 528 1986 sententiam.
570 1929 769 1988 Veruntamen
798 1928 921 1986 eundem
951 1929 1136 2003 Ciceronem,
1168 1928 1267 1987 eodem
1294 1940 1357 1985 tem-

137 2025 209 2106 'pore
220 2071 228 2100 ,
250 2017 308 2084 rein
328 2039 431 2098 totam,
454 2040 485 2084 ut
505 2028 707 2107 exposuimus,
728 2027 844 2107 penitus
864 2027 1042 2107 perspexisse
1053 2072 1061 2100 ,
1083 2027 1137 2086 hoc
1156 2028 1216 2107 ipse
1235 2023 1356 2106 probavit

141 2123 261 2182 biennia
287 2137 369 2204 post,
391 2144 474 2198 curn,
494 2125 617 2184 scribere
646 2146 791 2205 aggressus
812 2124 902 2182 libros
922 2107 967 2182 'de
989 2105 1124 2200 oratore,
1156 2123 1355 2205 philosophiam

141 2221 306 2281 celebraret.
348 2221 456 2280 Graeco
483 2222 558 2280 hanc
584 2224 700 2282 nomine
719 2222 904 2303 appellabat,
933 2224 1042 2303 quippe
1059 2223 1179 2304 originis
1199 2222 1318 2280 Graecae
1335 2233 1356 2276 et

142 2319 264 2379 vixdum
282 2320 384 2378 Latine
405 2341 582 2400 expressam:
613 2342 785 2399 quamquam
805 2322 845 2380 sic
865 2342 927 2380 eam
948 2321 1033 2380 simul
1055 2320 1239 2394 declarabat,
1272 2334 1300 2378 ut
1317 2339 1355 2376 sa-

140 2419 267 2500 pientiae
284 2439 420 2493 umonem,
445 2432 476 2476 ut
492 2419 620 2478 studium
639 2413 734 2479 r'erum
753 2421 938 2499 optimarum:
955 2419 1083 2478 'eandem
1102 2427 1195 2477 autem
1211 2427 1354 2494 parentem

141 2517 262 2577 vocabat
282 2531 309 2575 et
327 2525 563 2593 procreatricem
588 2519 698 2584 artium
718 2518 847 2576 omnium
872 2517 1054 2577 laudatarum
1071 2530 1099 2574 et
1118 2517 1319 2575 doctrinarum.
1333 2511 1356 2591 l)

141 2616 204 2688 Quo
219 2615 305 2695 plane
321 2615 501 2695 explicabat,
523 2616 601 2693 quod
617 2615 678 2674 illic
697 2629 884 2695 usurpaverat
900 2616 936 2674 de
956 2636 1053 2674 earum
1070 2615 1257 2694 cognatione,
1277 2611 1354 2692 quod·

140 2701 195 2790 que
219 2728 297 2774 stans
324 2734 376 2793 pro
404 2712 563 2787 tribunali,
593 2715 616 2772 si
642 2713 788 2793 explicare
808 2713 960 2789 judicibus
984 2727 1011 2772 et
1035 2713 1144 2793 populo
1168 2714 1354 2782 sustinuisset,

140 2809 236 2869 surdis
259 2825 401 2870 narrasset
426 2811 563 2870 fabulam.
606 2813 663 2870 Nos
681 2811 828 2870 Ciceronis
849 2810 884 2870 de
903 2794 1086 2892 philosophia
1108 2813 1264 2870 sententias
1282 2810 1354 2869 initio

140 2907 227 2986 hujus
244 2910 338 2988 operis
358 2908 524 2982 attulimus,
546 2906 577 2989 2)
593 2930 663 2994 ¹quo
684 2910 771 2988 magis
791 2909 874 2968 nobis
893 2911 925 2994 in
946 2909 1007 2989 ipso
1027 2909 1156 2988 ingressu
1174 2924 1283 2989 pateret
1299 2909 1354 2968 Pla-

141 3007 252 3066 tonicae
282 3007 481 3088 philosophiae
510 3008 592 3066 ratio.
643 3008 714 3064 Nam
745 3006 833 3064 multa
862 3007 913 3064 ille
943 3008 1082 3086 expressit
1110 3007 1264 3081 disertius,
1294 3025 1352 3086 quae

140 3106 235 3164 minus
262 3107 412 3186 perspicue
433 3107 641 3164 enuntiaverat
659 3104 749 3164 Plato.
791 3107 876 3164 Nunc
895 3126 963 3166 vero
981 3105 1071 3185 ipsius
1092 3105 1220 3164 studium
1239 3104 1352 3165 Platonis

141 3204 342 3274 Ciceronianas
363 3203 428 3262 illas
448 3204 604 3262 sententias
625 3203 786 3283 explicabit
805 3203 987 3264 evidentius:
1018 3203 1096 3282 quod
1115 3203 1352 3284 progredientibus

141 3301 225 3360 nobis
263 3300 420 3381 deinceps,
452 3303 484 3360 in
514 3302 616 3381 primis
646 3300 696 3359 ubi
729 3301 767 3360 ad
801 3301 949 3381 politicam
978 3302 1106 3360 Platonis
1134 3304 1350 3381 pervenerimus,

140 3397 301 3459 identidem
325 3400 435 3479 patebit
462 3401 559 3478 magis.
601 3399 659 3459 Sed
684 3399 732 3458 htc
754 3420 805 3458 nos
826 3399 924 3459 eadem
945 3400 997 3458 illa
1018 3401 1164 3460 Ciceronis
1185 3399 1221 3458 de
1242 3400 1349 3481 phileto·

63 3523 69 3536 ·
139 3498 208 3579 phia
230 3499 310 3556 effata
331 3499 367 3558 ad
387 3499 532 3579 propriam
553 3498 680 3558 Platonis
700 3497 813 3556 ducunt
831 3513 859 3557 et
879 3499 1070 3578 singularem,
1093 3498 1237 3558 diuersam
1255 3512 1348 3558 certet

139 3612 314 3678 posterorum
335 3597 457 3670 studiis,
480 3593 740 3674 a'yxvnlonmdaiav.
785 3599 849 3656 Non
873 3598 924 3656 ille
945 3597 1047 3658 divisit
1067 3597 1272 3676 distribuitque
1291 3609 1349 3654 artes

140 3709 168 3756 et
192 3695 355 3774 doctrinas,
387 3711 418 3756 ut
442 3697 531 3757 libros
555 3690 768 3758 distribuerunt
788 3713 902 3781 postea,
934 3697 965 3754 in
986 3717 1065 3754 suam
1085 3715 1210 3775 quasque
1228 3695 1348 3760 classem,

140 3813 197 3872 quo
217 3792 327 3852 scilieet
352 3795 440 3873 magis
461 3797 492 3854 in
514 3809 593 3856 tanta
615 3798 699 3856 turba
721 3819 752 3855 ac
773 3795 961 3855 multitudine
982 3794 1051 3854 ordo
1072 3795 1220 3854 exsisteret
1239 3792 1346 3872 aliquis,

141 3890 191 3950 sed
215 3890 326 3952 hahens
351 3913 397 3952 eas
422 3915 538 3968 omnes,
569 3909 705 3976 tanquam
727 3895 853 3976 ejusdem
874 3895 1018 3975 parentis,
1041 3895 1127 3952 unius
1146 3892 1346 3974 philosophiae,

140 3989 250 4064 foetus,
272 4011 344 4068 quae
363 3993 424 4072 ipsa
443 3995 537 4054 omnis
555 3996 730 4075 sapientiae,
761 3995 854 4060 omnis
872 3992 968 4052 cultus
984 4006 1012 4050 et
1032 3992 1219 4050 humanitatis
1237 3990 1345 4051 studim

81 4123 84 4132 -
140 4101 226 4148 estet
246 4110 324 4148 amor
334 4135 342 4164 ,
364 4111 400 4150 ex
417 4091 470 4152 hoc
491 4113 586 4154 amore
604 4093 716 4154 homini
737 4095 858 4166 innato,
880 4091 934 4150 hoc
952 4110 1060 4150 summo
1075 4089 1221 4170 principio
1240 4104 1266 4150 et
1282 4090 1344 4148 sonte

139 4285 222 4296 nn-—u
230 4290 342 4297 ---.
349 4292 387 4298 ...-

174 4407 197 4472 1)
218 4408 271 4462 Cic.
290 4413 319 4461 de
337 4412 406 4462 Orat.
425 4413 444 4464 l.
464 4413 488 4466 3.

172 4493 197 4558 2)
218 4497 292 4547 letitia
310 4515 334 4564 p.
354 4496 394 4547 36.

1404 2759 1405 2844 l
