2838 5120
614 257 672 316 285

56 419 193 482 miscendis
220 419 351 503 procedit
377 419 550 481 dialectica:
580 443 597 479 a
619 411 809 497 διαλέγεσθαι
823 439 941 478 nomen
960 419 1064 480 habet:
1095 421 1143 481 his
1171 434 1263 480 autem

55 521 179 594 maxime,
206 520 230 578 si
259 517 402 578 Socratica
431 519 543 578 ratione
568 521 771 594 instituuntur,
804 539 871 578 cnm
896 517 957 578 veri
988 539 1070 578 amor
1100 520 1134 578 in
1168 521 1265 581 animo

54 632 80 677 ut
97 618 200 678 damma
216 619 372 692 excitatur,
394 630 454 677 tum
474 618 605 697 aperitur
620 615 687 691 ille,
708 637 793 696 quem
811 616 948 690 diximus,
966 617 1055 676 adimi
1077 617 1191 693 oculus,
1204 631 1266 677 tum

54 737 111 774 rero
116 762 123 790 ‚
138 717 160 775 si
179 737 234 796 quo
252 715 309 776 alio
329 715 415 776 modo
425 759 433 790 ,
454 713 501 773 his
520 715 700 795 praesertim,
722 735 773 797 per
792 713 989 774 efficacitatem
1004 716 1212 796 persuasionis,
1226 713 1265 775 ad

53 813 133 873 lucem
149 815 276 874 veritatis
292 813 510 894 adspiciendam
526 825 553 870 ot
567 811 710 873 trahimur
724 827 752 873 et
761 827 820 873 toto
831 814 927 872 animo
941 814 1146 875 convertimur.
1167 814 1265 874 Nolim

52 911 224 987 contendere,
242 913 371 972 alienum
388 913 478 973 fuisse
497 911 533 970 ab
552 911 606 970 hoc
625 912 831 994 praecipiendo
848 911 1016 972 dialecticae
1034 926 1187 994 praecepto
1204 913 1268 972 sire

52 1009 181 1070 Socratem
199 1012 260 1072 sive
280 1011 460 1071 Aristotelem
471 1009 553 1087 ,sed
569 1009 628 1069 huc
648 1025 776 1091 spectare
795 1011 921 1070 maxime
941 1009 1119 1070 Platonicam
1133 1009 1272 1069 dialecti-¹

52 1127 122 1183 cam,
141 1107 193 1168 boc
211 1110 327 1191 proprie
346 1106 493 1191 proposito
510 1111 719 1184 characterem
736 1111 798 1187 ejus
818 1109 963 1190 exprimi,
985 1107 1017 1166 id
1038 1128 1076 1168 cx
1096 1107 1149 1167 hac
1166 1110 1269 1168 trium·

53 1207 166 1266 virorum
180 1206 432 1269 celeberrimorum
452 1199 663 1288 comparatione
680 1205 793 1266 efficere
808 1207 893 1268 nobis
907 1205 988 1266 haud
1002 1219 1107 1266 temere
1123 1205 1268 1268 ridemur.

129 1401 266 1482 Quare
286 1383 895 1481 dialecticcopndPlctcnem
915 1403 1184 1460 eradicitus·

14 1453 17 1522 l
290 1513 330 1560 at
350 1509 627 1579 sepimentum
647 1501 970 1560 doctrinarum?
1051 1558 1053 1564 .

85 1697 183 1756 Locum
202 1696 282 1758 hunc
303 1698 335 1758 in
355 1695 540 1779 philosophia
566 1718 635 1758 sane
652 1719 738 1776 quam
758 1699 957 1778 gratissimum
982 1697 1023 1756 sic
1041 1698 1132 1756 omni
1152 1695 1273 1758 ambito
1294 1741 1296 1747 a

53 1807 158 1854 mactare
178 1795 361 1870 studuimus,
381 1817 439 1875 quo
465 1797 553 1876 magis
580 1794 699 1856 lectores
728 1795 878 1876 evulgari
907 1796 978 1872 illa,
1009 1817 1080 1875 quae
1109 1797 1140 1854 in
1161 1795 1269 1855 scholis

54 1884 179 1968 traditur,
201 1893 355 1954 dialectica
374 1894 412 1954 ad
433 1899 494 1953 eam
511 1893 686 1975 disciplinae
705 1895 847 1956 rationem
865 1908 1082 1968 converterem,
1103 1914 1188 1973 quam
1208 1893 1267 1975 pri·

54 2011 105 2050 mus
122 1992 237 2052 videtur
258 1993 339 2053 Plato
359 1993 391 2052 in
416 1993 480 2052 luce
498 1993 646 2073 posuisse,
666 2013 795 2072 quaeque
823 2006 936 2052 tantum
961 1992 1058 2068 abest,
1089 2005 1121 2050 ut
1139 1990 1267 2059 scholam

54 2089 184 2166 redoleat,
206 2105 239 2151 ut
260 2113 318 2150 una
345 2091 476 2151 omnium
494 2091 617 2150 maxime
637 2091 675 2150 ad
693 2091 844 2172 ingenium
867 2090 1029 2150 acuendum
1058 2087 1268 2149 excolendum·-

54 2207 113 2264 que,
133 2191 168 2250 ad
188 2203 265 2250 artes
294 2189 523 2270 disciplinasque
535 2234 544 2263 ,
565 2209 637 2268 quae
668 2191 759 2251 vitam
787 2188 938 2250 hominum
962 2201 1184 2263 ormant,1·ecte
1213 2201 1268 2246 tra·

54 2286 160 2346 claudas
179 2287 287 2349 valeat.
309 2289 393 2351 Nunc
415 2307 483 2349 vero
503 2308 568 2346 cum
585 2301 710 2347 caeteras
727 2310 824 2347 omnes
837 2287 965 2348 Platonis
983 2283 1020 2346 de
1040 2287 1095 2345 hac
1114 2285 1276 2367 disciplina

55 2387 214 2462 sententias,
244 2398 306 2445 tum
333 2386 408 2446 hanc
439 2385 603 2465 intelligere
633 2385 718 2446 nobis
747 2386 867 2463 licebit,
892 2407 949 2465 qua
980 2384 1207 2466 disputationem
1235 2384 1272 2444 de

55 2478 205 2564 disciplinis
226 2484 388 2547 concludit.
431 2485 557 2545 Videtur
583 2476 682 2566 ὥσπερ
711 2475 840 2568 &ptyade
864 2488 926 2559 ταῖς
950 2477 1131 2564 μαθήμασιν
1155 2475 1178 2564 ἠ
1206 2481 1274 2543 δια-

56 2577 151 2664 λικτική
177 2577 254 2665 ἡμῖν
281 2577 380 2644 ἐπάνω
407 2587 540 2660 κεῖσθαι,
568 2583 617 2646 καὶ
637 2581 733 2648 οόκέτ’
754 2580 825 2649 ἄλλο
846 2582 954 2649 τούτου
974 2581 1112 2666 μάθημα
1132 2579 1277 2667 ἀνωτέρω

60 2674 147 2761 ὀρθῶς
173 2681 210 2748 ἂν
237 2684 444 2762 ἐπιτίθεσθαι,
470 2682 533 2748 ἀλλ’
559 2683 638 2770 ἔχειν
664 2681 727 2772 ἤδη
752 2685 835 2764 τέλος
861 2685 900 2751 τοὶ
925 2688 988 2750 coir
1016 2681 1218 2769 μαθημάτων.
1251 2686 1281 2768 1)
1327 2689 1331 2700 ’
1382 2705 1384 2710 ·

61 2781 159 2848 Scilicet
175 2803 267 2871 caput
283 2788 453 2850 dialecticae
472 2791 653 2868 Platonicae,
665 2805 697 2852 ut
720 2807 779 2852 tota
795 2814 847 2852 nos
868 2791 968 2852 docuit
983 2791 1141 2872 disputatio
1155 2789 1274 2864 haecce,

60 2901 164 2946 cernere
182 2901 246 2957 est:
268 2887 347 2966 quod
366 2889 399 2948 in
426 2889 505 2948 omni
528 2888 685 2968 judicandi
712 2911 831 2950 munere
860 2910 1001 2950 summum
1030 2887 1170 2948 habetur:
1193 2885 1274 2946 unde

59 2979 85 3039 in
111 2984 215 3066 linguis
226 2989 377 3064 judicare
398 2986 496 3048 verbis
522 2990 716 3068 exprimitur,
738 2989 810 3068 quae
829 3011 847 3048 a
868 2987 1014 3047 cernendo
1044 3008 1076 3045 ac
1107 2983 1271 3064 dividendo

56 3076 200 3145 ducuntur.
241 3085 324 3144 ·Hinc
347 3089 487 3159 'cr-ittera,
508 3087 605 3166 gravis
624 3088 663 3154 in,
686 3087 788 3168 primis
816 3108 880 3162 ars,
909 3107 994 3166 quam
1024 3085 1151 3167 primum
1171 3083 1275 3143 Graeci

55 3194 108 3256 post
128 3182 277 3244 Platonem
306 3183 391 3242 libris
423 3181 622 3264 librorumque
654 3185 831 3246 lectionibus
854 3184 1026 3263 judicandis
1053 3182 1277 3256 adhibuerunt,

55 3293 138 3354 postea
158 3283 334 3342 recentiores
353 3281 431 3342 nulli
447 3303 509 3364 non
529 3283 678 3343 literarum
695 3287 856 3363 artiumque
871 3285 989 3364 generi,
1006 3283 1150 3343 universis
1169 3279 1276 3340 doctri·

54 3376 110 3451 uis,
130 3380 185 3460 ipsi
207 3380 411 3462 philosophiae
432 3380 655 3463 applicuerunt:
689 3383 767 3443 unde
788 3390 915 3442 emtione
936 3382 1141 3458 philosophica
1160 3400 1280 3439 nomen.

56 3473 243 3557 Quamquam,
265 3480 372 3555 sires,
394 3500 455 3538 non
476 3501 583 3540 nomen
604 3484 717 3562 agitur,
747 3483 860 3561 antiqui
877 3483 936 3560 jam
966 3478 1177 3539 recentioribus
1212 3478 1282 3536 uni-

56 3591 141 3634 versae
161 3575 329 3656 hujusmodi
353 3578 470 3639 criticae
499 3578 665 3660 exemplum
685 3582 718 3639 in
739 3580 853 3660 scriptis
874 3580 933 3638 suis
954 3577 1105 3637 dederant.
1147 3575 1185 3635 Et
1209 3596 1277 3635 vero

55 3690 116 3746 quae
136 3674 320 3756 philosophia
341 3690 402 3752 est,
423 3698 496 3756 quae
523 3667 568 3737 ars¹
595 3692 646 3739 aut
670 3677 803 3739 doctrina
833 3678 951 3737 tractari
977 3690 1053 3736 recte
1074 3687 1184 3756 potest,
1217 3675 1276 3748 nisi

52 3768 190 3848 judicare,
208 3773 366 3851 judicandi
395 3797 459 3851 ars,
482 3778 539 3836 nisi
565 3778 667 3840 critica
691 3777 826 3851 accedat,
847 3797 919 3856 quae
948 3773 1095 3834 cernendo
1125 3761 1276 3834 veritatem

56 3871 281 3944 patefecisti-Iu
304 3872 351 3932 his
381 3889 477 3935 autem
507 3876 643 3936 omnihus
665 3878 832 3956 quicunque
849 3875 964 3953 judicat
992 3887 1020 3932 et
1041 3871 1281 3953 philosophatur,

58 3977 84 4021 ut
100 3971 210 4044 cernit,
232 3971 271 4030 ita
292 3971 451 4033 discretae
472 3975 592 4033 caeteris
620 3989 751 4055 separat,
773 3967 928 4054 signacue,
950 3987 982 4032 ut
1000 3972 1040 4030 ait
1057 3970 1158 4046 Plato,¹
1180 3984 1262 4030 notat
1272 4013 1281 4044 ,

57 4054 307 4150 ἕπισφραγίζεται,
329 4069 362 4151 2)
391 4094 448 4151 quo
475 4072 647 4152 diligentius
677 4095 694 4132 a
723 4073 867 4132 similibus
893 4071 1027 4132 omnihus
1054 4063 1278 4148 distinguantur*

60 4163 89 4223 ld
107 4180 201 4247 sepire
221 4173 322 4232 Cicero
340 4184 425 4232 vocat
445 4169 659 4248 rediscerendi
688 4171 794 4232 tribuit
812 4171 958 4231 scientiae.
1001 4169 1103 4246 Atque
1134 4170 1205 4226 haec
1224 4187 1283 4224 om·

61 4321 305 4345 Q-——n—-q

88 4395 111 4459 1)
129 4399 165 4450 ιιι
186 4403 247 4471 asp.
264 4401 319 4453 vu.
343 4367 403 4453 aar.
423 4399 452 4452 r.

88 4481 112 4544 r)
129 4485 224 4538 rasta.
243 4487 302 4540 258.
323 4487 350 4539 c.
