2908 5114
691 257 748 357 aar

101 459 300 540 gravissimum
321 459 470 520 haberent.
513 460 591 518 Haec
612 458 662 518 ubi
680 460 929 540 reputaverimus,
951 481 1010 520 uon
1031 449 1219 537 mirabimdr,
1237 460 1333 537 credo,

102 559 248 617 Platonem
277 558 414 618 hocloco
448 551 482 618 td
514 551 633 638 ἀγαθόν
659 557 731 638 quid
749 569 840 631 esset,
861 571 941 617 tanto
960 559 1057 618 stadio
1076 573 1104 619 et
1123 559 1225 619 ardore
1244 579 1334 638 quae-

100 657 210 730 sivisse,
232 657 431 738 eundemque,
442 667 531 738 quuiu
548 657 578 717 id
599 677 748 717 rumorum
768 655 799 712 in
817 653 1002 735 philosophia
1012 655 1152 716 habitumv
1164 659 1201 717 sit
1216 657 1334 733 deinde,

99 755 216 813 effectus
234 756 313 832 ejus,
333 777 404 835 quos
428 750 535 830 τόκους
555 770 658 830 vocat,
679 775 739 812 non
761 772 829 814 vero
848 753 943 833 ipsum
964 753 1126 815 describere
1154 756 1334 816 sustinuisse.

98 851 157 910 Sed
175 853 323 931 pertinent
343 854 414 916 haec
437 879 488 934 eo,
509 870 560 932 ut,
582 852 654 934 quid
670 849 843 931 spectaverit
863 851 987 910 maxime
1008 851 1125 913 sublimi
1146 851 1334 931 hacdisqui-

98 950 204 1008 sitione
220 949 320 1027 Plato,
341 968 520 1015 autumemus
537 948 749 1033 quodammodo
769 961 797 1007 et
815 950 1043 1030 praesagiamus3
1073 950 1111 1010 ad
1129 951 1335 1011 declarandam

98 1068 169 1106 vero
188 1067 250 1105 eam
268 1049 338 1109 haec
355 1065 518 1114 teneantur.

137 1146 317 1217 Quaerentes
333 1147 472 1209 Socratici
493 1151 530 1210 de
557 1149 660 1230 pulcro
688 1159 716 1204 et
743 1142 841 1217 bouo,
873 1143 1000 1208 moribus
1027 1145 1179 1222 solebant,
1209 1147 1336 1228 magistri

97 1243 142 1300 sui
164 1242 274 1318 instar,
295 1248 478 1327 prospicere,
501 1263 532 1308 ut
553 1261 581 1307 et
599 1266 663 1305 suos
683 1240 871 1302 emendarent
893 1255 920 1300 et
935 1242 1058 1302 aliorum
1088 1245 1236 1325 ipsiusque
1264 1245 1337 1303 civi·

97 1340 166 1397 tatis
184 1354 242 1399 tam
261 1363 353 1402 mores
372 1366 459 1424 quam
480 1345 555 1426 leges
574 1343 612 1402 ad
636 1338 795 1401 honestatis
815 1339 988 1419 virtutisque
1006 1363 1038 1400 ac
1055 1343 1187 1420 justitiae
1207 1344 1336 1402 normani

95 1454 313 1518 componerent.
354 1441 496 1502 Similiter
514 1444 613 1518 Plato;
636 1439 722 1498 sedis
738 1455 827 1513 quum
843 1436 1078 1519 philosophando
1089 1460 1189 1500 verum
1209 1441 1337 1520 respice-

96 1549 140 1594 ret
159 1536 300 1596 continuo
320 1552 348 1598 et
365 1540 419 1599 hoc
438 1540 550 1600 homini
572 1542 603 1599 in
624 1537 702 1598 omni
722 1533 800 1594 vitae
830 1536 944 1614 negotio
971 1536 1194 1616 exprimendum
1222 1557 1280 1596 esse
1301 1539 1333 1597 in

96 1633 200 1712 primis
219 1613 358 1712 cebseret,
370 1652 522 1717 utrumque
538 1637 623 1697 nobis
637 1631 726 1706 illud,
752 1624 789 1691 τό
811 1625 902 1692 καλόν
916 1655 945 1694 τε
967 1631 1016 1694 καὶ
1038 1627 1173 1714 ἀγαθόν,
1195 1649 1334 1714 tanquam

96 1732 232 1812 exempla
254 1729 287 1791 ἓν
307 1733 352 1818 τῷ
373 1727 449 1808 ὄντι,
481 1737 514 1795 in
532 1733 642 1794 mundo
666 1729 767 1816 νοητῷ
795 1736 964 1813 proposuit,
994 1736 1032 1795 ad
1057 1757 1180 1816 quorum
1209 1736 1334 1816 speciem

95 1831 255 1908 perlectam
273 1835 323 1892 et'
321 1850 394 1895 artes
413 1850 600 1897 tractaremus
620 1847 648 1892 et
669 1855 737 1896 vero
757 1846 845 1892 totam
865 1830 1067 1913 effingeremus
1087 1836 1165 1894 vitae
1185 1847 1243 1893 tarn
1270 1833 1335 1912 pri—

96 1941 179 1986 vatae
199 1951 285 2008 quam
305 1932 442 2012 publicae
460 1932 610 1991 rationem.
653 1932 759 2005 Porro,
782 1943 813 1988 ut
832 1929 965 2006 aequales
985 1933 1046 2008 ejus
1073 1931 1158 1990 multi
1177 1943 1206 1988 et
1228 1929 1334 2009 posteri

95 2023 207 2085 deinde
218 2072 226 2103 ,
248 2029 287 2088 ita
306 2031 368 2110 ipse
387 2034 494 2090 bonum
515 2028 600 2106 longe
630 2029 738 2104 majore
759 2027 822 2086 loco
832 2073 841 2101 ,
862 2048 947 2104 quam
963 2027 1098 2108 pulcrum
1115 2025 1332 2087 habebat:dis-

95 2143 195 2182 serens
213 2139 308 2184 autem
329 2127 366 2186 de
393 2128 465 2187 boni
495 2126 693 2206 praestantia,
723 2139 752 2184 et
778 2145 916 2185 summam
946 2147 1045 2186 rursus
1073 2125 1178 2184 habuit
1204 2123 1335 2200 veritatis

96 2221 260 2297 rationem,
287 2238 316 2283 et
332 2229 399 2284 loni
418 2227 517 2283 ideam
544 2221 675 2283 idearum
699 2241 758 2280 esse
780 2223 944 2302 principem
964 2223 1060 2283 dixit:
1090 2221 1169 2302 quod
1195 2219 1334 2299 quemad-

95 2319 215 2377 modum
234 2321 435 2401 accipiendum
452 2323 500 2397 sit,
521 2319 553 2378 in
573 2317 672 2378 eadem
682 2319 879 2399 disputatione
891 2341 943 2379 nos
961 2320 1045 2380 docet
1055 2319 1192 2383 Socrates.
1214 2312 1334 2398 Μέγισ-

95 2437 146 2475 τον
167 2410 307 2498 μοίθημα
328 2442 386 2480 esse
408 2422 449 2480 ait
468 2411 524 2499 τήν
551 2412 673 2497 ἀγαθοῦ
699 2413 798 2491 ἰδέαν,
830 2419 912 2496 cajus
937 2418 1045 2498 quippe
1075 2421 1277 2480 communione
1306 2433 1334 2478 et

91 2519 168 2595 justa
189 2533 217 2578 et
233 2534 343 2578 caetera
362 2520 459 2579 omnia
480 2521 574 2578 utilio
606 2518 691 2579 fiunt.
715 2519 798 2577 «Hac
820 2517 970 2596 neglecta,
1001 2517 1115 2594 inquit,
1146 2518 1256 2576 etiamsi
1287 2517 1334 2578 vel

95 2617 223 2674 maxime
243 2631 353 2676 caetera
374 2630 556 2690 teneremus,
578 2615 633 2675 scis
652 2637 720 2674 sane
739 2615 851 2674 nullam
871 2633 923 2670 nos
942 2612 1012 2671 inde
1031 2613 1186 2673 utilitatem
1202 2628 1335 2694 capturos

95 2731 173 2771 esse:
208 2715 282 2773 sient
313 2716 337 2773 si
365 2714 578 2794 possideremus
604 2712 737 2791 aliquid,
768 2712 837 2770 huic
863 2724 958 2768 autem
988 2713 1094 2769 bonum
1115 2733 1175 2770 non
1193 2724 1265 2771 esset
1284 2710 1333 2770 ad·

92 2811 240 2886 junctum.
282 2815 328 2871 An
348 2833 417 2874 vero
439 2811 573 2892 prodesse
594 2809 679 2869 nobis
700 2824 801 2890 puter,
820 2809 917 2868 omnia
936 2807 1199 2888 possidere,bonis
1217 2829 1330 2868 carere:

96 2908 144 2967 vel
164 2910 263 2967 omnia
283 2923 379 2968 mente
398 2922 516 2984 tenere,
539 2906 618 2966 nihil
638 2929 726 2982 vero,
747 2906 825 2985 quod
844 2904 978 2986 pulcrum
996 2904 1163 2984 bonumque
1192 2911 1331 2968 esset?-

96 3005 161 3062 Non
188 3007 318 3085 profecto
347 3007 491 3084 equidem.
513 3039 545 3048 -
566 3003 596 3084 l)
625 3005 730 3079 Quid?
762 3024 860 3063 nonne
889 3003 944 3061 hoc
972 3003 1176 3078 manifestum,
1200 3006 1279 3082 justa
1298 3027 1331 3065 ac

96 3103 201 3182 pulcra
219 3105 344 3181 multos,
365 3125 438 3183 quae
459 3103 651 3179 viderentur,
672 3103 782 3162 etiamsi
803 3105 862 3161 no'n
883 3114 995 3176 essent,
1016 3113 1112 3158 tamen
1140 3099 1276 3161 lubenter
1304 3117 1332 3162 et

95 3198 224 3260 facturos
242 3223 301 3261 esse
317 3215 345 3262 et
364 3221 559 3282 possessuros,
581 3202 658 3261 bona
679 3221 748 3262 vero
765 3199 931 3280 possidere,
960 3219 1033 3277 quae
1062 3197 1233 3260 viderentur
1251 3199 1332 3259 dun-

95 3311 196 3372 taxat,
226 3300 337 3358 nemini
369 3299 520 3373 sufficere,
550 3299 601 3358 sed
630 3319 702 3378 quae
731 3318 830 3379 reapse
859 3310 929 3356 sunt
951 3294 1028 3355 bona
1057 3317 1156 3356 omnes
1174 3318 1330 3376 quaerere:

97 3396 222 3474 speciem
243 3396 275 3454 in
292 3396 340 3455 his
360 3412 545 3456 contemnere
565 3417 797 3476 unumquemque
816 3395 972 3456 solerel-
992 3395 1030 3455 Et
1059 3396 1182 3476 manime
1212 3416 1333 3457 sane.-

96 3483 184 3566 Quod
203 3493 292 3574 igitur
309 3508 491 3554 consectatur
511 3495 608 3553 animo
626 3495 720 3553 omnis
739 3493 843 3567 homo,
865 3495 1004 3572 cujusque
1021 3493 1119 3553 caussa
1138 3495 1196 3573 agit
1215 3495 1331 3568 omnia,

97 3611 242 3670 augurans
261 3612 319 3650 esse
339 3591 415 3651 illud
436 3592 568 3671 aliquid,
590 3591 729 3651 dubitans
749 3605 845 3650 tamen
866 3611 919 3649 nec
946 3604 1049 3650 tenens
1076 3592 1143 3650 satis
1171 3589 1244 3668 quid
1273 3591 1331 3666 sit,

97 3707 129 3746 ac
148 3702 299 3768 propterea
316 3688 353 3747 de
372 3690 492 3749 caeteris
516 3710 576 3749 non
607 3690 787 3769 assequitur,
816 3669 960 3767 riumquid
990 3687 1125 3747 utilitatis
1153 3685 1330 3766 praebeant:

97 3785 134 3844 de
152 3785 207 3844 boc
229 3786 317 3865 igitur
337 3787 467 3865 negotio,
489 3787 568 3866 quod
586 3787 644 3846 tale
665 3800 707 3846 est
726 3800 912 3866 tantumque,
938 3786 1080 3845 caecutire
1104 3784 1249 3864 oportebit
1276 3807 1331 3866 op-

97 3881 183 3941 timos
202 3875 269 3941 illos
289 3884 455 3944 incivitate
475 3886 573 3960 viros,
594 3884 701 3964 quibus
717 3885 813 3944 omnia
833 3905 931 3943 sumus
961 3882 1139 3942 commissuri
1151 3885 1210 3942 2-
1236 3883 1333 3943 Mini-

98 3997 197 4038 me.-
216 3981 291 4038 Reor
311 3980 459 4058 equidem,
491 3981 621 4057 custodi,
640 3983 690 4060 qui
705 3983 784 4059 justa
804 3995 832 4040 et
851 3981 953 4062 pulcra
973 3992 1086 4056 teneat,
1111 3980 1225 4060 ignoret
1242 4001 1311 4042 vero
1322 4025 1331 4057 ,

99 4095 155 4152 qua
175 4077 285 4135 ratione
304 4076 374 4136 haec
403 4080 477 4158 dona
506 4080 584 4153 sint,
616 4101 676 4139 non
694 4078 790 4138 'multi
819 4077 983 4161 faciendam
1011 4098 1108 4136 eorum
1136 4079 1330 4158 cognitionem

99 4191 176 4230 esse:
198 4174 222 4232 si
243 4173 331 4248 adeo,
352 4176 402 4252 qui
417 4174 472 4234 boc
494 4176 625 4255 ignorat,
655 4190 753 4236 tenere
784 4176 837 4235 illa
864 4177 972 4257 possit;
1005 4196 1055 4256 ego
1086 4195 1154 4237 vero
1184 4175 1329 4234 neminem

99 4287 240 4345 auguror,
262 4269 349 4346 hujus
366 4273 517 4352 ignarum,
539 4273 591 4333 illa
610 4277 804 4334 assecuturum
823 4293 935 4333 esse-
956 4274 993 4333 Et
1010 4286 1086 4333 recte
1103 4273 1220 4352 quidem
1238 4292 1332 4344 augu—
1416 4339 1418 4347 Ι

135 4456 531 4529 nmmumnn
