2838 5120
632 273 690 336 ιιι
748 235 753 244 “

57 428 138 516 λόγου
153 429 244 519 δόξης
262 430 311 500 t’ul
328 433 362 498 so'
380 429 479 520 ὄρθόν
500 429 644 519 ὁρμώσης
664 429 838 519 κρατήσασα
858 429 1006 517 tantatus
1020 459 1046 500 κ.
1063 460 1090 500 τ.
1105 439 1132 500 λ.
1150 441 1179 523 1)
1198 442 1278 516 Quae

57 560 163 619 prorsus
180 542 352 619 syatltott'co
371 538 506 600 delinitio
525 554 566 600 est
576 585 585 615 ,
614 559 651 598 ex
670 559 759 619 eaque
778 539 886 620 plane,
908 555 940 600 ut
958 561 996 600 ex
1015 540 1185 602 dialecticae
1202 538 1279 600 defi-

57 638 161 696 nitione
186 629 373 713 Aristoteles,
401 639 561 719 proximam
589 657 704 700 omnem
730 637 956 719 disputationem
984 638 1075 699 ducit.
1116 640 1281 700 Occurrunt

17 795 20 804 ,
56 749 143 794 autem
169 738 203 796 in
232 737 331 797 codem
358 734 474 818 dialogo
495 745 700 813 partitiones,
721 757 792 815 quas
819 737 907 818 plane
934 735 1047 796 dixeris
1073 733 1280 796 Aristotelicas.

54 833 137 909 Nam,
158 848 192 894 ut
212 833 350 895 audaciae
367 833 549 916 poenituerat
568 834 732 910 Socratem,
748 835 799 913 qui
818 833 916 897 dicere
934 835 968 894 in
987 855 1110 896 amorem
1130 834 1282 895 sustinuis-

55 945 92 990 set
99 931 307 1014 ,palinodiam
334 933 443 1007 canit,
461 932 706 1014 reprehenditque
734 953 763 992 se
791 933 907 1012 ipsum,
933 933 1012 1012 quod
1043 953 1103 995 non
1129 946 1205 994 recte
1232 930 1282 990 di-

54 1030 386 1122 stinxerat.Furore1a
412 1030 490 1090 enim
516 1049 640 1092 amorem
666 1051 744 1106 esse,
774 1042 804 1090 at
834 1051 895 1092 non
920 1051 1012 1092 unum
1037 1045 1148 1092 exstare
1175 1029 1282 1091 luroris

53 1147 153 1206 genus.
184 1149 245 1188 csse
272 1129 332 1190 duo
350 1149 454 1209 genera
482 1129 605 1208 μανίας,
631 1123 686 1212 τήν
711 1125 804 1208 μὲν
789 1121 850 1190 dno
868 1123 1047 1211 νοσημάτων
1068 1123 1281 1211 ἀνθρωπίνων·

53 1248 102 1307 syr
114 1219 184 1286 δὲ’
163 1249 224 1288 οπο
216 1221 293 1290 ost
291 1251 327 1301 ας
344 1220 504 1311 ital-imp}
517 1233 581 1294 coia
595 1226 752 1295 εἰωθότων
765 1229 901 1310 νομίμων
915 1227 1097 1314 γογνομιιιην.
1132 1233 1208 1292 Tum
1227 1230 1281 1292 hoc

54 1347 136 1408 genus
165 1330 200 1390 in
228 1332 336 1412 species
355 1329 507 1393 distribuit
527 1349 666 1415 quatuor,
688 1337 721 1396 in
748 1328 891 1416 ’μοιντοοιν
916 1328 1079 1410 ἐπίπνοιαν,
1105 1323 1282 1410 acherusia,

53 1419 213 1508 νοιηιοιήν,
230 1442 316 1510 atque
333 1419 485 1511 ἕρωτοιήν,
505 1433 541 1494 dc
559 1434 666 1513 quibus
683 1435 821 1519 deinceps
838 1435 1005 1518 singulatim
1024 1434 1149 1498 dissent.
1159 1430 1191 1511 2)
1208 1431 1281 1491 Con.

53 1527 121 1589 tinet
138 1530 179 1590 ita
206 1526 339 1609 dialogus
362 1529 444 1590 hicce
474 1532 592 1594 omnino
615 1532 822 1615 disputationis
841 1534 1040 1595 Aristotelicas
1059 1551 1207 1606 normam,
1229 1526 1280 1588 sod

53 1645 146 1706 operae
165 1627 292 1708 pretium
310 1641 353 1688 est
371 1629 619 1706 animadvertere,
637 1652 696 1692 uon
710 1633 852 1694 continuo
871 1629 1127 1713 Platonem,quod
1144 1647 1205 1688 mos
1224 1626 1281 1688 tert

54 1725 208 1786 Aristotelis
226 1739 256 1785 et
273 1724 510 1805 dialecdoorum,
540 1727 742 1789 definitionem
760 1751 886 1811 ponere:
907 1731 1066 1812 analytica
1085 1750 1138 1789 nos
1160 1724 1212 1786 ille
1232 1745 1280 1784 ra-

55 1823 125 1882 tione
141 1821 180 1883 ad
208 1822 411 1884 deliniendum
438 1825 569 1886 adducit.
611 1827 673 1886 Hoc
702 1827 815 1888 scilicet
837 1830 932 1889 fuerat
959 1827 1166 1911 disputationis
1194 1825 1301 1884 exor-'

55 1919 136 1983 dium
176 1924 244 1983 Duo
272 1921 359 1982 nobis
387 1924 507 2001 insunt,
535 1925 650 2004 inquit,
680 1925 787 2005 quibus
812 1947 963 2009 pmemus:
995 1927 1118 1988 alterum
1148 1918 1281 2004 ἔμφυτος

55 2012 120 2081 odoo
139 2014 289 2099 ἐπιθυμία
309 2014 440 2102 ἡδονῶν,
461 2024 584 2086 altarum
603 2017 755 2106 ἐπίκτητος
774 2017 861 2104 δόξω,
877 2019 1016 2106 ἐφιεμένῃ
1031 2024 1086 2087 τοῦ
1100 2019 1281 2108 entorses)

56 2141 165 2199 quorum
183 2124 241 2184 hoc
261 2124 410 2204 neglecto,
437 2123 516 2183 illud
534 2125 692 2206 respiciens
713 2126 823 2204 solum,
853 2125 1056 2188 definitionem
1077 2124 1167 2202 inde,
1193 2141 1279 2205 quam

56 2217 269 2303 descripsimus,
289 2208 394 2283 edicit.
436 2220 495 2283 sed
514 2222 585 2282 inde
603 2224 709 2302 etiam,
730 2246 767 2286 ex
787 2225 887 2288 eadem
913 2227 966 2287 illa
985 2225 1133 2307 analytica
1158 2223 1276 2304 discep-

56 2319 153 2379 tatione
171 2334 319 2402 postrcmo
343 2333 452 2382 rectum
472 2320 557 2382 ducit
585 2320 622 2381 dc
650 2344 744 2385 amore
765 2326 921 2404 judicium.
972 2323 1061 2386 Unde
1088 2322 1279 2403 intelligimus

57 2414 185 2478 facillime
205 2439 275 2483 cum
303 2419 444 2500 originem
462 2433 492 2480 ct
518 2433 652 2480 naturam
677 2416 857 2504 syhtheticae
887 2421 1092 2497 definitionis,
1117 2435 1179 2482 tum
1210 2440 1279 2482 vero

58 2513 133 2574 etiam
154 2517 320 2598 analyticae
349 2519 470 2580 rationis
490 2517 527 2578 ad
547 2531 624 2603 recte
640 2520 850 2582 instituendam
877 2523 1050 2604 synthesin,
1077 2520 1222 2581 imovero
1240 2515 1277 2576 ad

59 2627 146 2672 verum
163 2615 375 2695 assequendum
395 2617 456 2691 vim
476 2629 505 2676 et
521 2618 775 2727 opportunitatem

94 2710 334 2783 Quemadmodum
354 2714 482 2776 Platonis
500 2714 629 2795 analysis
649 2716 727 2776 viam
748 2717 907 2780 muniverit
933 2714 1100 2796 Aristoteli,
1129 2725 1162 2773 ut
1187 2665 1276 2793 syllo-

63 2803 173 2881 gisticam
202 2813 377 2888 instrueret,
399 2832 436 2873 ex
459 2812 505 2872 his
534 2813 640 2892 conjici
661 2815 804 2897 exemplis
822 2829 924 2898 potest.
976 2815 1086 2877 Verum
1106 2810 1274 2922 praesertim

62 2909 243 2978 quaerendum
271 2909 358 2970 nohis
383 2911 600 2992 proposuimus,
620 2925 763 2991 quatenus
793 2913 980 2996 disciplinam
998 2911 1170 2994 perduxerit
1186 2911 1271 2990 magi·

60 3012 107 3060 ⁵¹0²
114 3008 215 3086 ,quid
233 3007 380 3089 discipulo
397 3007 593 3090 peragendum
613 3009 773 3089 reliquerit.
814 3013 866 3074 Est
892 3010 970 3072 illud
1000 3010 1180 3093 potissimum
1206 3027 1276 3066 mo-

59 3099 225 3166 idemtitas
234 3127 337 3186 ,quae
360 3121 497 3184 vocatur,
526 3109 791 3170 demonstrationis
819 3111 910 3186 ratio,
937 3131 1023 3191 qaam
1042 3101 1193 3178 ἀπόδειξιν
1211 3099 1275 3166 κατ’

58 3187 154 3283 thoma
176 3219 204 3266 et
223 3195 443 3288 μοθημωιοιην
461 3199 665 3289 ἀκριβολογίαν
684 3222 769 3271 vocat
795 3202 971 3270 Aristoteles.
993 3207 1025 3291 4)
1057 3211 1131 3270 ’Νοιι
1158 3208 1275 3268 diversa

58 3301 163 3374 qudem
181 3307 237 3366 illa
249 3319 298 3368 est
314 3328 331 3366 a
349 3307 526 3388 syllogistica
545 3321 574 3367 ct
597 3307 748 3389 synthesi,
778 3307 849 3384 sed,
878 3321 910 3369 ut
938 3327 1044 3370 nomen
1074 3306 1205 3383 indicat,
1236 3305 1274 3365 ad

57 3400 336 3480 mathematicorum,
366 3404 405 3466 ad
432 3405 566 3468 Euclidis
593 3421 691 3487 postea
717 3406 939 3488 argumentandi
964 3408 1147 3470 severitatem
1176 3395 1275 3464 exacta

58 3508 101 3556 est.
139 3501 234 3582 Hujus
262 3517 295 3564 ut
323 3525 452 3565 normam
483 3505 615 3586 legesque
644 3505 799 3586 descripsit
828 3504 1012 3581 Aristoteles,
1034 3504 1066 3586 5)
1103 3505 1143 3564 ita
1171 3503 1220 3564 vit
1247 3515 1275 3562 et

58 3595 158 3658 tatione
185 3603 230 3663 usi
257 3616 325 3664 suut
344 3602 582 3684 philosophorum
610 3604 802 3680 recentiorum
829 3602 933 3679 multi,
953 3604 987 3663 in
1014 3602 1122 3682 quihus
1148 3598 1274 3660 Wolfius

59 3686 105 3750 hac
121 3698 253 3761 methodo
272 3700 423 3761 contendit
442 3700 614 3782 disciplinas
637 3723 735 3764 omnes
762 3699 928 3762 tractandas
957 3721 1025 3764 esse.
1075 3698 1112 3761 ld
1138 3699 1219 3759 Plato
1242 3696 1275 3756 in

59 3790 161 3871 seriptis
177 3798 237 3858 suis
255 3819 292 3858 ne
312 3798 463 3862 inchoavit
481 3799 608 3879 quidem.

60 3980 302 4010 κ“·--ινι-----

91 4121 114 4186 l)
134 4128 239 4186 Phaedr.
259 4131 319 4187 238.
339 4133 370 4187 C.

90 4205 114 4272 2ι
131 4214 189 4270 ma
209 4219 270 4272 ιιι.
293 4220 367 4273 ιι.-
386 4217 445 4273 aas.
463 4221 495 4274 ι.
511 4231 537 4274 ο
555 4221 615 4276 tos.
634 4221 663 4274 s.
681 4221 729 4276 or.
746 4224 824 4275 rum
841 4239 866 4289 ρ.
886 4223 926 4274 ιο.

91 4290 115 4356 ³)
131 4299 189 4356 ma.
208 4305 268 4360 ast.
287 4305 319 4359 ο.
362 4317 366 4328 ·

93 4378 116 4442 ⁴)
134 4387 237 4462 ttetqt.
254 4393 286 4446 ιι.
306 4389 333 4447 9.

94 4463 116 4530 5)
132 4469 229 4534 limest.
248 4457 337 4550 off-ts.
356 4479 420 4532 rtet.
439 4498 467 4548 p.
485 4479 542 4534 183.
