2832 5120
45 449 147 528 quidem
165 451 332 510 Ciceronem
350 451 410 523 sic,
441 465 474 509 ut
498 451 667 526 fecimus,a
689 451 808 510 caeteris
835 451 996 510 oratoribus
1023 449 1192 512 distinxisse
1210 450 1263 514 De·

44 549 212 608 mosthenem.
255 547 313 607 Sed
331 547 415 608 aliter
433 549 492 606 fere
511 548 638 610 rhetores
661 549 697 608 de
719 549 835 629 scriptis
848 549 1003 626 judicant,
1031 550 1121 610 aliter
1139 566 1264 611 oratores
1334 615 1336 618 ,

1404 657 1405 694 t

43 661 65 704 et
80 646 258 728 philosophi:
279 646 327 705 illi
347 647 488 706 orationisv
504 648 624 706 formam
643 647 817 722 attendunt,
844 647 875 706 hi
892 649 952 707 vim
973 650 1139 708 interiorem
1158 650 1264 729 exqui-
1286 643 1291 656 ⁸

43 757 101 802 runt
119 744 296 825 diligentius.
327 745 426 824 Itaque
446 746 479 804 in
493 746 685 840 Demosthene
705 745 850 804 Socratem
875 760 903 805 et
925 745 1074 805 Platonem
1093 764 1259 828 agnoscere,

42 843 167 924 Dionysio
188 857 249 903 erat
265 842 493 920 difficillimum
526 845 644 906 facilius
674 845 829 918 Ciceroni,
851 845 958 926 quippe
987 846 1037 924 qui
1065 860 1093 904 et
1119 859 1215 904 orator
1235 857 1263 904 et

43 941 217 1025 philosophus
236 955 305 1002 erat.
347 943 385 1002 Et
405 964 473 1004 vere
493 943 525 1002 in
547 943 599 1004 illo
620 943 659 1004 ad
679 943 801 1004 Brutum
821 943 858 1003 de
882 945 1005 1024 perfecti
1032 945 1152 1004 oratoris
1172 945 1263 1003 ferma
1304 1014 1308 1022 ,

42 1039 130 1100 libello
150 1040 227 1100 idem
252 1039 331 1100 haud
351 1040 471 1100 obscure
496 1041 681 1121 significavit.
725 1041 800 1100 “Nec
826 1041 934 1118 latius,
960 1044 1019 1116 ait,
1041 1063 1095 1102 nec
1119 1043 1263 1124 copiosius

42 1137 70 1197 de
83 1140 192 1218 magnis
209 1139 360 1218 variisque
381 1139 467 1198 rebus
485 1139 548 1199 sine
577 1140 762 1222 philosophia
781 1154 873 1224 petest
891 1141 1042 1220 quisquam
1070 1141 1176 1202 dicere.
1219 1140 1262 1200 Si·

41 1237 144 1315 quidem
170 1238 254 1297 etiam
275 1237 307 1295 in
327 1236 458 1298 Phaedro
475 1237 604 1298 Platonis
622 1238 677 1298 hoc
700 1237 839 1298 Periclem
857 1240 1031 1320 praestitisse
1049 1240 1170 1302 caeteris
1190 1239 1264 1299 dicit

41 1335 189 1394 emtoribus
219 1334 365 1410 Socrates,
396 1336 475 1413 quod
503 1337 527 1394 is
553 1340 740 1417 Anaxagorae
769 1337 885 1418 physici
905 1337 995 1397 fuerit
1021 1338 1153 1399 auditor:
1186 1339 1263 1416 qued

40 1434 106 1490 idem
133 1437 169 1494 dc
197 1432 395 1494 Demosthene
420 1442 597 1492 eaistimuri
621 1445 749 1512 potest:
780 1443 870 1511 eujus
901 1457 936 1500 ea
966 1438 1099 1513 epistolis
1124 1437 1263 1516 intelligi

41 1531 116 1606 lieet,
137 1554 228 1611 quom
238 1534 392 1611 frequens
409 1535 521 1609 fuerit
539 1533 682 1594 Platonis
710 1536 860 1594 auditor.»
888 1533 917 1614 1)
937 1536 1103 1608 Caeterum,
1122 1548 1264 1612 quantum

41 1629 89 1709 ipse
107 1630 220 1690 Platoni
240 1631 392 1706 debuerit,
413 1652 479 1690 cum
498 1631 596 1692 ubivis
614 1633 720 1692 fatetur
729 1679 739 1708 ,
759 1647 821 1692 turn
841 1633 941 1693 codem
959 1632 1014 1692 hoc
1033 1632 1191 1706 libello.,«
1202 1633 1263 1713 Ege

41 1742 141 1803 autem,
172 1729 231 1804 ait,
266 1744 294 1788 et
321 1751 366 1790 me
381 1713 476 1812 ¹sacpe
505 1751 581 1790 nova
612 1731 708 1791 rideri
736 1729 833 1791 dicere
852 1730 1005 1810 intellige,
1026 1751 1092 1788 eum
1111 1745 1262 1811 pervetera

40 1824 142 1902 dicam,
163 1827 214 1888 sed
233 1828 366 1888 inaudita
385 1827 549 1910 plerisque:
581 1839 611 1888 st
630 1831 758 1904 fateor,
780 1852 825 1887 me
848 1839 1016 1902 oratorem,
1038 1837 1067 1888 si
1081 1831 1161 1888 modo
1179 1837 1257 1903 sim,

10 1997 11 2000 Ἴ
39 1935 84 1982 eut
100 1933 193 1984 etiem
208 1935 379 2005 quicunque
400 1935 471 2001 sim,
493 1950 552 1986 non
567 1949 602 1986 oe
620 1929 777 1986 rhetorum
794 1929 942 2008 officinis,
964 1929 1015 1986 sed
1031 1951 1067 1986 ea·
1076 1929 1261 1986 Academiae

10 2069 11 2074 κ
40 2031 138 2099 spotiis
164 2033 326 2086 exstitisse.
367 2025 425 2084 Illa
452 2027 531 2085 enim
555 2039 623 2085 sunt
653 2026 798 2085 curricula
821 2025 1032 2106 multiplicium
1058 2027 1261 2104 variorumque

10 2191 12 2198 Ι
40 2141 190 2184 ermonem
201 2169 210 2198 ,
223 2131 257 2184 in
276 2124 383 2203 quibes
398 2124 542 2183 Platonis
551 2132 692 2201 primunt
706 2135 779 2183 ssent
793 2133 941 2202 impresse
958 2132 1099 2208 vestigio.
1110 2153 1145 2162 ·-
1156 2110 1263 2182 Omnis

10 2293 11 2298 Ἰ
40 2228 108 2280 enim
129 2225 251 2282 ubertas
274 2233 303 2282 et
328 2231 417 2302 quasi
436 2224 522 2301 syloe
547 2225 678 2280 dicendi·
693 2224 786 2282 ducta
814 2227 850 2280 eb
877 2224 943 2283 illis
964 2233 1035 2282 est.»
1061 2221 1093 2303 2)
1114 2222 1263 2282 Verunta-

41 2339 94 2378 men
113 2320 259 2380 rhetorum
278 2321 452 2382 Graecorum
472 2321 577 2395 lectio,
598 2320 705 2399 quibus
723 2342 738 2378 a
755 2322 862 2380 teneris
886 2321 1014 2382 imbutus
1034 2323 1129 2380 fuerat
1147 2321 1262 2396 Cicero,

22 2417 88 2477 ‘alio
108 2417 225 2480 videtur
244 2421 306 2498 ejus
324 2433 448 2478 mentem
468 2417 633 2478 abduxisse.

191 2614 249 2674 De
270 2600 336 2692 ee,'
353 2619 455 2694 qnod
475 2623 518 2672 in
540 2613 784 2692 eloquentie
804 2626 867 2676 est
887 2637 1091 2676 summum.

74 2795 112 2854 Ee
128 2795 272 2876 pertinuit
289 2808 348 2856 tota
366 2796 436 2856 haec
456 2792 614 2876 disputatio
634 2807 732 2854 nestra
741 2840 751 2869 ,
767 2807 816 2870 ut,
832 2817 918 2874 quam
937 2798 1061 2855 maxime
1080 2816 1146 2855 cum
1165 2794 1262 2854 Socra·

10 2891 13 2976 2
44 2904 92 2966 tes,
111 2907 170 2952 tum
190 2895 357 2974 praesertim
376 2893 458 2954 Plato
475 2891 642 2974 probaverit
663 2891 876 2971 eloquentiam,
897 2895 1132 2976 perspiceremus.
1175 2890 1261 2968 Quod

10 3038 12 3062 3
44 3010 112 3065 sane,
132 2993 189 3052 nisi
205 2991 349 3052 Socratici
363 2993 513 3074 perspecti
528 2987 698 3068 disciplina,
721 2991 848 3070 intelligi
859 3014 919 3051 nen
928 3007 1037 3074 potest:
1059 3003 1261 3073 patereautem

10 3085 12 3091 ’
45 3091 251 3152 somanitestius
266 3090 396 3166 videtur,
412 3113 469 3170 quo
484 3091 575 3171 ipsam
589 3088 669 3168 apud
678 3089 801 3148 Graecos
811 3088 993 3170 eloquentiae
1004 3076 1151 3150 historiam
1161 3089 1261 3169 exple·

10 3187 11 3191 ’
45 3189 187 3247 raverimus
217 3188 406 3268 diligentius„
437 3189 495 3248 Sed
526 3188 594 3248 licet
623 3188 708 3248 nobis
726 3209 763 3246 ex
783 3187 884 3272 eadem
905 3187 1100 3269 disputatione
1118 3189 1175 3246 alia
1194 3189 1262 3246 item

46 3283 150 3347 efficere.
192 3286 359 3362 Efficimus,
380 3289 454 3368 quid
473 3291 572 3348 Cicero
591 3288 781 3370 spectaverit,
803 3308 892 3364 quum
913 3309 972 3346 esse
993 3286 1181 3346 contenderet
1196 3308 1262 3345 era-

46 3395 118 3444 torem
136 3387 297 3468 perfectum
306 3431 315 3461 ,
336 3387 399 3446 sine
414 3386 510 3447 studio
529 3387 748 3469 philosophiae,
769 3406 830 3444 non
843 3406 943 3466 posse:
966 3384 997 3467 3)
1013 3383 1170 3460 efficimus,
1189 3384 1262 3464 quid
1314 3430 1318 3441 .

47 3499 143 3542 uenae
161 3506 220 3544 esse
243 3486 397 3566 praecipue
418 3485 573 3561 videatur,
596 3499 645 3561 ut,
666 3485 765 3567 prouti
788 3485 994 3544 Demosthenes
1012 3484 1091 3565 apud
1120 3484 1264 3556 Graecos,

49 3578 77 3637 tta
92 3583 166 3662 apud
184 3585 328 3645 Romanos
347 3583 425 3644 idem
443 3583 525 3644 hicce
544 3585 643 3646 Cicero
663 3585 844 3664 eloquentiae
866 3585 1063 3664 principatum
1091 3583 1260 3642 obtinuerit.

49 3673 86 3736 lst
100 3681 208 3740 scilicet
227 3684 346 3742 omnino
363 3697 440 3756 areta
454 3683 613 3762 quaedam,
636 3697 667 3742 ut
685 3683 738 3742 ille
755 3683 845 3756 vidit,
866 3681 1066 3762 philosophiae
1082 3693 1109 3738 et
1128 3680 1262 3758 elequen-

50 3773 91 3834 tiae
111 3780 304 3841 necessitudo:
327 3781 388 3861 ipse
408 3795 502 3840 autem
522 3803 538 3840 a
558 3796 655 3840 tenera
676 3795 767 3840 aetate
783 3780 1039 3862 praestantissimos
1057 3777 1180 3838 Athenis
1195 3777 1260 3860 phi·

51 3868 162 3956 losephes
180 3879 349 3954 audiverat,
368 3893 396 3938 et
422 3901 504 3954 vero,
527 3880 605 3939 unde
631 3879 757 3938 fructum
781 3879 911 3960 percepit
934 3875 972 3936 ad
998 3876 1072 3934 bene
1103 3877 1262 3936 dicendum

52 3970 191 4036 uberiorem
209 3979 295 4036 etiam
305 4024 313 4052 ,
335 3980 477 4038 nocturni
505 3979 668 4057 diurnitque
687 4000 776 4036 manu
801 3978 906 4057 scripte
934 3990 1095 4035 versaverat
1114 3975 1261 4050 Platonis,
1286 3991 1290 4009 ¹

51 4069 136 4143 quihus
158 4078 197 4136 sic
224 4091 326 4159 captus
353 4091 414 4152 est,
437 4091 469 4135 ut
493 4075 670 4136 Socraticum
699 4097 727 4136 se
757 4090 784 4134 et
811 4075 989 4134 Platonicum
1022 4067 1177 4147 fateretur,
1202 4076 1260 4148 sie,

52 4165 134 4254 iisdem
159 4174 307 4256 legendis,
329 4173 472 4236 Socratica
496 4190 524 4235 et
546 4176 696 4236 Platonica
724 4174 907 4256 philosophia
932 4172 1060 4230 imbutus
1084 4187 1142 4246 est,
1165 4186 1214 4244 ut,
1236 4169 1258 4226 si
1349 4239 1352 4244 Δ

79 4344 99 4409 1)
115 4351 178 4403 Orat.
196 4370 217 4404 c.
236 4355 262 4405 1.

79 4430 100 4494 2)
116 4437 170 4490 Eud.
188 4456 209 4490 c.
229 4437 254 4490 3.

80 4515 101 4581 3)
116 4521 170 4574 Eud.
188 4543 209 4575 c.
226 4523 243 4575 3
262 4533 289 4574 et
306 4525 330 4574 lt.
