2872 5122
738 246 776 306 et

141 431 219 468 nunc
240 406 428 478 admiramur,
445 406 596 467 mundum.
622 405 650 486 l)
669 409 749 481 Quae
766 407 844 468 fictio
863 427 1000 487 perquam
1014 407 1124 488 placuit
1142 409 1270 487 antiquis
1285 409 1371 488 poetis

141 521 169 566 et
195 505 382 587 philosophis.
425 506 502 564 Hinc
524 507 601 564 enim
629 527 695 564 cum
717 506 774 564 alia
803 505 913 580 multa,
943 508 1205 588 tum-Empedoclis
1223 504 1308 586 φιλία
1328 506 1371 565 κατ’

140 609 230 680 νεῖκος
243 608 274 688 2)
295 623 321 674 et
338 603 442 682 μῦθος
463 603 541 686 apud
570 604 792 684 Aristophanem
813 605 843 662 in
862 604 1036 686 pulcerrimo
1063 607 1163 666 avium
1189 609 1296 682 choro,
1326 608 1370 666 ubi

139 710 203 768 Nox
223 707 331 768 dicitur
347 708 378 764 iu
398 705 486 766 Erebi
507 705 574 764 sinu
594 723 679 761 ovum
698 703 860 783 peperisse,

705 791 838 882 Ἐρέβους
866 794 893 860 δ’
920 797 951 862 ἓν
979 790 1112 880 ιῖπείροοι
1132 792 1252 880 κόλποις

186 959 189 975 .
239 906 326 970 τίκτει
351 894 518 988 πρώτιστον
537 897 697 984 ὑπηνέμιον
725 897 789 974 Νδξ
816 896 836 984 η’
860 892 1077 986 μελανόπτερος
1103 895 1178 980 uida,

239 1009 272 1082 ἒξ
299 1000 336 1072 αὖ
360 1001 613 1090 περιτελλομέναις
634 998 725 1085 ιδ’ραις
752 1001 890 1086 ἔβλαστεν
909 1001 1004 1088 Ἕριος
1027 1000 1044 1068 α’
1066 997 1216 1084 ποθεινός.
1232 1013 1265 1094 3)

188 1117 365 1174 Nato-autem
375 1132 468 1171 amore
478 1157 486 1185 ,
496 1125 555 1170 orta
566 1109 706 1169 dicuntur
714 1110 822 1184 omnia,
833 1111 887 1190 ipsi
897 1110 969 1170 adeo
978 1111 1118 1170 exstitisse
1129 1113 1177 1172 Dii
1188 1112 1371 1172 immortales:
1434 1127 1435 1132 ’

156 1203 306 1296 πρότερον
333 1203 363 1272 δ’
390 1201 443 1272 oria
470 1203 508 1290 ἦν
534 1203 615 1288 γένος
641 1197 822 1282 α’θανιλταιν,
850 1207 920 1289 πρὶν
940 1202 1035 1287 Ἔρως
1056 1204 1203 1288 ’ξυνέμιξεν
1224 1204 1353 1272 ἅπαντα·

159 1309 407 1396 ξυμμιγνυμένων
428 1304 459 1374 δ’
481 1306 590 1388 ἑτέρων
612 1305 734 1390 ἑτέροις,
756 1301 845 1390 γένετ’
866 1302 1007 1394 ου’ρανδς,
1028 1301 1161 1392 ,maenada
1180 1336 1212 1374 τε

156 1417 205 1478 καὶ
226 1413 281 1499 μή,
304 1407 423 1477 πάντων
445 1438 474 1476 τε
497 1413 581 1475 θεῶν
601 1403 746 1496 μακάρων
766 1408 848 1493 γένος
869 1407 1009 1494 ἄφθιτον.

168 1521 233 1604 §ed
253 1535 353 1601 pergat
369 1522 429 1598 jam
449 1517 606 1576 Phaedrus.
648 1519 720 1575 Nam
740 1519 800 1593 ejus
822 1518 912 1576 oratio
928 1518 988 1594 jam
1007 1519 1146 1578 continuo
1170 1519 1256 1579 nobis
1276 1520 1372 1582 deela-

134 1620 230 1692 rahit,
258 1618 352 1698 quahis
379 1619 416 1676 sit
444 1615 561 1675 tandem
590 1636 668 1675 amor
695 1616 869 1674 Platonicus.
925 1617 991 1676 «Ut
1010 1631 1105 1676 autem
1136 1620 1307 1678 veterrimus
1335 1633 1373 1678 est

134 1713 277 1790 Deorum,
299 1717 338 1775 ita
366 1716 555 1774 maximorum
583 1714 667 1772 nohis
693 1713 834 1773 bonorum
862 1729 961 1774 auctor
987 1729 1037 1776 est.
1080 1718 1152 1777 Nam
1175 1719 1283 1794 juveni
1304 1717 1372 1796 qnid

134 1817 223 1896 magis
241 1815 412 1892 uberiusque
432 1813 539 1893 prosit,
560 1829 646 1890 quam
669 1822 776 1871 amator
800 1812 912 1885 honus,
934 1813 982 1872 rel
1003 1817 1149 1897 tentatori,
1171 1837 1257 1894 quam
1283 1817 1372 1876 bonus
1434 1857 1435 1860 =

135 1915 275 1986 amasius,
297 1912 431 1991 equidm
461 1933 519 1970 non
545 1911 666 1990 reperio.
709 1909 806 1984 Quod·
821 1911 898 1968 enim
926 1911 1031 1971 ducere
1051 1911 1137 1972 debet
1166 1913 1300 1974 homines
1316 1965 1318 1972 .
1325 1935 1372 1995 per

134 2027 222 2072 aotam
245 2012 332 2070 vitam
343 2057 351 2085 ,
377 2023 516 2089 quotquot
535 2009 652 2087 quidem
672 2009 790 2068 honeste
808 2024 875 2069 sunt
894 2010 1021 2083 victuri,
1041 2010 1118 2070 illud
1138 2032 1190 2076 nec
1211 2033 1303 2091 genus
1323 2032 1371 2072 nec

133 2111 257 2170 honores
277 2131 329 2168 nec
348 2109 470 2168 divitiae
491 2127 583 2186 neque
603 2107 659 2165 alia
683 2107 900 2187 qualiacumque
919 2121 977 2166 tam
997 2122 1116 2189 possunt
1135 2109 1283 2189 praeclare
1311 2108 1371 2170 effi-

135 2229 219 2282 cere,
240 2229 326 2286 quam
351 2225 438 2265 amor.
479 2205 559 2279 Quid
576 2219 672 2263 autem
691 2205 769 2264 ihlud
788 2206 878 2266 dieo?
904 2200 968 2286 Τῆν
995 2204 1044 2266 ἐπὶ
1069 2203 1125 2284 μὲν
1152 2209 1213 2280 τοῖς
1239 2207 1372 2288 αἰσχροῖς

132 2299 292 2386 αἰσχύνην,
316 2302 365 2364 ἐπὶ
387 2300 422 2363 δὲ
441 2305 504 2375 τοῖς
524 2305 622 2376 καλοῖς
645 2301 818 2382 φιλοτιμίαν.
859 2307 1011 2367 Parciorem
1025 2315 1058 2366 ι’νι
1076 2312 1166 2370 radus
1186 2313 1329 2386 turpibus
1346 2320 1373 2368 at

135 2418 170 2468 ιἰι
190 2411 322 2468 honestis
343 2409 583 2464 οοιιιιιλαίίοιιενιι,
620 2407 691 2463 Nam
713 2407 774 2464 sine
792 2407 839 2464 his
857 2405 920 2465 fieri
938 2406 1022 2466 nullo
1043 2408 1127 2467 modo
1145 2422 1237 2489 potest
1247 2455 1257 2483 ‚
1278 2424 1311 2470 ut
1328 2407 1371 2468 vel

133 2508 240 2568 civitas
259 2506 307 2566 vel
324 2506 398 2565 civis
413 2525 519 2584 magna
539 2503 605 2563 edat
618 2518 647 2562 et
666 2504 776 2562 nobilia
798 2505 937 2564 facinora.
964 2505 1064 2564 Statuo
1084 2506 1217 2584 equidem
1228 2553 1236 2580 ‚
1259 2509 1370 2577 virum,

136 2608 186 2686 qui
215 2620 306 2678 amet,
332 2605 354 2662 si
381 2617 465 2683 turpe
490 2601 562 2680 qnid
586 2601 633 2660 vel
656 2603 715 2682 ipse
736 2603 876 2682 peregisse
900 2603 1136 2684 deprehendatur
1148 2647 1165 2677 ‚·
1182 2605 1230 2666 vel
1241 2652 1249 2679 ‚
1277 2625 1370 2687 passus

135 2704 268 2777 absalio,
290 2723 342 2762 nec
363 2715 479 2782 propter
508 2701 653 2780 ignaviam
678 2700 775 2774 ultus,
801 2700 1011 2781 deprehensum
1035 2703 1068 2762 in
1093 2723 1128 2762 eo
1151 2705 1212 2762 sive
1236 2725 1253 2761 a
1275 2718 1370 2786 patre,
1434 2695 1435 2770 J

129 2791 198 2862 'sive
218 2802 255 2860 ab
267 2801 389 2872 amieis,
411 2801 471 2859 sive
491 2799 528 2858 ab
543 2799 601 2857 alio
620 2798 769 2878 quolibet,
790 2798 869 2858 haud
883 2813 996 2860 tantum
1009 2801 1078 2880 angi
1099 2821 1131 2859 ac
1152 2799 1269 2876 dolere,
1284 2823 1369 2880 qnan-
1434 2809 1435 2878 j

137 2914 198 2959 tum
225 2899 262 2957 ab
289 2897 412 2957 amasio:
439 2897 547 2978 pariter
575 2898 712 2956 amasium
741 2895 874 2958 ridemus
902 2911 963 2956 tum
990 2898 1203 2960 subeuntem
1232 2903 1369 2972 maxime,
1434 2879 1435 2890 λ

137 3018 225 3078 quum
244 2998 275 3056 in
302 2997 383 3077 turpi
413 2997 526 3075 negotio
548 2995 585 3053 ab
614 2994 789 3054 amatoribus
817 2996 854 3054 sit
878 3011 1055 3077 conspectus.
1102 2996 1133 3055 si
1158 2999 1246 3077 igitur
1275 2999 1370 3076 aliquo

137 3111 220 3178 pacto
239 3097 373 3155 exsistere
401 3095 448 3154 vel
467 3095 570 3153 civitas
599 3107 694 3174 posset
714 3093 761 3152 rel
781 3095 924 3154 exereitus
952 3109 1109 3153 amatorum
1129 3109 1157 3153 et
1181 3099 1368 3176 amasiorum:
1434 3093 1435 3150 i

135 3195 220 3255 nialla
241 3195 314 3252 ratio
334 3208 393 3266 est,
423 3214 480 3272 qua
500 3192 603 3251 melius
620 3193 652 3250 hi
677 3211 721 3249 res
750 3211 814 3249 suas
838 3193 1025 3268 ordinarent,
1046 3213 1132 3272 quam
1159 3193 1337 3254 abstinentes
1355 3214 1369 3249 a

139 3293 272 3374 turpibus
291 3289 429 3351 omnibus
458 3305 485 3350 et
509 3311 603 3349 secum
633 3290 760 3349 invicem
786 3290 977 3374 aemulatione
997 3290 1220 3350 contendentes:
1246 3308 1277 3352 et
1305 3309 1369 3352 sane

140 3392 236 3474 pugna
255 3391 326 3450 tales
344 3391 422 3449 cives
436 3391 587 3448 vincerent
604 3386 708 3460 facile,
730 3389 814 3467 pauci
832 3389 918 3448 etiam
937 3393 1074 3463 numero,
1097 3391 1263 3463 universes,
1283 3405 1314 3449 ut
1333 3387 1368 3445 ita

138 3489 252 3564 dicam,
274 3489 412 3550 homines.
442 3482 532 3568 Ἐραῑν
556 3480 612 3566 γδρ
641 3480 715 3566 α’νήρ
736 3479 796 3546 λανδ
817 3485 959 3548 παιδικῶν
981 3480 1117 3567 ὀφθῆναι
1139 3481 1159 3568 'i
1179 3481 1271 3548 λἐπιδν
1292 3480 1369 3556 τνῖξιν

136 3583 159 3670 ἢ
181 3582 259 3649 ὅπλα
284 3583 455 3667 ἀποβαλών,
483 3579 573 3670 ἦττον
597 3583 633 3650 δν
660 3582 758 3668 δήπου
785 3581 900 3659 δέξαιτο
922 3583 944 3670 ἢ
964 3582 1023 3649 aiud
1045 3583 1163 3652 πάντων
1182 3589 1242 3650 ταῖν
1264 3585 1367 3652 ἄλλων·

137 3690 186 3752 καὶ
212 3685 274 3772 priv
301 3689 497 3770 ἐγκαταλιπεῖν
522 3711 553 3771 με
578 3686 615 3751 cri
641 3685 760 3750 παιδικά
783 3686 806 3772 ἢ
831 3687 875 3774 μή
901 3691 1054 3772 βοηθῆσαι
1080 3685 1284 3767 κινδυνεύοντι,
1310 3682 1367 3772 πρδ

138 3789 244 3855 τούτου
264 3787 404 3854 τεθνάναι
427 3789 462 3854 δν
482 3787 619 3866 πολλάκις
640 3790 742 3853 ἕλοιτο.
763 3792 794 3872 h)
815 3794 944 3852 Amator
963 3775 1041 3852 enirn
1060 3797 1096 3852 ολ
1115 3803 1228 3853 amasio
1241 3797 1368 3872 conspici

140 3899 187 3955 val
202 3899 323 3955 ordines
341 3899 477 3956 deserens
487 3943 494 3969 ,
516 3898 562 3954 orl
585 3897 721 3974 elypeum
741 3898 887 3970 abjiciens
905 3901 1006 3952 minua
1024 3896 1113 3967 velit,
1134 3915 1224 3971 quam
1242 3917 1261 3951 α
1279 3901 1366 3954 ουσία·

177 4125 199 4190 l)
217 4129 298 4196 Sprap.
317 4124 374 4176 178.
393 4123 423 4175 Α.
438 4124 467 4175 B.

175 4212 202 4277 2)
221 4213 298 4264 Arist.
317 4211 424 4278 Metapa.
443 4210 462 4260 1.
480 4211 505 4262 h.

174 4297 201 4372 ξι)
220 4299 291 4349 Avib.
310 4314 349 4348 vs.
367 4294 426 4346 696.

173 4383 200 4446 d)
217 4385 298 4451 Spmp.
314 4381 370 4438 trs.
385 4380 413 4432 G.
432 4379 487 4432 179.
507 4380 536 4432 Α.
553 4379 648 4434 Locum
659 4382 693 4432 ita
708 4380 741 4431 de
753 4380 899 4445 conjectura
913 4381 1041 4432 constitui.
1055 4379 1111 4430 vid.
1124 4379 1256 4444 aunam.
1273 4378 1363 4430 itanu.

140 4470 174 4520 ad
190 4470 214 4520 h.
231 4470 246 4519 l.
261 4486 286 4534 p.
303 4467 343 4518 35.
