2838 5120
606 247 666 306 223

39 409 66 472 di
88 407 199 492 ἀριθμοὶ
219 403 316 490 πάσης
337 405 391 490 τῆς
413 401 530 489 φύσεως
551 409 677 491 πρῶτον,
704 403 747 469 τοὶ
766 409 838 469 τῶν
859 403 1030 489 ἀριθμῶν
1051 414 1231 492 στοιχεῖα,

38 515 90 575 τῶν
108 508 206 575 ὄντων
228 515 392 593 στοιχεῖα
411 505 559 572 πάντων
579 505 670 574 εἶναι
690 505 870 591 ὑνίέλαβον.»
900 513 928 596 l)

66 618 103 676 lh
120 618 161 676 his
178 616 223 676 illi
241 616 395 697 principiis
415 615 491 689 orsi,
520 637 707 696 quaecunque
725 615 796 696 ipsis
815 614 1004 676 occurrebant
1022 637 1083 676 non
1103 618 1235 678 sensibus

37 701 213 798 percipienda,
241 713 290 774 sed
318 706 389 773 drea
407 728 522 788 tamen,
552 715 598 774 his
621 715 670 776 vel
688 735 840 773 numerum
858 714 906 774 vel
925 729 1030 774 certam
1051 738 1235 777 numerorum

37 815 168 888 rationem,
187 815 421 894 proportionem,
441 805 543 885 πάθος
562 815 700 888 omnino,
722 827 859 892 tanquam
879 826 999 892 typum,
1020 813 1234 876 adscribebant.

37 914 169 986 Quocirca,
190 926 222 970 ut
242 911 365 972 affirmat
383 912 460 972 idem
480 915 621 995 scriptor,
643 913 709 970 aliis
730 910 930 990 significarunt
947 912 1007 972 sive
1027 911 1154 972 ilumeris
1174 915 1235 975 sive

36 1011 170 1070 rationibus
182 1012 340 1090 justitiam,
362 1011 428 1070 aliis
445 1014 574 1072 animum
584 1057 592 1086 ,
614 1011 680 1070 aliis
698 1024 819 1090 tempus.
849 1007 1034 1074 Accedebant
1053 1033 1236 1071 numerorum

35 1109 220 1188 proportiones,
241 1103 398 1192 ἁρμονικοὶ,
421 1111 528 1188 quibus
545 1131 640 1176 rerum
659 1110 805 1190 ipsiusque
823 1109 952 1169 universi
970 1122 1103 1168 naturam
1119 1126 1147 1170 et
1163 1131 1236 1172 com·

35 1208 180 1268 mutationes
198 1212 394 1291 explicabant.
435 1211 523 1270 Unde
542 1209 739 1288 intelligitur',
760 1219 900 1286 quantum
918 1206 1101 1268 obscuritatis
1120 1224 1237 1270 contra-

36 1303 85 1362 lere
111 1305 240 1368 debuerit
265 1331 362 1368 eorum
383 1311 534 1369 doctrina:
565 1329 650 1387 quam
670 1307 759 1364 fuerit
778 1305 897 1385 posteris
917 1305 1002 1363 facilc
1013 1352 1021 1380 ,
1051 1309 1101 1386 qui
1120 1309 1238 1389 ignora-

36 1416 83 1460 rent
97 1403 238 1465 doctrinae
256 1409 453 1489 propositum,
471 1407 595 1488 speciem
614 1404 706 1484 vulgol
719 1417 860 1462 ostentare
880 1403 1044 1462 reconditae
1063 1409 1236 1486 sapientiae:
1299 1447 1303 1456 ι

35 1521 100 1577 quam
117 1504 180 1563 item
199 1506 284 1565 nobis
302 1509 339 1566 sit
355 1506 494 1581 difficile,
515 1507 659 1564 imovero
678 1515 792 1583 superet
808 1501 895 1582 plane
913 1503 1078 1562 facultatem
1098 1520 1237 1583 nostram,

36 1597 113 1658 lumen
139 1603 276 1663 adhihere
305 1607 433 1665 tenebris
464 1607 535 1664 istis.
578 1603 651 1662 Nam
676 1601 783 1681 optimo
809 1602 953 1680 proposito
980 1603 1151 1683 Pythagorei
1173 1627 1258 1691 cum⁴

36 1699 147 1776 optimam
166 1704 325 1780 quaerendi
345 1706 486 1764 rationem
506 1703 656 1762 instituere
677 1714 867 1774 conarentur,
888 1700 921 1758 in
941 1701 1004 1782 ipso
1024 1703 1088 1762 viae
1108 1705 1238 1785 ingressu

37 1817 195 1858 numerorum
215 1803 451 1885 veritate⁸capti,
482 1822 584 1881 eosque
601 1812 741 1858 sectantes
763 1799 866 1873 unice,
897 1799 929 1857 in
949 1798 1035 1860 devia
1055 1801 1240 1862 deflexerunt
1283 1887 1288 1894 .

36 1907 55 1952 et
72 1895 186 1957 absurda
205 1901 318 1975 omnia,
349 1901 523 1980 tandemque
544 1899 585 1958 sic
607 1899 681 1958 votis
701 1895 890 1970 exciderunt,
920 1911 952 1956 ut
972 1919 1105 1959 numeros
1122 1923 1175 1982 pro
1196 1923 1238 1960 re·

36 1990 89 2067 hus,
107 2017 157 2075 pro
176 2001 299 2058 veritate
320 2001 443 2080 speciem
464 2001 600 2072 inanem,
621 2018 674 2077 pro
692 1996 848 2075 sapientiae
868 1994 932 2054 luce
951 1999 1088 2076 mysticae
1107 1999 1239 2080 philoso-

37 2089 100 2168 phiae
117 2095 239 2154 nebulas
258 2111 510 2177 consequerentur.
1032 2095 1035 2108 '

64 2191 199 2252 Platonem
222 2195 330 2274 pariter
349 2197 476 2255 numeris
494 2195 630 2254 tribuisse
648 2192 771 2251 multum
792 2205 819 2250 et
839 2191 906 2273 plus
925 2192 1015 2268 adeo,
1046 2216 1131 2274 quam
1147 2198 1238 2279 ipsius

41 2285 226 2372 philosophiam
244 2291 357 2351 deceret
367 2337 375 2368 ,
397 2315 494 2352 omnes
512 2307 540 2352 et
559 2294 655 2352 sciunt
675 2305 703 2348 ct
722 2311 802 2370 aegre
821 2291 920 2349 serunt
930 2337 938 2366 ,
960 2293 1010 2371 qui
1031 2295 1093 2371 ejus
1111 2298 1238 2378 scripta,

41 2383 163 2466 inprimis
184 2391 355 2466 Timaeum,
381 2392 522 2472 legerunt.
564 2393 623 2450 Nec
644 2404 739 2448 tamen
757 2403 869 2448 secutus
889 2405 931 2468 est
949 2391 1001 2449 ille
1022 2392 1109 2471 plane
1129 2396 1242 2475 Pytha-

38 2501 119 2559 goreos.
159 2489 320 2564 Numeros,
353 2503 384 2548 ut
413 2491 574 2570 antiquitus
597 2492 657 2566 jam
681 2487 913 2546 animadversum
933 2502 994 2563 est,
1025 2513 1085 2550 non
1104 2495 1241 2554 confudit

38 2600 86 2640 cum
102 2588 201 2662 rebus,
226 2588 277 2646 sed
295 2589 332 2647 ab
353 2590 389 2647 iis
408 2588 547 2648 discrerit
564 2587 737 2667 diligenter:
759 2605 812 2644 nec
833 2604 901 2642 vero
919 2606 964 2644 res
983 2587 1131 2666 neglexit,
1151 2613 1242 2670 quum

13 2729 16 2760 3
38 2699 146 2745 numeros
167 2700 322 2768 spectaret.
364 2687 427 2761 Qua
448 2686 484 2746 de
506 2706 536 2744 re
557 2701 589 2744 ut
610 2706 660 2744 suo
681 2683 743 2742 loco
763 2682 961 2757 monebimus,
982 2685 1021 2743 ita
1042 2708 1121 2746 nunc
1141 2702 1244 2750 tenen·

13 2827 16 2860 :
40 2775 97 2836 dum
118 2783 166 2844 hoc
195 2799 250 2844 est.
292 2786 408 2845 Numeri
436 2786 469 2843 in
496 2785 736 2864 Pythagoreorum
756 2780 870 2861 placitis
890 2797 1089 2861 argumentum
1109 2803 1190 2847 erant
1209 2790 1243 2852 in

39 2880 120 2954 paucis
135 2885 354 2963 gravissimum:
376 2883 545 2943 tribuebant
564 2883 618 2956 iis,
639 2895 672 2939 ut
692 2901 707 2938 e
729 2879 815 2938 dictis
831 2878 993 2958 colligitur,
1015 2883 1075 2942 rim
1093 2883 1246 2946 divinam:

13 3023 16 3056 7
36 2975 114 3048 jurare
131 2983 201 3043 adeo
225 3003 277 3063 per
298 2983 364 3042 illos
385 2981 515 3042 solebant
535 2994 562 3040 et
583 2978 761 3060 principium
781 2976 851 3035 inde
872 2978 947 3037 vitae
969 2979 1089 3040 ducere:

167 3080 237 3143 Nat
257 3069 302 3159 μα
323 3075 379 3141 adv
399 3074 529 3164 ἁμετέρᾳ
549 3077 639 3162 ψυχᾷ
659 3068 832 3158 παραδόντα
852 3072 1023 3156 τετρακτύν,

169 3169 272 3264 παγάν
293 3177 400 3244 ἀενάου
422 3176 547 3264 φύσεως.
570 3183 602 3265 2)

41 3279 64 3339 ln
80 3284 202 3347 Platonis
225 3308 294 3346 vero
311 3286 495 3368 philosophia
515 3285 628 3344 numeri
649 3298 681 3343 ut
699 3274 846 3362 πάρεργον
865 3298 1036 3343 occurrunt:
1058 3301 1136 3366 certe!
1154 3291 1251 3369 perci·

43 3399 89 3456 pere
113 3384 188 3444 hanc
208 3387 297 3460 licet,
329 3385 465 3465 neglectis
494 3384 579 3442 etiam
608 3383 679 3442 illis.
721 3385 813 3465 Caput
833 3383 920 3460 hujus
939 3382 1140 3465 philosophiae
1160 3402 1248 3448 estet

44 3471 106 3560 ἔργον
133 3484 211 3563 quod
240 3497 360 3558 tractat,
390 3485 519 3542 bominis
538 3483 578 3538 od
595 3490 755 3541 ceritatem
773 3493 802 3541 et
821 3490 966 3539 uirtutem
986 3489 1161 3543 institutio:
1188 3487 1247 3546 huc

42 3579 103 3641 illam
120 3585 236 3644 confert
255 3603 439 3642 numerorum
459 3581 636 3654 doctrinam,
658 3602 718 3640 non
738 3581 776 3640 ad
796 3582 873 3640 vitae
891 3581 1037 3661 principia
1055 3585 1248 3661 assequenda,

41 3683 171 3760 nequead
200 3682 335 3741 divinam
355 3693 486 3748 naturam
505 3680 566 3739 sive
587 3681 682 3738 animo
701 3679 971 3760 repraesentandam
992 3679 1052 3739 sive
1072 3701 1249 3761 cognoscen-

42 3776 100 3840 dam.
139 3781 304 3842 Socraticus
317 3759 381 3838 'fuit
399 3778 500 3853 Plato,
521 3780 688 3859 priusquam
708 3779 949 3860 Pythagoreorum
969 3794 1180 3840 consectaretur
1199 3783 1249 3842 do·

41 3881 146 3940 ctrinas:
179 3879 261 3939 unde
285 3878 339 3937 hoc
366 3879 487 3938 retinuit
504 3899 557 3960 per
573 3894 661 3939 totam
682 3878 820 3958 deinceps
838 3879 948 3952 vitam,
980 3890 1010 3934 ut
1030 3877 1068 3937 ad
1086 3878 1248 3958 hominem,

42 3977 71 4035 ad
83 3979 224 4039 humanae
242 3992 362 4037 naturae
381 3979 587 4058 perfectionem
607 3978 726 4036 referret
746 3977 851 4035 omnia.
893 3975 1046 4035 Probabile
1065 3992 1124 4052 est,
1146 3981 1250 4060 Pytha·

41 4095 121 4151 goreos
139 4080 172 4138 in
193 4097 377 4138 numerorum
397 4077 585 4158 explorandis
603 4075 857 4157 proportionibus,
878 4075 910 4134 in
930 4075 1064 4136 universa
1075 4076 1146 4137 adeo
1162 4080 1250 4138 arith·

69 4345 91 4410 1)
107 4347 215 4400 Aristot.
232 4349 340 4420 Metuph
359 4349 378 4400 l.
397 4349 422 4398 5.
497 4351 502 4364 “

71 4437 92 4502 ²)
109 4443 217 4516 Pythag.
238 4436 340 4517 χρυσᾶ
360 4429 417 4514 ἔπη
438 4460 478 4496 vs.
496 4443 537 4494 al.
