2832 5120
756 283 812 342 180

166 448 322 510 Socraticos
341 466 502 518 sermones,
525 458 574 518 ut,
593 464 677 522 quam
699 445 730 502 in
750 441 879 502 Phaedro
900 441 1111 502 commendauit
1138 443 1281 503 scribendi
1296 448 1357 506 ratio·

168 571 249 624 nem,
268 568 332 606 cum
347 544 409 624 ipso
426 542 579 604 scribendo
596 540 739 616 Phaedro,
760 557 822 601 tum
837 541 955 600 caeteris
965 540 1078 622 scriptis
1098 542 1277 621 expresserit:
1294 545 1357 624 quod·

164 668 219 725 que
238 643 312 704 effici
331 643 408 702 dixit
437 641 573 701 familiari
602 642 678 701 vitae
703 637 913 700 consuetudine
939 639 1101 717 mutuisque
1130 642 1314 716 sermonibus,
1337 643 1357 701 id

164 743 323 802 scribendis
343 743 379 800 iis
400 742 432 802 in
450 741 589 800 lectorum
608 739 711 798 animis
729 739 861 800 effecerit.
904 739 967 812 Quo
988 738 1113 812 factum,
1133 751 1164 798 ut
1184 740 1281 800 nullus
1295 743 1359 800 fuerit

163 844 195 900 in
223 841 393 920 antiquitate
420 836 627 919 philosophus,
659 837 740 912 cuius
770 837 876 916 scripta
904 836 941 896 ad
970 835 1093 916 quodvis
1121 857 1211 916 genus
1239 840 1358 900 hominum

164 940 292 1000 veritatis
312 938 484 1017 virtutisque
501 957 594 995 amore
613 933 853 1006 inflammandum
871 917 1018 994 valuerint
1036 935 1142 1014 magis,
1163 935 1196 994 in
1219 937 1360 998 clarissimos

163 1052 256 1097 autem
276 1037 426 1117 scriptores
444 1048 635 1112 oratoresque,
657 1033 688 1091 in
710 1031 929 1092 Demosthenem
954 1031 1024 1092 adeo
1054 1047 1082 1091 et
1105 1033 1286 1108 Ciceronem,
1310 1051 1359 1095 tau-

163 1151 238 1211 tam,
259 1147 395 1214 quantam
414 1121 558 1205 diximus,
579 1131 639 1191 vim
658 1129 823 1191 habuerint.
846 1129 932 1189 Unde
951 1131 1144 1210 intelligitur,
1165 1130 1287 1210 quidde
1305 1155 1360 1192 noro

141 1224 145 1240 ⁸
164 1232 309 1296 scribendi
330 1251 431 1312 genere
441 1277 450 1305 ,
471 1229 550 1310 quod
568 1243 596 1288 et
615 1229 730 1290 invenit
749 1243 776 1288 et
796 1229 1005 1308 frequentavit,
1021 1228 1220 1310 augurandum
1240 1231 1283 1290 sit.
1321 1230 1361 1289 Sed

163 1333 216 1392 hoc
235 1329 442 1391 declarandum
470 1326 604 1409 pluribus
632 1326 764 1386 videtur:
794 1340 881 1406 utque
908 1348 993 1408 supra
1020 1326 1057 1388 dc
1075 1336 1198 1387 areticio
1218 1327 1360 1410 philosophi

162 1428 340 1490 sermonibus
360 1427 486 1507 egimus,
507 1427 584 1484 infra
608 1438 703 1484 autem
722 1423 759 1483 de
780 1426 952 1484 dialecticis
971 1424 1036 1485 dart
1056 1426 1141 1506 operi
1160 1448 1256 1486 sumus
1273 1425 1363 1496 acturi,

162 1531 201 1586 ita
221 1527 274 1587 hoc
295 1525 358 1584 loco
377 1525 525 1586 universos
541 1525 626 1602 ,juvat
644 1521 834 1602 disceptando
852 1523 1022 1604 complecti,
1051 1537 1102 1598 ut,
1122 1522 1194 1603 quid
1213 1524 1290 1584 Plato
1308 1523 1363 1583 scri·

161 1625 258 1689 hendo
278 1623 450 1706 spectaverit
468 1611 661 1718 dffeceritque,
683 1620 898 1702 perspiciamus.
978 1696 981 1704 Ι
1068 1701 1071 1711 .

240 1817 334 1898 Quid
355 1818 545 1878 scribendo
565 1823 762 1893 spectavit
773 1816 908 1875 Plato?
929 1826 1023 1893 sivo,
1045 1821 1084 1878 da
1107 1817 1301 1876 Platonici

612 1915 755 1996 dialogi
776 1925 924 1974 notura.

190 2112 367 2172 'Scribendis
384 2111 506 2191 dialogis
527 2111 674 2172 Platonem
701 2132 807 2171 novam
832 2109 968 2170 inducere
991 2112 1091 2192 poisin
1119 2110 1279 2184 studuisse,
1311 2128 1367 2189 quae

161 2209 273 2267 Musam
297 2209 443 2291 {ironiam
465 2209 603 2289 spiraret,
631 2222 691 2266 tum
719 2209 865 2284 diximus,
886 2231 974 2288 quum
1000 2210 1052 2269 toti
1072 2211 1105 2269 in
1134 2209 1228 2290 pulcri
1245 2209 1364 2290 ,philoso

160 2305 229 2387 phia
249 2307 441 2368 versabamur.
476 2305 504 2386 l)
535 2298 621 2366 Unde
648 2307 742 2386 patuit
762 2307 853 2366 ¹nobis
882 2308 1038 2383 continuo,
1067 2307 1147 2368 haud
1175 2328 1240 2366 eum
1266 2303 1365 2385 vulgari

160 2403 349 2486 sophistisque
368 2416 503 2485 usurpato
522 2405 686 2485 scriptionis
703 2425 805 2484 genere
824 2417 990 2478 contentum
1010 2406 1115 2482 fuisse,
1135 2404 1185 2466 sed
1200 2388 1306 2489 majora
1318 2423 1368 2462 ou-

160 2504 207 2562 nia
227 2518 254 2563 et
272 2502 463 2585 praeclariora
481 2517 628 2584 spectasse.
671 2503 818 2578 Utpero,
839 2503 946 2582 quaid
969 2495 1078 2564 ratione
1107 2505 1277 2586 perfecerit,
1305 2521 1370 2562 asse-

159 2623 297 2680 quamur,
319 2598 473 2683 spectanda
494 2601 577 2658 nobis
595 2601 716 2660 interius
736 2601 877 2659 Platonici
898 2599 1004 2682 dialogi
1022 2615 1124 2661 natura
1144 2601 1270 2662 ridetur.

199 2697 249 2757 Est
267 2699 398 2780 dialogus
407 2701 588 2774 scartiliorie
605 2706 751 2758 semonia
772 2706 925 2772 imitatio,
947 2712 979 2757 ut
998 2699 1084 2782 vulgo
1103 2713 1241 2775 vocatur,
1262 2698 1326 2772 vel,
1346 2707 1370 2752 ut

159 2795 242 2855 modo
266 2796 408 2856 dicentem
434 2794 594 2855 Phaedrum
622 2796 803 2870 audivimus,
836 2804 897 2854 oiri
915 2805 1102 2876 aninrotiquo
1121 2806 1266 2858 sermonis
1283 2804 1370 2856 mmu-

159 2897 276 2951 loorum
301 2893 454 2972 quoddam.
496 2892 605 2970 Quodsi
625 2893 690 2952 talis
709 2892 796 2970 hujus
815 2894 962 2953 scribendi
982 2897 1093 2974 generis
1113 2897 1185 2956 ratio
1206 2911 1265 2972 est,
1289 2891 1370 2953 intel·

158 2992 272 3072 ligimus
293 3005 413 3072 sponte,
430 2991 550 3055 ¹nullum
579 3011 611 3050 eo
639 2992 726 3072 magis
741 2992 882 3051 ‘Platonis
903 2992 1032 3052 consiliis
1056 3009 1155 3076 aptum
1183 2990 1371 3058 accommoda-

158 3104 274 3169 tumque
293 3091 403 3148 fuisse.·
432 3090 503 3147 Nam
532 3088 707 3148 destinatum
734 3091 774 3149 ita
803 3090 905 3150 natura
933 3104 992 3165 est,
1013 3104 1063 3165 ut,
1089 3113 1159 3170 quos
1187 3085 1371 3173 colloquendo

157 3209 221 3247 cum
240 3187 304 3245 aliis
323 3187 510 3267 exprimimus
527 3185 753 3268 effundimusque
773 3207 872 3246 sensus
882 3233 890 3262 ,
910 3187 962 3246 hos
988 3189 1222 3250 scribendorum
1251 3185 1372 3252 absenti-

158 3286 230 3358 bus,
247 3305 312 3342 oum
336 3285 456 3365 posteris
480 3285 551 3344 adeo
579 3283 829 3376 communicemus.
871 3285 980 3345 Verum
1010 3287 1086 3346 idem
1115 3303 1254 3368 spectasse
1280 3309 1373 3350 omncs

157 3383 215 3442 dici
235 3394 371 3463 possunt,
397 3383 446 3462 qui
475 3367 603 3462 dialogos
632 3367 825 3463 scripsciffunt
857 3383 1038 3464 Xenophon,
1069 3385 1242 3462 Aeschines,
1271 3388 1372 3466 aliique

157 3480 307 3552 Socratici,
328 3493 389 3537 tum
405 3481 583 3556 Aristoteles,
605 3481 710 3560 quique
726 3493 821 3560 postea
837 3481 996 3540 floruerunt
1015 3482 1172 3557 Lucienus,
1191 3485 1372 3557 Plutarchus,

156 3580 335 3651 Athenaeus,
361 3591 422 3638 tum
451 3600 519 3639 vero
547 3577 750 3637 celeberrimus
777 3579 855 3659 apud
883 3579 999 3651 Latinos
1027 3578 1206 3660 dialogorum
1236 3583 1371 3662 scriptor,

156 3680 264 3737 Cicero.
297 3677 498 3749 ¹Quamobrem
518 3675 740 3757 distinguendus
760 3675 796 3734 ab
814 3677 860 3736 his
879 3677 1013 3746 omnibus
1038 3678 1119 3737 Plato
1147 3693 1206 3754 est,
1236 3677 1373 3758 siquidem

154 3775 297 3856 propriam
316 3776 485 3855 privamque
509 3773 687 3854 dialogorum
706 3774 919 3836 Platonicorum
949 3777 1083 3835 virtutem
1109 3778 1220 3858 assequi
1244 3776 1372 3838 velimus.
1401 3845 1402 3858 χ

154 3874 190 3934 Et
211 3894 277 3932 vero
296 3873 335 3930 sic
354 3873 549 3953 intelligemus
564 3874 725 3932 accuratius
744 3874 829 3933 etiam
839 3919 847 3948 ,
863 3875 934 3952 quid
955 3875 991 3934 de
1010 3895 1087 3934 novo
1105 3875 1166 3935 sive
1181 3881 1293 3958 poiseos
1313 3874 1373 3934 sive

154 3970 334 4053 scriptionis,
357 3971 417 4031 sive
438 3971 618 4050 eloquentiae
638 3990 758 4048 genere,
780 3970 858 4051 quod
877 3973 991 4033 invenit
1010 3992 1042 4031 ac
1060 3972 1256 4052 frequentavit
1275 3970 1372 4042 Plato,

152 4067 376 4130 existimandum
397 4071 442 4130 sit.
486 4071 510 4129 A
530 4067 680 4128 Socraticis
698 4083 791 4128 autem
812 4071 966 4130 ordiamur.

192 4170 263 4229 Cum
283 4186 349 4232 ante
369 4168 517 4228 Platonem
546 4168 684 4242 fuerunt,
707 4181 767 4226 tum
796 4169 957 4244 exstitisse,
983 4169 1058 4229 ¹dum
1086 4171 1215 4246 vireret,
1236 4165 1371 4251 permulti

150 4267 308 4344 videntur,
330 4269 380 4347 qui
400 4269 468 4327 item
489 4265 616 4346 dialogos
635 4265 802 4327 scriberent.
844 4267 972 4342 Quorum
998 4269 1021 4327 si
1046 4283 1224 4350 superessent
1250 4265 1373 4345 scripta,

149 4407 403 4418 --—.——-

183 4477 209 4544 1)
229 4481 305 4531 rausa
322 4497 347 4548 p.
366 4477 418 4540 ss,
437 4475 480 4528 ar.
506 4513 517 4532 .
