2838 5120
763 269 823 328 tta

179 435 309 508 talibus,
330 434 362 492 in
391 432 498 492 caussis
524 431 676 511 religionis
701 431 878 512 gramsmmis
902 434 944 493 sie
964 434 1050 496 nobis
1066 440 1268 519 persuademus
1285 445 1371 520 onnia,

178 550 211 595 ut
240 533 373 593 dubitare
401 529 438 589 de
457 530 493 589 iis
512 529 592 589 hand
609 530 698 590 licere
714 529 849 590 videatur
865 530 988 596 homini.
1029 536 1228 600 Veruntamen
1246 545 1370 622 sunt,qni

177 634 334 705 dubitent,
365 642 433 688 sunt
458 629 509 707 qni
533 630 677 706 justitiam
706 650 767 687 rem
794 649 854 688 esse
881 631 999 691 inanem
1023 636 1221 713 contendant,
1240 642 1288 719 qni
1305 642 1372 700 Deru

176 754 236 793 esse
263 743 292 790 et
317 726 530 810 providentiam
561 727 695 788 divinam
724 740 850 807 negent,
870 741 939 788 sunt
968 732 1019 809 qni
1038 731 1109 792 haec
1128 735 1214 796 nobis
1232 739 1372 818 persuadere
1410 775 1411 780 κ

175 829 288 890 idoneis
315 825 477 886 rationibus
505 826 646 885 nitantur.
688 826 724 884 ln
753 825 839 885 rebus
868 847 939 887 vero
964 829 1172 892 mathematicis
1202 855 1262 896 non
1287 849 1372 896 tantm

174 951 243 990 vera
273 940 341 986 snnt
367 925 483 997 omnia,
504 922 572 997 sed,
592 925 665 1002 quin
693 925 753 983 sint
771 944 859 998 vera,
880 945 964 986 nemo
982 941 1025 986 est
1044 930 1095 1007 qui
1116 929 1250 991 dubitet:
1271 955 1320 1014 qno
1336 933 1371 1008 fit,

174 1044 224 1102 nt,
245 1048 311 1085 cnm
330 1024 433 1105 plenae
452 1023 512 1081 sint
532 1023 791 1082 controversiarum
809 1037 936 1084 caeterae
955 1024 1104 1087 doctrinae
1123 1049 1236 1105 omnes,
1256 1031 1306 1090 hae
1318 1032 1372 1091 solae

173 1127 344 1188 omni'aero
363 1141 461 1181 earum
481 1121 593 1179 fuerint
609 1121 760 1180 immunes.
801 1120 919 1183 Scilicet
935 1136 1039 1182 natura
1058 1123 1128 1184 haec
1148 1142 1190 1187 est
1207 1129 1372 1188 arithmeticae

173 1240 201 1284 et
230 1222 405 1293 matheseos,
435 1232 468 1277 nt
498 1219 589 1276 menti
613 1219 672 1277 sint
690 1218 833 1278 humanae
850 1223 984 1302 propriae
1002 1236 1031 1282 et
1050 1226 1165 1284 veritati
1184 1243 1328 1307 cognatae:
1344 1230 1370 1286 sic

172 1337 267 1384 autem
296 1319 365 1379 illae
395 1330 463 1376 sunt
491 1316 604 1377 homini
632 1317 784 1397 propriae,
806 1331 839 1376 nt
866 1321 917 1397 qui
936 1341 983 1380 eas
1001 1341 1061 1380 non
1081 1335 1197 1400 teneat,
1217 1326 1296 1404 qnod
1311 1323 1369 1385 modo

171 1422 283 1482 Glauco
301 1417 394 1490 dixit,
414 1417 524 1472 homo
544 1437 602 1472 non
620 1423 664 1473 ait
674 1417 843 1492 putandus.
868 1419 1059 1492 Quamobrem
1078 1442 1136 1499 quo
1154 1424 1220 1502 quis
1238 1439 1282 1484 est
1298 1423 1369 1483 indole

170 1519 302 1583 veritatis
328 1516 491 1588 amantior,
522 1534 555 1572 eo
572 1528 600 1572 et
619 1513 719 1593 diligit
737 1515 789 1574 has
806 1517 912 1596 magis,
934 1531 962 1575 et
978 1519 1068 1598 magis
1085 1540 1254 1600 percarum
1270 1522 1371 1582 studim

171 1620 209 1680 ad
227 1617 378 1680 veritatem
397 1613 528 1671 enititur.
570 1611 606 1671 ld
626 1611 707 1672 Plato
725 1614 883 1693 spectavit,
903 1636 993 1694 quum
1012 1619 1136 1676 trahere
1154 1619 1225 1678 haec
1245 1618 1371 1680 studiaad

171 1720 339 1790 veritatem,
362 1703 475 1771 thane
500 1731 559 1770 esse
583 1705 658 1791 πρὸς
679 1705 780 1770 οὐσίαν
801 1713 919 1773 diceret.
969 1714 1027 1775 Sed
1056 1715 1115 1774 alia
1141 1721 1283 1798 spectarit
1300 1720 1371 1790 iden,
1406 1777 1407 1788 ¹

117 1801 122 1812 ι
169 1816 247 1877 illud
274 1815 460 1897 praesertim,
490 1811 529 1871 ad
559 1811 783 1872 discernendum
801 1814 845 1874 ,in
872 1813 974 1893 primis
1000 1826 1029 1872 et
1050 1813 1247 1890 judicandum
1272 1829 1371 1876 merten
1406 1825 1407 1831 ’

167 1917 233 1976 acui
262 1911 450 1974 arithmetica.
491 1912 527 1970 ln
554 1911 660 1990 quibus
685 1911 819 1971 omnibus
844 1933 861 1970 a
889 1910 1073 1991 Pythagoreis
1099 1914 1255 1993 profecisse
1272 1915 1370 1974 multon

168 2014 305 2088 videtur,
328 2011 386 2096 'sed
414 2032 497 2070 snum
524 2023 621 2069 tamen
647 2011 703 2070 iter
721 2024 834 2069 scennis
854 2024 912 2068 est:
934 2009 1013 2089 qnod
1029 2013 1242 2091 comparatione
1261 2011 1369 2072 instituti

165 2113 252 2173 facile
269 2111 490 2172 demonstratur.

205 2214 247 2271 De
267 2210 395 2269 numeris
411 2208 652 2288 Pythagoreorum
671 2208 750 2266 omni
770 2228 841 2268 aero
860 2207 1043 2287 gravissimae
1062 2207 1182 2265 fuerunt
1200 2207 1368 2289 interpretum

165 2308 388 2382 dissensiones„
403 2327 526 2384 qnorum
544 2305 596 2364 alii
614 2305 685 2364 haee
701 2305 829 2385 placita,
851 2318 883 2363 ut
898 2305 974 2384 aegri
993 2305 1096 2384 capitis
1116 2306 1245 2380 somnia,
1266 2321 1368 2366 conten·

163 2420 281 2480 serunt,
309 2405 361 2464 alii
379 2418 406 2462 et
425 2406 514 2480 major
531 2403 648 2482 quidem
666 2425 733 2484 pars
749 2404 859 2462 fontem
876 2403 1042 2461 hahuerunt
1060 2401 1225 2462 reconditae
1242 2405 1368 2483 cujusdam

163 2520 192 2564 et
219 2503 352 2588 quamvis
380 2503 431 2562 vix
461 2502 598 2582 perviae,
629 2521 752 2559 summae
781 2513 878 2558 menen
907 2501 1074 2580 sapientiae.
1117 2501 1171 2559 His
1197 2501 1369 2582 relinquimus

162 2624 214 2662 nos
233 2601 378 2674 libenter,
400 2612 432 2657 nt
453 2600 484 2658 in
505 2598 575 2656 haec
595 2599 754 2678 sapientiae
773 2598 934 2679 penetralia
952 2598 1075 2657 interius
1094 2613 1266 2679 penetrent,
1285 2615 1312 2658 et
1328 2621 1369 2658 no-
1407 2617 1408 2658 ;

160 2699 291 2772 hiscum,
319 2700 344 2757 si
365 2719 421 2776 qna
440 2696 618 2778 repererint,
648 2697 878 2770 communicent;
910 2693 961 2754 sed
979 2710 1167 2774 quaerentes,
1186 2717 1244 2775 quo
1263 2699 1368 2755 maxime

158 2799 282 2859 consilio
299 2811 357 2856 tam
377 2796 534 2876 diligenter
553 2794 600 2853 illi
620 2815 754 2854 numeros
774 2814 928 2872 eorumque
948 2795 1073 2852 rationes
1090 2793 1285 2869 attenderint,
1305 2793 1367 2852 hand
1407 2830 1408 2841 ι

158 2919 226 2957 sane
253 2897 314 2955 illis
341 2895 475 2954 assentiri
502 2914 670 2974 possumus,
699 2894 750 2970 qni
780 2912 827 2950 eos
854 2913 928 2950 vana
947 2892 1043 2950 omnia
1064 2906 1092 2951 et
1111 2893 1212 2951 inania
1232 2895 1366 2954 somniasse

157 2995 312 3055 affirmant.
354 2992 436 3052 Idem
463 2992 603 3052 uidentur
629 2993 661 3050 in
687 2990 734 3048 his
757 2990 892 3050 omnibns
917 2990 1108 3071 spectavisse,
1138 2989 1216 3070 quod
1245 2992 1366 3073 spectarit

156 3093 264 3155 deinde
285 3093 385 3166 Plato,
417 3106 449 3150 nt
469 3089 628 3163 haberent,
659 3089 797 3168 quereri
818 3087 996 3148 desiderium
1016 3089 1170 3169 explerent
1188 3110 1272 3148 suum
1291 3105 1317 3149 et
1333 3110 1364 3148 re·

155 3209 219 3251 rum
238 3192 388 3250 scientiam
403 3181 641 3266 assequerentur:
661 3209 833 3266 quamquam
848 3186 895 3245 his
912 3185 1021 3246 linibus
1040 3207 1069 3246 se
1088 3207 1148 3246 non
1165 3189 1364 3246 continuerunt.

154 3292 292 3349 Numeros
312 3311 372 3348 nou
392 3287 590 3346 adhibuerunt
608 3286 737 3345 veritatis
759 3285 814 3344 sibi
832 3283 1089 3365 repraesentandae
1118 3285 1233 3358 caussa,
1264 3285 1311 3344 sed
1326 3306 1364 3365 po

153 3390 226 3447 tiore
245 3409 291 3446 eos
310 3386 393 3460 loco,
411 3406 496 3465 qnam
514 3386 590 3465 ipsas
609 3405 671 3458 res,
690 3383 830 3443 ridentur
848 3382 1000 3457 habuisse,
1023 3398 1055 3442 ut
1074 3405 1136 3458 res,
1156 3377 1194 3443 roi
1215 3376 1299 3456 ὄντα,
1318 3404 1363 3442 nn-

153 3507 295 3546 merornm
324 3506 384 3544 esse
413 3485 573 3564 imagines,
604 3503 738 3542 numeros
768 3503 866 3542 earnm
895 3474 1006 3553 τύπους
1036 3485 1243 3546 existimarent.
1293 3478 1361 3558 Quod

151 3585 344 3666 probabiliter
363 3583 571 3643 demonstravit
591 3583 652 3641 sive
670 3581 837 3642 Aristoteles
847 3629 856 3657 ,
883 3585 945 3643 sive
966 3584 1008 3660 is,
1028 3585 1080 3662 qui
1099 3605 1114 3642 e
1135 3584 1250 3665 seriptis
1267 3585 1361 3644 Aristo-

150 3684 216 3743 telis
241 3685 367 3765 primum
395 3683 520 3742 confecit
540 3680 806 3762 Metaphysicorum
827 3681 953 3757 librum,
983 3683 1033 3761 qni
1054 3684 1116 3761 ejus
1135 3683 1252 3742 nomine
1271 3677 1360 3741 inscri-

150 3781 239 3842 bitur.
281 3783 353 3840 Nam
381 3795 530 3862 postquam
559 3780 726 3838 lonicorum
744 3765 876 3840 laudarit
896 3783 929 3841 in
947 3780 1136 3860 exquirendis
1154 3801 1250 3840 rernm
1269 3776 1360 3840 caussis

148 3892 269 3938 conatus
300 3879 519 3960 «Pythagorei,
538 3879 598 3954 ait,
626 3878 687 3938 τῶν
715 3872 912 3959 μαθημάτων
942 3872 1092 3959 ἁψάμενοι
1122 3881 1252 3962 πρῶτον,
1281 3876 1358 3938 τοῦτο
1406 3857 1407 3900 l

147 3977 293 4058 προῆγον,
321 3977 371 4037 καὶ
392 3971 584 4059 ἐντραφέντες
605 3977 637 4040 ἕν
658 3974 771 4055 αὐτοῖς,
797 3976 852 4054 τοὶς
871 3975 986 4042 τούτων
1006 3976 1105 4063 οἷρχοὶς
1125 3983 1186 4043 τῶν
1206 3976 1297 4044 ὄντων
1313 3973 1356 4055 α’ρ-

146 4074 207 4160 χοὶς
231 4073 381 4164 ᾠήθησαν
405 4075 476 4141 εἶναι
503 4075 635 4142 πάντων·
664 4081 728 4144 ἐπεὶ
749 4080 785 4145 δὲ
805 4077 919 4145 τούτων
940 4081 968 4145 oi
989 4079 1119 4166 ἀριθμοὶ
1139 4077 1227 4164 φύσει
1247 4083 1353 4164 πρῶτον
1405 4109 1406 4172 ρ

146 4180 179 4243 ἕν
209 4180 245 4244 δὲ
269 4186 332 4258 τοῖς
356 4178 500 4262 ἀριθμοῖς
527 4179 649 4246 ἐδόκουν
674 4189 802 4270 θεωρεῖν
827 4180 1004 4265 ὁμοιώματα
1028 4182 1122 4246 πολλὰ
1147 4189 1210 4260 τοῖς
1235 4179 1296 4247 οὖσι
1317 4177 1353 4242 tri

143 4280 322 4367 γιγνομένοις
352 4287 464 4364 μᾶλλον
495 4282 515 4368 ἢ
543 4287 575 4348 ἓν
600 4287 672 4369 πυρὶ
697 4287 747 4349 καὶ
772 4288 814 4374 γῇ
837 4289 887 4350 καὶ
911 4283 1012 4362 ὕδατι,
1044 4323 1077 4333 -
1108 4283 1150 4350 ἔτι
1177 4286 1214 4350 δὲ
1238 4281 1352 4350 καὶτῶν

143 4382 312 4469 ἁρμονικῶν
338 4387 370 4450 ἒν
391 4385 536 4470 ἀριθμοῖς
558 4385 698 4471 ὁρῶντες,
723 4390 773 4452 καὶ
793 4386 832 4453 τοὶ
853 4385 940 4473 πάθη
962 4391 1011 4452 καὶ
1032 4387 1102 4465 τούς
1122 4385 1240 4474 λόγους,
1267 4375 1351 4450 ἔπιθ’

142 4488 179 4552 ια’
200 4489 258 4571 μὲν
283 4485 357 4552 ἄλλα
378 4497 439 4567 τοῖς
461 4490 604 4576 α’ριθμοῖς
625 4492 761 4577 ἐφαίνετο
782 4490 838 4578 τήν
859 4489 949 4576 φύσιν
969 4490 1194 4576 ἀφωμοιῶσθαι
1215 4495 1308 4564 πᾶσιν,
1330 4479 1351 4545 οἷ
