2838 5120
612 255 673 314 225

46 435 168 496 apparere
189 433 325 493 maguum
351 426 379 472 et
407 433 548 494 parvum,
580 415 687 476 durum
706 429 734 474 et
754 413 900 495 umllelul
937 373 1061 475 llliratur
1080 403 1190 478 Glauco
1209 417 1261 477 bas

46 515 120 572 miras
145 511 337 592 absurdasque
364 532 460 573 rerum
488 512 757 592 interpretationes,
778 533 848 589 quas
875 514 1006 574 sensibus
1032 514 1118 573 debet
1137 515 1257 574 animus.

45 614 113 670 Hinc
129 625 220 672 autem
238 609 365 670 Socrates
384 628 452 668 cum
470 609 558 674 initia
578 611 661 672 ducit
678 611 893 686 arithmeticae,
914 626 975 672 tum
996 613 1141 692 explicat,
1162 613 1260 691 qualia

44 711 94 768 siut
111 729 180 786 quae
203 707 241 768 ad
261 709 403 770 mundum
423 701 529 788 νοητόν
550 711 707 788 pertinent.
744 713 912 790 «Apparent
934 712 1005 785 ista,
1026 711 1141 789 inquit,
1163 713 1258 771 animo

44 808 169 881 confusa,
191 825 243 866 nec
266 806 391 887 intelligi
411 821 487 868 recte
497 853 508 883 ,
528 809 585 868 nisi
604 810 815 888 distinguendo
825 853 835 884 ,
854 823 983 888 possunt.
1008 809 1116 878 Iccirco
1134 811 1259 890 primum

43 920 151 965 conatur
172 905 305 978 animus,
325 905 465 969 advocata
494 907 604 974 ratione
634 905 822 986 adhibitaque
840 893 953 970 mentis*
963 899 1040 980 acie,
1061 907 1259 982 considerare,
1318 960 1322 972 ,

45 1017 128 1072 utrum
155 1025 245 1062 unum
271 1003 329 1062 sint
347 1025 385 1064 au
403 1005 460 1064 duo
480 1004 613 1083 singula,
635 1025 707 1082 quae
727 1005 905 1065 annunciata
926 1019 1002 1064 sunt.
1044 1005 1074 1064 Si
1093 1003 1150 1063 duo
1169 1027 1261 1086 appa-

44 1116 114 1176 rent,
142 1102 264 1160 alterum
291 1116 318 1160 et
347 1102 498 1182 utrumque
527 1123 617 1162 unum
638 1101 797 1182 apparebit.
840 1103 870 1160 Si
890 1123 957 1166 vero
977 1124 1067 1162 unum
1088 1117 1259 1182 utrumque,

40 1201 114 1284 ¹ambo
142 1214 237 1263 autem
268 1199 325 1260 duo
356 1213 512 1282 apparent,
534 1214 661 1282 separata
685 1199 743 1260 duo
761 1200 901 1280 intelligit
918 1203 1039 1262 animus.
1081 1201 1144 1262 Jam
1165 1203 1257 1262 visum

43 1298 156 1358 diximus
191 1319 324 1380 magnum
354 1313 381 1358 et
410 1321 531 1380 parvum
564 1299 692 1371 vidisse,
723 1298 774 1357 sed
803 1320 862 1357 non
889 1298 1076 1376 distinctum,
1107 1301 1257 1358 confusum

44 1419 112 1456 vero:
133 1399 187 1458 hac
205 1410 299 1454 autem
319 1396 516 1458 distinctionis
531 1395 681 1456 evidentid
699 1417 778 1454 mens
795 1397 902 1456 intueri
923 1399 1033 1476 cogitur
1047 1420 1106 1457 non
1122 1399 1257 1472 confusa,

43 1495 82 1552 scd
100 1495 238 1554 discreta:
259 1509 360 1557 contra
380 1479 468 1554 uisus.
479 1519 493 1550 »

73 1599 159 1674 Atque
187 1595 227 1652 ita
255 1593 372 1677 quidem
391 1591 570 1652 numerando
592 1606 619 1650 et
640 1591 845 1670 distinguimus
867 1613 928 1666 res,
962 1614 1013 1652 nec
1035 1595 1237 1664 committimus
1246 1641 1262 1683 ,Ι

44 1707 68 1752 ut
85 1693 183 1762 iisdem
206 1683 298 1750 vrebus
324 1692 468 1770 contraria
495 1691 665 1749 tribuamus.
708 1689 765 1746 Htc
785 1704 878 1748 autem
899 1713 950 1750 nos
969 1693 1093 1774 primum
1111 1679 1188 1751 subit
1207 1695 1257 1752 in-

43 1793 159 1870 quirere,
179 1790 252 1870 quid
271 1791 364 1874 ipsum
385 1791 422 1850 sit
440 1811 576 1870 magnum
594 1803 621 1847 et
641 1809 782 1870 parvum:
805 1809 879 1866 quo,
910 1789 1002 1849 missis
1022 1790 1107 1848 rebus
1127 1791 1257 1850 visibili-

43 1889 101 1966 bus,
120 1891 159 1950 ad
177 1911 209 1948 ea
226 1889 424 1974 escendimus,
445 1909 517 1968 quae
536 1885 711 1966 sola-mente
727 1887 930 1968 percipiuntur
951 1907 978 1950 et
997 1885 1087 1969 νοητά
1107 1893 1255 1950 dicuntur.

47 1991 133 2048 «Haec
153 2000 220 2048 sunt
229 2032 238 2060 ,
258 1987 354 2066 inquit
365 2032 373 2060 ,
394 2007 466 2066 quae
477 1983 560 2044 modo
571 1984 717 2043 declarare
737 2003 881 2064 aggressus
901 2010 963 2048 sum
974 2037 982 2066 ,
1003 2011 1092 2071 quum
1112 1991 1256 2065 dicerem,

45 2088 87 2146 alia
105 2088 218 2168 negotia
237 2079 437 2166 παρακλητικὰ
459 2104 517 2141 esse
539 2082 593 2162 τῆς
621 2079 766 2156 διανοίας,
794 2081 851 2144 alia
879 2107 938 2144 non
959 2109 1034 2148 esse:
1057 2081 1256 2168 παρακλητικα
1279 2103 1281 2108 ’

46 2185 189 2260 deliniens,
220 2208 291 2264 quae
319 2187 509 2247 contrarium.
526 2206 641 2244 sensum
671 2199 789 2244 movent
814 2183 919 2259 simul,
940 2208 1012 2266 quae
1033 2212 1102 2252 vero
1120 2212 1179 2250 non
1198 2212 1255 2249 mo·

49 2299 116 2360 rent,
149 2306 208 2344 non
229 2276 359 2366 ἕγερτικά
381 2283 435 2364 τῆς
455 2275 584 2364 νοήσεως
612 2281 746 2343 dicens.»
791 2283 904 2356 Quibus
933 2285 1098 2366 explicitis,
1129 2289 1256 2348 Socrates

49 2381 172 2444 Glaucoui
191 2387 400 2446 arithmeticam
418 2401 451 2444 ut
461 2383 647 2468 disciplinam
657 2382 812 2465 proponit,
825 2403 923 2463 quae,
943 2400 1060 2468 propter
1071 2408 1254 2446 numerorum

47 2497 178 2558 naturam,
208 2499 332 2546 mentem
357 2485 482 2542 maxime
512 2484 544 2542 in
574 2483 715 2542 muudum
744 2473 851 2561 νοητόν
882 2479 929 2541 ad'
940 2483 1085 2566 ipsamque
1106 2488 1255 2545 veritatem

45 2583 136 2642 evehit.
180 2579 282 2658 «Quid
310 2596 403 2642 autem
433 2599 569 2640 numerus
602 2595 629 2640 et
649 2603 758 2658 unum,
789 2583 921 2662 quaerit,
943 2596 1006 2642 utro
1025 2585 1057 2643 in
1072 2569 1177 2664 ¹genere
1196 2604 1253 2642 csse

47 2679 190 2741 ridentur?
221 2683 293 2740 Rem
321 2702 334 2738 e
364 2681 451 2740 dictis
471 2678 637 2740 efficiamus.
679 2679 738 2738 Si
730 2702 824 2762 ipsum
845 2700 935 2738 unum
955 2682 1022 2740 satis
1039 2683 1131 2740 oculis
1151 2681 1253 2741 aliisve

12 2829 16 2861 7
50 2778 158 2838 sensibus
176 2779 359 2860 percipitur,
390 2802 449 2839 non
469 2771 553 2838 όλκόν
575 2771 611 2838 ἂν
632 2765 676 2859 ti'q
700 2773 807 2838 ἐπὶ
769 2803 824 2860 την
845 2773 961 2852 οὐσίαν,
985 2797 1016 2842 ut
1036 2781 1072 2839 de
1093 2779 1184 2862 digito
1204 2779 1253 2838 di-

51 2873 136 2935 ximus.
173 2877 227 2938 Sin
257 2898 325 2937 veto
351 2877 437 2939 simul
457 2901 522 2940 cum
543 2903 575 2940 eo
594 2903 704 2963 semper
722 2883 851 2942 cernitur
869 2882 1062 2953 contrarium,
1084 2881 1123 2937 ita
1144 2893 1175 2937 ut
1194 2901 1253 2938 nou

48 2976 120 3052 magis
145 2997 257 3048 uuum,
286 2997 371 3054 quam
389 2980 565 3038 contrarium
584 2979 720 3046 videatui
729 2978 780 3061 ,l)
802 2979 999 3062 disceptatoris
1019 2999 1050 3035 ac
1065 2976 1203 3055 judicis
1192 2998 1252 3053 qam

48 3069 175 3151 indigeat,
204 3087 377 3154 cogaturque
398 3075 429 3132 in
449 3080 612 3138 counimus
633 3078 766 3138 dubitare
784 3092 867 3158 atque
888 3079 1057 3179 exquirere,
1089 3089 1116 3133 et
1135 3096 1253 3134 movens

12 3239 13 3242 Ἰ
48 3167 72 3226 iu
88 3186 166 3230 semet
185 3173 247 3252 ipso
267 3171 448 3231 intellectum
469 3176 627 3252 sciscitari,
648 3153 720 3256 quid
740 3176 882 3235 tandem
875 3175 980 3292 ipsum
983 3175 1019 3233 sit
1036 3195 1141 3231 unum:
1164 3186 1191 3230 et
1212 3171 1252 3230 sic

47 3263 184 3342 rudem
163 3295 181 3352 η
211 3268 279 3349 περὶ
305 3263 342 3330 td
369 3269 400 3333 ἓν
425 3265 562 3354 μάθησις
583 3275 643 3334 τῶν
664 3269 789 3355 ιῖγωγιῦν
809 3269 845 3334 dv
866 3269 927 3355 εἴη
933 3272 981 3334 καὶ
1002 3250 1254 3352 μεταστρεκτικῶν

49 3361 84 3424 ἐπὶ
102 3365 153 3450 τήν
173 3374 228 3434 τοῦ
250 3365 334 3448 ὄντος
356 3367 441 3434 θέαν.
486 3376 634 3436 Caeterum
654 3377 678 3436 si
699 3398 789 3436 unum
809 3377 849 3436 sic
870 3398 898 3436 se
918 3375 1005 3452 habet
1014 3422 1024 3452 ,
1044 3376 1151 3456 pariter
1165 3395 1193 3432 se
1203 3372 1255 3430 ba·

50 3464 111 3530 labit
137 3476 229 3534 omnis
256 3491 410 3551 numerus,
433 3496 553 3556 cumque
572 3477 664 3534 omnis
683 3474 860 3555 supputandi
880 3474 1109 3552 numerandique
1129 3491 1173 3528 ars
1194 3491 1253 3527 nu-

12 3619 13 3622 ,
49 3583 137 3628 merum
156 3585 281 3652 spectet,
303 3573 477 3632 concludere
497 3573 566 3631 hinc
587 3573 655 3632 licet
665 3617 675 3648 ,
696 3574 800 3631 artium
820 3572 926 3632 harum.
940 3571 1035 3632 studia
1045 3589 1181 3651 perquam
1192 3588 1250 3625 esse

48 3657 104 3742 πρὸς
124 3663 267 3752 ἀλήθειαν
288 3663 424 3750 α’γαγὰ.»
450 3669 481 3752 2)

78 3771 271 3832 arithmeticae
293 3788 438 3852 quantum
464 3773 501 3832 ad
523 3773 717 3834 excolendum
736 3772 886 3852 ingenium
904 3771 1038 3848 tribuerit
1058 3769 1157 3842 Plato,
1179 3767 1249 3826 binc

49 3868 100 3924 satis
118 3869 248 3930 efficitur.
290 3871 468 3931 Sententiam
485 3886 578 3931 autem
597 3872 674 3930 hanc*
688 3873 722 3930 in
741 3870 913 3950 Epinomide
934 3869 994 3928 sive
1015 3869 1075 3949 ipse
1085 3914 1094 3943 ,
1116 3867 1176 3926 sive
1187 3867 1249 3943 ejus

49 3967 144 4026 nomine
164 3969 350 4050 exemploque
367 3969 442 4030 alius
459 3971 552 4029 fusius
572 3969 748 4030 declaravit:
772 3969 821 4028 ubi
832 3967 1013 4049 ,praeclarum
1032 3966 1084 4025 hoc
1101 3977 1193 4024 exstat
1210 3963 1248 4020 ef·

49 4120 279 4144 Ἢ*

76 4195 96 4261 1)
112 4201 243 4256 Audiendo
270 4222 294 4255 v.
320 4221 342 4254 c.
366 4223 441 4256 uuam
458 4223 549 4258 vocem
569 4206 703 4271 audimus,
723 4206 769 4257 sed
788 4173 1018 4256 simulinnumeroa
1036 4217 1125 4254 sonos.
1162 4199 1250 4265 ltaque

53 4293 113 4336 unum
139 4285 221 4340 sousu'
242 4293 396 4358 percipimus
423 4292 548 4359 simulque
574 4292 651 4344 multa
677 4301 705 4344 et
720 4293 871 4352 innumera,
890 4305 956 4356 quae
976 4291 1016 4340 uni
1037 4296 1096 4338 sunt
1113 4286 1249 4336 contraria.

53 4363 180 4438 Exemplum
198 4377 247 4428 hoc
266 4393 298 4428 ax
315 4379 376 4444 ipso.
393 4377 501 4430 Platone
519 4377 646 4431 duximus.
674 4378 765 4430 Putet.
784 4374 826 4426 17.
838 4375 876 4442 lt.

16 4441 24 4462 ⁸
79 4452 99 4514 1t
116 4459 148 4508 ue
164 4463 221 4530 up.
241 4463 293 4514 vu.
313 4463 370 4514 523.
390 4463 421 4514 a.
439 4491 473 4500 -
491 4463 548 4513 525.
569 4463 599 4512 κ.
