<?xml version="1.0" encoding="UTF-8"?>
<!DOCTYPE html PUBLIC "-//W3C//DTD XHTML 1.0 Transitional//EN"
    "http://www.w3.org/TR/xhtml1/DTD/xhtml1-transitional.dtd">
<html xmlns="http://www.w3.org/1999/xhtml" xml:lang="en" lang="en">
 <head>
  <title>
</title>
<meta http-equiv="Content-Type" content="text/html;charset=utf-8" />
  <meta name='ocr-system' content='tesseract 3.04.00' />
  <meta name='ocr-capabilities' content='ocr_page ocr_carea ocr_par ocr_line ocrx_word'/>
</head>
<body>
  <div class='ocr_page' id='page_1' title='image "./initiaphilosoph02heusgoog_0039.png"; bbox 0 0 2950 5134; ppageno 0'>
   <div class='ocr_carea' id='block_1_1' title="bbox 764 268 800 325">
    <p class='ocr_par' dir='ltr' id='par_1_1' title="bbox 764 268 800 325">
     <span class='ocr_line' id='line_1_1' title="bbox 764 268 800 325; baseline 0.028 -1"><span class='ocrx_word' id='word_1_1' title='bbox 764 268 800 325; x_wconf 87' lang='lat'><strong>18</strong></span> 
     </span>
    </p>
   </div>
   <div class='ocr_carea' id='block_1_2' title="bbox 64 398 1470 4322">
    <p class='ocr_par' dir='ltr' id='par_1_2' title="bbox 64 398 1470 4322">
     <span class='ocr_line' id='line_1_2' title="bbox 164 398 1398 516; baseline 0 -24"><span class='ocrx_word' id='word_1_2' title='bbox 164 434 197 492; x_wconf 91' lang='lat' dir='ltr'><strong>in</strong></span> <span class='ocrx_word' id='word_1_3' title='bbox 218 398 378 490; x_wconf 83' lang='lat' dir='ltr'><strong>oratoribus</strong></span> <span class='ocrx_word' id='word_1_4' title='bbox 392 429 521 507; x_wconf 86' lang='lat' dir='ltr'><strong>legendis</strong></span> <span class='ocrx_word' id='word_1_5' title='bbox 540 430 648 508; x_wconf 88' lang='lat' dir='ltr'><strong>pariter</strong></span> <span class='ocrx_word' id='word_1_6' title='bbox 668 443 819 491; x_wconf 82' lang='lat' dir='ltr'><strong>versantur</strong></span> <span class='ocrx_word' id='word_1_7' title='bbox 838 429 909 504; x_wconf 89' lang='lat' dir='ltr'><strong>alii,</strong></span> <span class='ocrx_word' id='word_1_8' title='bbox 931 449 1101 509; x_wconf 88' lang='lat' dir='ltr'><strong>quamquam</strong></span> <span class='ocrx_word' id='word_1_9' title='bbox 1121 453 1180 491; x_wconf 89' lang='lat' dir='ltr'><strong>non</strong></span> <span class='ocrx_word' id='word_1_10' title='bbox 1201 433 1302 494; x_wconf 89' lang='lat' dir='ltr'><strong>multi:</strong></span> <span class='ocrx_word' id='word_1_11' title='bbox 1325 455 1398 516; x_wconf 90' lang='lat' dir='ltr'><strong>pau·</strong></span> 
     </span>
     <span class='ocr_line' id='line_1_3' title="bbox 164 544 1398 634; baseline 0.001 -29"><span class='ocrx_word' id='word_1_12' title='bbox 164 546 269 605; x_wconf 89' lang='lat' dir='ltr'><strong>cissimi</strong></span> <span class='ocrx_word' id='word_1_13' title='bbox 290 565 357 634; x_wconf 87' lang='lat' dir='ltr'><strong>vero</strong></span> <span class='ocrx_word' id='word_1_14' title='bbox 377 545 642 624; x_wconf 89' lang='lat' dir='ltr'><strong>reperiuntur,qui</strong></span> <span class='ocrx_word' id='word_1_15' title='bbox 663 545 702 602; x_wconf 90' lang='lat' dir='ltr'><strong>sie</strong></span> <span class='ocrx_word' id='word_1_16' title='bbox 721 544 817 625; x_wconf 87' lang='lat' dir='ltr'><strong>legant</strong></span> <span class='ocrx_word' id='word_1_17' title='bbox 831 544 1017 626; x_wconf 77' lang='lat' dir='ltr'><strong>philosophos</strong></span> <span class='ocrx_word' id='word_1_18' title='bbox 1036 548 1178 627; x_wconf 88' lang='lat' dir='ltr'><strong>antiquos.</strong></span> <span class='ocrx_word' id='word_1_19' title='bbox 1201 547 1296 628; x_wconf 83' lang='lat' dir='ltr'>Vulgo</span> <span class='ocrx_word' id='word_1_20' title='bbox 1315 549 1398 608; x_wconf 90' lang='lat' dir='ltr'><strong>enim</strong></span> 
     </span>
     <span class='ocr_line' id='line_1_4' title="bbox 161 658 1446 740; baseline 0.002 -18"><span class='ocrx_word' id='word_1_21' title='bbox 161 661 292 722; x_wconf 89' lang='lat' dir='ltr'><strong>homines</strong></span> <span class='ocrx_word' id='word_1_22' title='bbox 313 658 480 718; x_wconf 81' lang='lat' dir='ltr'><strong>recentioris</strong></span> <span class='ocrx_word' id='word_1_23' title='bbox 503 658 703 740; x_wconf 79' lang='lat' dir='ltr'>philosophiae</span> <span class='ocrx_word' id='word_1_24' title='bbox 726 659 833 740; x_wconf 86' lang='lat' dir='ltr'><strong>placita</strong></span> <span class='ocrx_word' id='word_1_25' title='bbox 851 659 960 719; x_wconf 90' lang='lat' dir='ltr'><strong>Socrati</strong></span> <span class='ocrx_word' id='word_1_26' title='bbox 979 673 1008 718; x_wconf 90' lang='grc'><strong>11</strong></span> <span class='ocrx_word' id='word_1_27' title='bbox 1026 659 1140 721; x_wconf 90' lang='lat' dir='ltr'><strong>Platoni</strong></span> <span class='ocrx_word' id='word_1_28' title='bbox 1160 661 1341 739; x_wconf 85' lang='lat' dir='ltr'><strong>obtrudunt,</strong></span> <span class='ocrx_word' id='word_1_29' title='bbox 1364 679 1398 724; x_wconf 90' lang='lat' dir='ltr'><strong>ut</strong></span> <span class='ocrx_word' id='word_1_30' title='bbox 1444 691 1446 696; x_wconf 63' lang='grc'>’</span> 
     </span>
     <span class='ocr_line' id='line_1_5' title="bbox 162 773 1398 857; baseline 0 -21"><span class='ocrx_word' id='word_1_31' title='bbox 162 788 264 857; x_wconf 79' lang='lat' dir='ltr'><strong>cogant</strong></span> <span class='ocrx_word' id='word_1_32' title='bbox 281 775 365 833; x_wconf 91' lang='lat' dir='ltr'><strong>hosce</strong></span> <span class='ocrx_word' id='word_1_33' title='bbox 385 773 543 852; x_wconf 86' lang='lat' dir='ltr'><strong>disceptare</strong></span> <span class='ocrx_word' id='word_1_34' title='bbox 560 773 598 832; x_wconf 89' lang='lat' dir='ltr'><strong>de</strong></span> <span class='ocrx_word' id='word_1_35' title='bbox 617 774 708 854; x_wconf 88' lang='lat' dir='ltr'><strong>spatio</strong></span> <span class='ocrx_word' id='word_1_36' title='bbox 726 788 753 833; x_wconf 90' lang='lat' dir='ltr'><strong>et</strong></span> <span class='ocrx_word' id='word_1_37' title='bbox 771 788 911 855; x_wconf 86' lang='lat' dir='ltr'><strong>tempore,</strong></span> <span class='ocrx_word' id='word_1_38' title='bbox 929 773 965 832; x_wconf 93' lang='lat' dir='ltr'><strong>de</strong></span> <span class='ocrx_word' id='word_1_39' title='bbox 985 773 1096 854; x_wconf 88' lang='lat' dir='ltr'><strong>legibus</strong></span> <span class='ocrx_word' id='word_1_40' title='bbox 1117 777 1229 855; x_wconf 89' lang='lat' dir='ltr'><strong>ingenii</strong></span> <span class='ocrx_word' id='word_1_41' title='bbox 1253 776 1398 854; x_wconf 75' lang='lat' dir='ltr'><strong>humani,</strong></span> 
     </span>
     <span class='ocr_line' id='line_1_6' title="bbox 162 887 1398 969; baseline 0.002 -19"><span class='ocrx_word' id='word_1_42' title='bbox 162 890 327 951; x_wconf 83' lang='lat' dir='ltr'><strong>deratione</strong></span> <span class='ocrx_word' id='word_1_43' title='bbox 350 887 506 947; x_wconf 84' lang='lat' dir='ltr'><strong>theoretica</strong></span> <span class='ocrx_word' id='word_1_44' title='bbox 528 902 555 947; x_wconf 89' lang='lat' dir='ltr'><strong>et</strong></span> <span class='ocrx_word' id='word_1_45' title='bbox 577 890 712 968; x_wconf 86' lang='lat' dir='ltr'><strong>practica.</strong></span> <span class='ocrx_word' id='word_1_46' title='bbox 752 888 837 962; x_wconf 88' lang='lat' dir='ltr'><strong>Quod</strong></span> <span class='ocrx_word' id='word_1_47' title='bbox 861 890 979 948; x_wconf 88' lang='lat' dir='ltr'><strong>nonita</strong></span> <span class='ocrx_word' id='word_1_48' title='bbox 999 889 1084 964; x_wconf 85' lang='lat' dir='ltr'><strong>dico,</strong></span> <span class='ocrx_word' id='word_1_49' title='bbox 1105 891 1187 969; x_wconf 88' lang='lat' dir='ltr'><strong>quasi</strong></span> <span class='ocrx_word' id='word_1_50' title='bbox 1207 905 1398 952; x_wconf 88' lang='lat' dir='ltr'><strong>contemnens</strong></span> 
     </span>
     <span class='ocr_line' id='line_1_7' title="bbox 161 978 1470 1096; baseline -0.001 -30"><span class='ocrx_word' id='word_1_51' title='bbox 161 1007 232 1066; x_wconf 89' lang='lat' dir='ltr'><strong>haec</strong></span> <span class='ocrx_word' id='word_1_52' title='bbox 255 1003 380 1085; x_wconf 89' lang='lat' dir='ltr'><strong>placita:</strong></span> <span class='ocrx_word' id='word_1_53' title='bbox 407 1001 498 1062; x_wconf 90' lang='lat' dir='ltr'><strong>multa</strong></span> <span class='ocrx_word' id='word_1_54' title='bbox 512 1003 660 1061; x_wconf 89' lang='lat' dir='ltr'><strong>continere</strong></span> <span class='ocrx_word' id='word_1_55' title='bbox 675 1002 834 1078; x_wconf 83' lang='lat' dir='ltr'><strong>videntur,</strong></span> <span class='ocrx_word' id='word_1_56' title='bbox 855 1023 927 1082; x_wconf 88' lang='lat' dir='ltr'><strong>quae</strong></span> <span class='ocrx_word' id='word_1_57' title='bbox 946 1006 1078 1083; x_wconf 89' lang='lat' dir='ltr'><strong>antiquos</strong></span> <span class='ocrx_word' id='word_1_58' title='bbox 1097 978 1239 1064; x_wconf 42' lang='lat' dir='ltr'><strong>latuerint.</strong></span> <span class='ocrx_word' id='word_1_59' title='bbox 1256 1005 1345 1086; x_wconf 83' lang='lat' dir='ltr'><strong>plane</strong></span> <span class='ocrx_word' id='word_1_60' title='bbox 1367 1021 1397 1066; x_wconf 90' lang='lat' dir='ltr'><strong>et</strong></span> <span class='ocrx_word' id='word_1_61' title='bbox 1468 1033 1470 1096; x_wconf 64' lang='lat' dir='ltr'><strong>q</strong></span> 
     </span>
     <span class='ocr_line' id='line_1_8' title="bbox 163 1116 1398 1198; baseline 0.002 -21"><span class='ocrx_word' id='word_1_62' title='bbox 163 1121 221 1178; x_wconf 91' lang='lat' dir='ltr'><strong>sint</strong></span> <span class='ocrx_word' id='word_1_63' title='bbox 239 1118 403 1178; x_wconf 83' lang='lat' dir='ltr'><strong>verissima:</strong></span> <span class='ocrx_word' id='word_1_64' title='bbox 426 1131 453 1176; x_wconf 91' lang='lat' dir='ltr'><strong>et</strong></span> <span class='ocrx_word' id='word_1_65' title='bbox 471 1131 542 1176; x_wconf 90' lang='lat' dir='ltr'><strong>esset</strong></span> <span class='ocrx_word' id='word_1_66' title='bbox 556 1138 624 1175; x_wconf 89' lang='lat' dir='ltr'><strong>sane</strong></span> <span class='ocrx_word' id='word_1_67' title='bbox 643 1137 781 1198; x_wconf 79' lang='lat' dir='ltr'><strong>perquam</strong></span> <span class='ocrx_word' id='word_1_68' title='bbox 796 1116 973 1194; x_wconf 87' lang='lat' dir='ltr'><strong>dolendum,</strong></span> <span class='ocrx_word' id='word_1_69' title='bbox 995 1120 1018 1178; x_wconf 92' lang='lat' dir='ltr'><strong>si</strong></span> <span class='ocrx_word' id='word_1_70' title='bbox 1033 1119 1144 1198; x_wconf 85' lang='lat' dir='ltr'><strong>generis</strong></span> <span class='ocrx_word' id='word_1_71' title='bbox 1163 1121 1253 1178; x_wconf 81' lang='lat' dir='ltr'><strong>nostri</strong></span> <span class='ocrx_word' id='word_1_72' title='bbox 1273 1120 1307 1178; x_wconf 91' lang='lat' dir='ltr'><strong>in</strong></span> <span class='ocrx_word' id='word_1_73' title='bbox 1322 1142 1398 1181; x_wconf 89' lang='lat' dir='ltr'><strong>vero</strong></span> 
     </span>
     <span class='ocr_line' id='line_1_9' title="bbox 162 1231 1395 1314; baseline -0.001 -21"><span class='ocrx_word' id='word_1_74' title='bbox 162 1234 337 1314; x_wconf 88' lang='lat' dir='ltr'><strong>inquirendo</strong></span> <span class='ocrx_word' id='word_1_75' title='bbox 361 1232 445 1294; x_wconf 89' lang='lat' dir='ltr'><strong>nulla</strong></span> <span class='ocrx_word' id='word_1_76' title='bbox 469 1245 619 1314; x_wconf 81' lang='lat' dir='ltr'><strong>appareret</strong></span> <span class='ocrx_word' id='word_1_77' title='bbox 638 1232 804 1312; x_wconf 81' lang='lat' dir='ltr'><strong>progressio.</strong></span> <span class='ocrx_word' id='word_1_78' title='bbox 843 1231 899 1292; x_wconf 89' lang='lat' dir='ltr'><strong>Sed</strong></span> <span class='ocrx_word' id='word_1_79' title='bbox 919 1246 951 1291; x_wconf 89' lang='lat' dir='ltr'><strong>ut</strong></span> <span class='ocrx_word' id='word_1_80' title='bbox 973 1233 1080 1314; x_wconf 87' lang='lat' dir='ltr'><strong>placita</strong></span> <span class='ocrx_word' id='word_1_81' title='bbox 1099 1233 1203 1297; x_wconf 76' lang='lat' dir='ltr'><strong>haecce</strong></span> <span class='ocrx_word' id='word_1_82' title='bbox 1220 1253 1256 1291; x_wconf 83' lang='lat' dir='ltr'><strong>ex</strong></span> <span class='ocrx_word' id='word_1_83' title='bbox 1279 1248 1395 1309; x_wconf 88' lang='lat' dir='ltr'><strong>nostra,</strong></span> 
     </span>
     <span class='ocr_line' id='line_1_10' title="bbox 164 1344 1396 1428; baseline 0.002 -22"><span class='ocrx_word' id='word_1_84' title='bbox 164 1351 202 1407; x_wconf 88' lang='lat' dir='ltr'><strong>ita</strong></span> <span class='ocrx_word' id='word_1_85' title='bbox 222 1349 340 1428; x_wconf 86' lang='lat' dir='ltr'><strong>antiqua</strong></span> <span class='ocrx_word' id='word_1_86' title='bbox 365 1347 417 1406; x_wconf 91' lang='lat' dir='ltr'><strong>illa</strong></span> <span class='ocrx_word' id='word_1_87' title='bbox 445 1368 481 1405; x_wconf 87' lang='lat' dir='ltr'><strong>ex</strong></span> <span class='ocrx_word' id='word_1_88' title='bbox 498 1349 616 1426; x_wconf 87' lang='lat' dir='ltr'><strong>antiqua</strong></span> <span class='ocrx_word' id='word_1_89' title='bbox 636 1344 861 1426; x_wconf 88' lang='lat' dir='ltr'><strong>philosophandi</strong></span> <span class='ocrx_word' id='word_1_90' title='bbox 889 1349 999 1407; x_wconf 89' lang='lat' dir='ltr'><strong>ratione</strong></span> <span class='ocrx_word' id='word_1_91' title='bbox 1018 1347 1102 1406; x_wconf 89' lang='lat' dir='ltr'><strong>unice</strong></span> <span class='ocrx_word' id='word_1_92' title='bbox 1122 1347 1295 1408; x_wconf 86' lang='lat' dir='ltr'><strong>illustranda</strong></span> <span class='ocrx_word' id='word_1_93' title='bbox 1313 1351 1396 1408; x_wconf 82' lang='lat' dir='ltr'><strong>sunt.</strong></span> 
     </span>
     <span class='ocr_line' id='line_1_11' title="bbox 164 1447 1397 1545; baseline 0.001 -23"><span class='ocrx_word' id='word_1_94' title='bbox 164 1463 249 1539; x_wconf 89' lang='lat' dir='ltr'><strong>Quod</strong></span> <span class='ocrx_word' id='word_1_95' title='bbox 263 1465 294 1523; x_wconf 92' lang='lat' dir='ltr'><strong>ni</strong></span> <span class='ocrx_word' id='word_1_96' title='bbox 308 1464 473 1535; x_wconf 85' lang='lat' dir='ltr'><strong>fecerimus,</strong></span> <span class='ocrx_word' id='word_1_97' title='bbox 489 1461 705 1520; x_wconf 85' lang='lat' dir='ltr'><strong>obscurabimus</strong></span> <span class='ocrx_word' id='word_1_98' title='bbox 720 1461 829 1536; x_wconf 90' lang='lat' dir='ltr'><strong>omnia,</strong></span> <span class='ocrx_word' id='word_1_99' title='bbox 846 1484 906 1522; x_wconf 90' lang='lat' dir='ltr'><strong>non</strong></span> <span class='ocrx_word' id='word_1_100' title='bbox 921 1461 1148 1538; x_wconf 83' lang='lat' dir='ltr'><strong>illustrabimus,</strong></span> <span class='ocrx_word' id='word_1_101' title='bbox 1167 1477 1194 1522; x_wconf 93' lang='lat' dir='ltr'><strong>et</strong></span> <span class='ocrx_word' id='word_1_102' title='bbox 1210 1447 1397 1545; x_wconf 77' lang='lat' dir='ltr'><strong>apparebunt</strong></span> 
     </span>
     <span class='ocr_line' id='line_1_12' title="bbox 165 1575 1394 1657; baseline 0 -19"><span class='ocrx_word' id='word_1_103' title='bbox 165 1580 248 1638; x_wconf 90' lang='lat' dir='ltr'><strong>nobis</strong></span> <span class='ocrx_word' id='word_1_104' title='bbox 274 1579 392 1657; x_wconf 88' lang='lat' dir='ltr'><strong>antiqua</strong></span> <span class='ocrx_word' id='word_1_105' title='bbox 418 1576 470 1636; x_wconf 89' lang='lat' dir='ltr'><strong>illa</strong></span> <span class='ocrx_word' id='word_1_106' title='bbox 495 1575 619 1638; x_wconf 90' lang='lat' dir='ltr'><strong>absurda</strong></span> <span class='ocrx_word' id='word_1_107' title='bbox 638 1596 761 1656; x_wconf 88' lang='lat' dir='ltr'><strong>prorsus.</strong></span> <span class='ocrx_word' id='word_1_108' title='bbox 801 1577 903 1637; x_wconf 79' lang='lat' dir='ltr'><strong>Proeti</strong></span> <span class='ocrx_word' id='word_1_109' title='bbox 923 1579 1013 1638; x_wconf 87' lang='lat' dir='ltr'><strong>nostri</strong></span> <span class='ocrx_word' id='word_1_110' title='bbox 1035 1578 1200 1638; x_wconf 88' lang='lat' dir='ltr'><strong>Homericos</strong></span> <span class='ocrx_word' id='word_1_111' title='bbox 1227 1579 1328 1643; x_wconf 88' lang='lat' dir='ltr'><strong>heroas</strong></span> <span class='ocrx_word' id='word_1_112' title='bbox 1351 1582 1394 1638; x_wconf 76' lang='lat' dir='ltr'><strong>,in</strong></span> 
     </span>
     <span class='ocr_line' id='line_1_13' title="bbox 119 1690 1470 1774; baseline 0.002 -23"><span class='ocrx_word' id='word_1_113' title='bbox 119 1695 122 1702; x_wconf 82' lang='lat'>&#39;</span> <span class='ocrx_word' id='word_1_114' title='bbox 163 1715 248 1752; x_wconf 86' lang='lat' dir='ltr'><strong>scena</strong></span> <span class='ocrx_word' id='word_1_115' title='bbox 268 1692 398 1752; x_wconf 86' lang='lat' dir='ltr'><strong>solebant</strong></span> <span class='ocrx_word' id='word_1_116' title='bbox 420 1705 565 1771; x_wconf 88' lang='lat' dir='ltr'><strong>spectare,</strong></span> <span class='ocrx_word' id='word_1_117' title='bbox 586 1713 647 1750; x_wconf 90' lang='lat' dir='ltr'><strong>non</strong></span> <span class='ocrx_word' id='word_1_118' title='bbox 666 1690 764 1770; x_wconf 85' lang='lat' dir='ltr'><strong>quales</strong></span> <span class='ocrx_word' id='word_1_119' title='bbox 787 1691 866 1772; x_wconf 89' lang='lat' dir='ltr'><strong>apud</strong></span> <span class='ocrx_word' id='word_1_120' title='bbox 885 1692 1040 1752; x_wconf 87' lang='lat' dir='ltr'><strong>Homerun&#39;r</strong></span> <span class='ocrx_word' id='word_1_121' title='bbox 1060 1708 1232 1768; x_wconf 88' lang='lat' dir='ltr'><strong>occurrunt,</strong></span> <span class='ocrx_word' id='word_1_122' title='bbox 1254 1694 1304 1754; x_wconf 88' lang='lat' dir='ltr'><strong>sed</strong></span> <span class='ocrx_word' id='word_1_123' title='bbox 1322 1717 1395 1774; x_wconf 88' lang='lat' dir='ltr'><strong>qua·</strong></span> <span class='ocrx_word' id='word_1_124' title='bbox 1469 1733 1470 1738; x_wconf 24' lang='grc' dir='ltr'><strong>κ</strong></span> 
     </span>
     <span class='ocr_line' id='line_1_14' title="bbox 166 1781 1394 1888; baseline 0.002 -22"><span class='ocrx_word' id='word_1_125' title='bbox 166 1809 205 1866; x_wconf 84' lang='grc'><strong>111</strong></span> <span class='ocrx_word' id='word_1_126' title='bbox 223 1809 277 1887; x_wconf 92' lang='lat' dir='ltr'><strong>ipsi</strong></span> <span class='ocrx_word' id='word_1_127' title='bbox 296 1819 392 1880; x_wconf 89' lang='lat' dir='ltr'><strong>erant,</strong></span> <span class='ocrx_word' id='word_1_128' title='bbox 417 1804 535 1865; x_wconf 90' lang='lat' dir='ltr'><strong>indutos</strong></span> <span class='ocrx_word' id='word_1_129' title='bbox 553 1804 698 1865; x_wconf 90' lang='lat' dir='ltr'><strong>similibus</strong></span> <span class='ocrx_word' id='word_1_130' title='bbox 713 1806 890 1866; x_wconf 87' lang='lat' dir='ltr'><strong>vestimentis</strong></span> <span class='ocrx_word' id='word_1_131' title='bbox 900 1853 908 1882; x_wconf 94' lang='lat'><strong>,</strong></span> <span class='ocrx_word' id='word_1_132' title='bbox 924 1807 1012 1867; x_wconf 87' lang='lat' dir='ltr'><strong>simili</strong></span> <span class='ocrx_word' id='word_1_133' title='bbox 1030 1781 1121 1888; x_wconf 87' lang='lat' dir='ltr'><strong>pileo,</strong></span> <span class='ocrx_word' id='word_1_134' title='bbox 1143 1807 1269 1868; x_wconf 68' lang='lat' dir='ltr'><strong>ridiculis</strong></span> <span class='ocrx_word' id='word_1_135' title='bbox 1287 1811 1394 1869; x_wconf 73' lang='lat' dir='ltr'><strong>formal.</strong></span> 
     </span>
     <span class='ocr_line' id='line_1_15' title="bbox 165 1920 1393 2003; baseline 0.004 -24"><span class='ocrx_word' id='word_1_136' title='bbox 165 1922 250 1980; x_wconf 90' lang='lat' dir='ltr'><strong>Haud</strong></span> <span class='ocrx_word' id='word_1_137' title='bbox 269 1920 367 2001; x_wconf 88' lang='lat' dir='ltr'><strong>dispar</strong></span> <span class='ocrx_word' id='word_1_138' title='bbox 385 1921 529 2000; x_wconf 86' lang='lat' dir='ltr'><strong>negotium</strong></span> <span class='ocrx_word' id='word_1_139' title='bbox 549 1920 736 2000; x_wconf 84' lang='lat' dir='ltr'><strong>spectandum</strong></span> <span class='ocrx_word' id='word_1_140' title='bbox 755 1921 838 1980; x_wconf 90' lang='lat' dir='ltr'><strong>nobis</strong></span> <span class='ocrx_word' id='word_1_141' title='bbox 857 1921 995 2002; x_wconf 87' lang='lat' dir='ltr'><strong>praebent</strong></span> <span class='ocrx_word' id='word_1_142' title='bbox 1012 1922 1095 1982; x_wconf 89' lang='lat' dir='ltr'><strong>multi</strong></span> <span class='ocrx_word' id='word_1_143' title='bbox 1117 1923 1200 1998; x_wconf 90' lang='lat' dir='ltr'><strong>libri,</strong></span> <span class='ocrx_word' id='word_1_144' title='bbox 1220 1925 1270 2003; x_wconf 92' lang='lat' dir='ltr'><strong>qui</strong></span> <span class='ocrx_word' id='word_1_145' title='bbox 1289 1925 1393 1987; x_wconf 85' lang='lat' dir='ltr'><strong>bodie·</strong></span> 
     </span>
     <span class='ocr_line' id='line_1_16' title="bbox 163 2035 1394 2120; baseline 0.005 -26"><span class='ocrx_word' id='word_1_146' title='bbox 163 2059 217 2114; x_wconf 89' lang='lat' dir='ltr'><strong>que</strong></span> <span class='ocrx_word' id='word_1_147' title='bbox 236 2037 377 2102; x_wconf 80' lang='lat' dir='ltr'><strong>feruntur.</strong></span> <span class='ocrx_word' id='word_1_148' title='bbox 418 2037 567 2094; x_wconf 85' lang='lat' dir='ltr'><strong>Cernimus</strong></span> <span class='ocrx_word' id='word_1_149' title='bbox 586 2036 618 2092; x_wconf 93' lang='lat' dir='ltr'><strong>in</strong></span> <span class='ocrx_word' id='word_1_150' title='bbox 648 2035 709 2094; x_wconf 91' lang='lat' dir='ltr'><strong>illis</strong></span> <span class='ocrx_word' id='word_1_151' title='bbox 733 2037 933 2115; x_wconf 87' lang='lat' dir='ltr'><strong>antiquitatem</strong></span> <span class='ocrx_word' id='word_1_152' title='bbox 949 2052 1057 2111; x_wconf 90' lang='lat' dir='ltr'><strong>totam,</strong></span> <span class='ocrx_word' id='word_1_153' title='bbox 1076 2037 1261 2118; x_wconf 89' lang='lat' dir='ltr'><strong>philosophos</strong></span> <span class='ocrx_word' id='word_1_154' title='bbox 1279 2040 1311 2098; x_wconf 93' lang='lat' dir='ltr'><strong>in</strong></span> <span class='ocrx_word' id='word_1_155' title='bbox 1330 2045 1394 2120; x_wconf 91' lang='lat' dir='ltr'><strong>pri·</strong></span> 
     </span>
     <span class='ocr_line' id='line_1_17' title="bbox 164 2149 1470 2237; baseline 0.005 -29"><span class='ocrx_word' id='word_1_156' title='bbox 164 2153 216 2210; x_wconf 89' lang='lat' dir='ltr'><strong>mis</strong></span> <span class='ocrx_word' id='word_1_157' title='bbox 235 2153 385 2231; x_wconf 89' lang='lat' dir='ltr'><strong>antiquos,</strong></span> <span class='ocrx_word' id='word_1_158' title='bbox 407 2171 439 2210; x_wconf 88' lang='lat' dir='ltr'><strong>ea</strong></span> <span class='ocrx_word' id='word_1_159' title='bbox 461 2150 572 2230; x_wconf 85' lang='lat' dir='ltr'><strong>speeie,</strong></span> <span class='ocrx_word' id='word_1_160' title='bbox 600 2164 630 2208; x_wconf 90' lang='lat' dir='ltr'><strong>ut</strong></span> <span class='ocrx_word' id='word_1_161' title='bbox 659 2149 743 2208; x_wconf 92' lang='lat' dir='ltr'><strong>nobis</strong></span> <span class='ocrx_word' id='word_1_162' title='bbox 766 2151 922 2213; x_wconf 87' lang='lat' dir='ltr'><strong>videantur</strong></span> <span class='ocrx_word' id='word_1_163' title='bbox 939 2153 1055 2222; x_wconf 84' lang='lat' dir='ltr'><strong>similes.</strong></span> <span class='ocrx_word' id='word_1_164' title='bbox 1097 2154 1291 2213; x_wconf 83' lang='lat' dir='ltr'><strong>Veruntamen</strong></span> <span class='ocrx_word' id='word_1_165' title='bbox 1310 2157 1391 2237; x_wconf 74' lang='lat' dir='ltr'><strong>quod</strong></span> <span class='ocrx_word' id='word_1_166' title='bbox 1469 2171 1470 2184; x_wconf 64' lang='lat'>¹</span> 
     </span>
     <span class='ocr_line' id='line_1_18' title="bbox 163 2245 1394 2340; baseline 0.004 -16"><span class='ocrx_word' id='word_1_167' title='bbox 163 2267 269 2325; x_wconf 81' lang='lat' dir='ltr'><strong>scenici</strong></span> <span class='ocrx_word' id='word_1_168' title='bbox 288 2267 419 2325; x_wconf 90' lang='lat' dir='ltr'><strong>homiues</strong></span> <span class='ocrx_word' id='word_1_169' title='bbox 437 2265 549 2324; x_wconf 90' lang='lat' dir='ltr'><strong>dudum</strong></span> <span class='ocrx_word' id='word_1_170' title='bbox 569 2278 718 2324; x_wconf 86' lang='lat' dir='ltr'><strong>mutarunt</strong></span> <span class='ocrx_word' id='word_1_171' title='bbox 740 2266 771 2324; x_wconf 89' lang='lat' dir='ltr'><strong>in</strong></span> <span class='ocrx_word' id='word_1_172' title='bbox 795 2277 854 2324; x_wconf 87' lang='lat' dir='ltr'><strong>arte</strong></span> <span class='ocrx_word' id='word_1_173' title='bbox 871 2287 939 2340; x_wconf 86' lang='lat' dir='ltr'><strong>sua,</strong></span> <span class='ocrx_word' id='word_1_174' title='bbox 967 2268 1020 2326; x_wconf 92' lang='lat' dir='ltr'><strong>hoc</strong></span> <span class='ocrx_word' id='word_1_175' title='bbox 1041 2289 1092 2328; x_wconf 87' lang='lat' dir='ltr'><strong>nos</strong></span> <span class='ocrx_word' id='word_1_176' title='bbox 1110 2270 1142 2327; x_wconf 94' lang='lat' dir='ltr'><strong>in</strong></span> <span class='ocrx_word' id='word_1_177' title='bbox 1163 2268 1266 2328; x_wconf 91' lang='lat' dir='ltr'><strong>studiis</strong></span> <span class='ocrx_word' id='word_1_178' title='bbox 1284 2245 1394 2331; x_wconf 75' lang='lat' dir='ltr'><strong>nostris</strong></span> 
     </span>
     <span class='ocr_line' id='line_1_19' title="bbox 162 2377 1394 2463; baseline 0.004 -25"><span class='ocrx_word' id='word_1_179' title='bbox 162 2383 342 2440; x_wconf 90' lang='lat' dir='ltr'><strong>immutatum</strong></span> <span class='ocrx_word' id='word_1_180' title='bbox 360 2377 574 2458; x_wconf 74' lang='lat' dir='ltr'><strong>relinquemus?</strong></span> <span class='ocrx_word' id='word_1_181' title='bbox 596 2378 626 2437; x_wconf 91' lang='lat' dir='ltr'><strong>Si</strong></span> <span class='ocrx_word' id='word_1_182' title='bbox 647 2381 742 2438; x_wconf 91' lang='lat' dir='ltr'><strong>minus</strong></span> <span class='ocrx_word' id='word_1_183' title='bbox 759 2379 859 2440; x_wconf 89' lang='lat' dir='ltr'><strong>audire</strong></span> <span class='ocrx_word' id='word_1_184' title='bbox 878 2381 910 2441; x_wconf 91' lang='lat' dir='ltr'><strong>in</strong></span> <span class='ocrx_word' id='word_1_185' title='bbox 928 2403 1012 2440; x_wconf 87' lang='lat' dir='ltr'><strong>scena</strong></span> <span class='ocrx_word' id='word_1_186' title='bbox 1022 2428 1030 2456; x_wconf 94' lang='lat'><strong>,</strong></span> <span class='ocrx_word' id='word_1_187' title='bbox 1052 2397 1126 2442; x_wconf 91' lang='lat' dir='ltr'><strong>eerte</strong></span> <span class='ocrx_word' id='word_1_188' title='bbox 1141 2383 1288 2463; x_wconf 88' lang='lat' dir='ltr'><strong>adspicere</strong></span> <span class='ocrx_word' id='word_1_189' title='bbox 1304 2385 1394 2444; x_wconf 89' lang='lat' dir='ltr'><strong>nobis</strong></span> 
     </span>
     <span class='ocr_line' id='line_1_20' title="bbox 162 2495 1393 2588; baseline 0.002 -31"><span class='ocrx_word' id='word_1_190' title='bbox 162 2497 295 2558; x_wconf 86' lang='lat' dir='ltr'><strong>videmur</strong></span> <span class='ocrx_word' id='word_1_191' title='bbox 310 2498 402 2577; x_wconf 91' lang='lat' dir='ltr'><strong>ipsum</strong></span> <span class='ocrx_word' id='word_1_192' title='bbox 418 2495 575 2570; x_wconf 84' lang='lat' dir='ltr'><strong>Achillem,</strong></span> <span class='ocrx_word' id='word_1_193' title='bbox 595 2497 688 2576; x_wconf 90' lang='lat' dir='ltr'><strong>ipsum</strong></span> <span class='ocrx_word' id='word_1_194' title='bbox 704 2497 871 2570; x_wconf 89' lang='lat' dir='ltr'><strong>Hectorem,</strong></span> <span class='ocrx_word' id='word_1_195' title='bbox 891 2497 981 2578; x_wconf 89' lang='lat' dir='ltr'><strong>ipsam</strong></span> <span class='ocrx_word' id='word_1_196' title='bbox 995 2496 1149 2572; x_wconf 83' lang='lat' dir='ltr'><strong>Helenam,</strong></span> <span class='ocrx_word' id='word_1_197' title='bbox 1167 2499 1285 2577; x_wconf 89' lang='lat' dir='ltr'><strong>antiquo</strong></span> <span class='ocrx_word' id='word_1_198' title='bbox 1300 2498 1393 2588; x_wconf 71' lang='lat' dir='ltr'><strong>habi-¹</strong></span> 
     </span>
     <span class='ocr_line' id='line_1_21' title="bbox 163 2609 1469 2692; baseline 0.003 -21"><span class='ocrx_word' id='word_1_199' title='bbox 163 2627 212 2671; x_wconf 90' lang='lat' dir='ltr'><strong>tu:</strong></span> <span class='ocrx_word' id='word_1_200' title='bbox 234 2613 403 2692; x_wconf 87' lang='lat' dir='ltr'><strong>interpretes</strong></span> <span class='ocrx_word' id='word_1_201' title='bbox 432 2631 499 2671; x_wconf 85' lang='lat' dir='ltr'><strong>vero</strong></span> <span class='ocrx_word' id='word_1_202' title='bbox 526 2609 725 2692; x_wconf 84' lang='lat' dir='ltr'><strong>philosophiae</strong></span> <span class='ocrx_word' id='word_1_203' title='bbox 749 2612 788 2669; x_wconf 90' lang='lat' dir='ltr'><strong>sic</strong></span> <span class='ocrx_word' id='word_1_204' title='bbox 812 2610 960 2689; x_wconf 89' lang='lat' dir='ltr'><strong>loquentes</strong></span> <span class='ocrx_word' id='word_1_205' title='bbox 984 2625 1103 2692; x_wconf 90' lang='lat' dir='ltr'><strong>pergent</strong></span> <span class='ocrx_word' id='word_1_206' title='bbox 1126 2611 1265 2686; x_wconf 74' lang='lat' dir='ltr'><strong>iuducere</strong></span> <span class='ocrx_word' id='word_1_207' title='bbox 1289 2612 1390 2675; x_wconf 87' lang='lat' dir='ltr'><strong>Socra·</strong></span> <span class='ocrx_word' id='word_1_208' title='bbox 1468 2639 1469 2650; x_wconf 57' lang='lat'>¹</span> 
     </span>
     <span class='ocr_line' id='line_1_22' title="bbox 161 2724 1390 2803; baseline 0.001 -15"><span class='ocrx_word' id='word_1_209' title='bbox 161 2743 236 2801; x_wconf 86' lang='lat' dir='ltr'><strong>tem,</strong></span> <span class='ocrx_word' id='word_1_210' title='bbox 256 2727 423 2799; x_wconf 88' lang='lat' dir='ltr'><strong>Platonem,</strong></span> <span class='ocrx_word' id='word_1_211' title='bbox 444 2724 642 2798; x_wconf 82' lang='lat' dir='ltr'><strong>Aristotelem,</strong></span> <span class='ocrx_word' id='word_1_212' title='bbox 665 2739 696 2784; x_wconf 89' lang='lat' dir='ltr'><strong>ut</strong></span> <span class='ocrx_word' id='word_1_213' title='bbox 714 2724 814 2785; x_wconf 90' lang='lat' dir='ltr'><strong>audire</strong></span> <span class='ocrx_word' id='word_1_214' title='bbox 834 2725 985 2794; x_wconf 84' lang='lat' dir='ltr'><strong>videamur</strong></span> <span class='ocrx_word' id='word_1_215' title='bbox 1004 2747 1063 2786; x_wconf 90' lang='lat' dir='ltr'><strong>uon</strong></span> <span class='ocrx_word' id='word_1_216' title='bbox 1082 2727 1185 2803; x_wconf 88' lang='lat' dir='ltr'><strong>hosce,</strong></span> <span class='ocrx_word' id='word_1_217' title='bbox 1213 2727 1263 2788; x_wconf 89' lang='lat' dir='ltr'><strong>sed</strong></span> <span class='ocrx_word' id='word_1_218' title='bbox 1292 2729 1390 2790; x_wconf 87' lang='lat' dir='ltr'><strong>Carte-</strong></span> 
     </span>
     <span class='ocr_line' id='line_1_23' title="bbox 160 2840 650 2917; baseline -0.006 -15"><span class='ocrx_word' id='word_1_219' title='bbox 160 2844 234 2902; x_wconf 89' lang='lat' dir='ltr'><strong>sium</strong></span> <span class='ocrx_word' id='word_1_220' title='bbox 243 2887 252 2917; x_wconf 88' lang='lat'><em>‚</em></span> <span class='ocrx_word' id='word_1_221' title='bbox 273 2841 467 2915; x_wconf 74' lang='lat' dir='ltr'><strong>leibnitium,</strong></span> <span class='ocrx_word' id='word_1_222' title='bbox 486 2840 650 2900; x_wconf 79' lang='lat' dir='ltr'><strong>Baconem‘l</strong></span> 
     </span>
     <span class='ocr_line' id='line_1_24' title="bbox 202 2955 1389 3039; baseline 0.003 -23"><span class='ocrx_word' id='word_1_223' title='bbox 202 2959 251 3016; x_wconf 87' lang='lat' dir='ltr'><strong>Est</strong></span> <span class='ocrx_word' id='word_1_224' title='bbox 269 2977 336 3018; x_wconf 82' lang='lat' dir='ltr'><strong>vero</strong></span> <span class='ocrx_word' id='word_1_225' title='bbox 354 2956 407 3016; x_wconf 92' lang='lat' dir='ltr'><strong>hoc</strong></span> <span class='ocrx_word' id='word_1_226' title='bbox 425 2961 533 3016; x_wconf 84' lang='lat' dir='ltr'><strong>summa</strong></span> <span class='ocrx_word' id='word_1_227' title='bbox 551 2975 604 3036; x_wconf 89' lang='lat' dir='ltr'><strong>ope</strong></span> <span class='ocrx_word' id='word_1_228' title='bbox 624 2955 776 3015; x_wconf 88' lang='lat' dir='ltr'><strong>nitendum</strong></span> <span class='ocrx_word' id='word_1_229' title='bbox 795 2955 1036 3038; x_wconf 89' lang='lat' dir='ltr'><strong>efficiendumque</strong></span> <span class='ocrx_word' id='word_1_230' title='bbox 1055 2958 1181 3032; x_wconf 84' lang='lat' dir='ltr'><strong>criticis,</strong></span> <span class='ocrx_word' id='word_1_231' title='bbox 1204 2974 1235 3019; x_wconf 93' lang='lat' dir='ltr'><strong>ut</strong></span> <span class='ocrx_word' id='word_1_232' title='bbox 1252 2959 1389 3039; x_wconf 87' lang='lat' dir='ltr'><strong>repudia·</strong></span> 
     </span>
     <span class='ocr_line' id='line_1_25' title="bbox 160 3071 1469 3154; baseline 0.001 -21"><span class='ocrx_word' id='word_1_233' title='bbox 160 3089 189 3133; x_wconf 90' lang='lat' dir='ltr'><strong>to</strong></span> <span class='ocrx_word' id='word_1_234' title='bbox 211 3074 265 3132; x_wconf 90' lang='lat' dir='ltr'><strong>hoc</strong></span> <span class='ocrx_word' id='word_1_235' title='bbox 288 3071 391 3132; x_wconf 88' lang='lat' dir='ltr'><strong>habitu</strong></span> <span class='ocrx_word' id='word_1_236' title='bbox 416 3085 530 3146; x_wconf 89' lang='lat' dir='ltr'><strong>nostro,</strong></span> <span class='ocrx_word' id='word_1_237' title='bbox 551 3092 601 3130; x_wconf 88' lang='lat' dir='ltr'><strong>sna</strong></span> <span class='ocrx_word' id='word_1_238' title='bbox 622 3071 763 3152; x_wconf 86' lang='lat' dir='ltr'><strong>prodeant</strong></span> <span class='ocrx_word' id='word_1_239' title='bbox 788 3086 815 3132; x_wconf 89' lang='lat' dir='ltr'><strong>et</strong></span> <span class='ocrx_word' id='word_1_240' title='bbox 838 3073 1020 3154; x_wconf 83' lang='lat' dir='ltr'><strong>simplicitate</strong></span> <span class='ocrx_word' id='word_1_241' title='bbox 1044 3075 1142 3133; x_wconf 79' lang='lat' dir='ltr'><strong>nativa</strong></span> <span class='ocrx_word' id='word_1_242' title='bbox 1161 3088 1189 3134; x_wconf 92' lang='lat' dir='ltr'><strong>et</strong></span> <span class='ocrx_word' id='word_1_243' title='bbox 1207 3095 1276 3133; x_wconf 80' lang='lat' dir='ltr'><strong>uero</strong></span> <span class='ocrx_word' id='word_1_244' title='bbox 1295 3075 1394 3134; x_wconf 91' lang='lat' dir='ltr'><strong>subli··</strong></span> <span class='ocrx_word' id='word_1_245' title='bbox 1468 3141 1469 3144; x_wconf 8' lang='grc' dir='ltr'><strong>Ἴ</strong></span> 
     </span>
     <span class='ocr_line' id='line_1_26' title="bbox 160 3186 1469 3276; baseline 0 -27"><span class='ocrx_word' id='word_1_246' title='bbox 160 3191 256 3249; x_wconf 87' lang='grc'><strong>11111111</strong></span> <span class='ocrx_word' id='word_1_247' title='bbox 284 3186 449 3268; x_wconf 88' lang='lat' dir='ltr'><strong>philosophi</strong></span> <span class='ocrx_word' id='word_1_248' title='bbox 475 3187 606 3266; x_wconf 87' lang='lat' dir='ltr'><strong>antiqui:</strong></span> <span class='ocrx_word' id='word_1_249' title='bbox 629 3189 755 3265; x_wconf 89' lang='lat' dir='ltr'><strong>criticis,</strong></span> <span class='ocrx_word' id='word_1_250' title='bbox 776 3189 913 3268; x_wconf 88' lang='lat' dir='ltr'><strong>inquam,</strong></span> <span class='ocrx_word' id='word_1_251' title='bbox 939 3188 993 3248; x_wconf 91' lang='lat' dir='ltr'><strong>hoe</strong></span> <span class='ocrx_word' id='word_1_252' title='bbox 1016 3188 1176 3268; x_wconf 87' lang='lat' dir='ltr'><strong>agendum,</strong></span> <span class='ocrx_word' id='word_1_253' title='bbox 1197 3187 1305 3270; x_wconf 87' lang='lat' dir='ltr'><strong>quippe</strong></span> <span class='ocrx_word' id='word_1_254' title='bbox 1332 3193 1388 3270; x_wconf 91' lang='lat' dir='ltr'><strong>qui</strong></span> <span class='ocrx_word' id='word_1_255' title='bbox 1468 3269 1469 3276; x_wconf 8' lang='grc' dir='ltr'>ἵ</span> 
     </span>
     <span class='ocr_line' id='line_1_27' title="bbox 160 3302 1387 3386; baseline 0.002 -24"><span class='ocrx_word' id='word_1_256' title='bbox 160 3317 301 3386; x_wconf 88' lang='lat' dir='ltr'><strong>praestare</strong></span> <span class='ocrx_word' id='word_1_257' title='bbox 330 3304 447 3362; x_wconf 89' lang='lat' dir='ltr'><strong>caeteris</strong></span> <span class='ocrx_word' id='word_1_258' title='bbox 469 3302 583 3381; x_wconf 91' lang='lat' dir='ltr'><strong>judicio</strong></span> <span class='ocrx_word' id='word_1_259' title='bbox 611 3303 767 3378; x_wconf 84' lang='lat' dir='ltr'><strong>videntur,</strong></span> <span class='ocrx_word' id='word_1_260' title='bbox 789 3318 816 3363; x_wconf 89' lang='lat' dir='ltr'><strong>et</strong></span> <span class='ocrx_word' id='word_1_261' title='bbox 844 3304 970 3363; x_wconf 89' lang='lat' dir='ltr'><strong>omnium</strong></span> <span class='ocrx_word' id='word_1_262' title='bbox 996 3304 1119 3362; x_wconf 82' lang='lat' dir='ltr'><strong>maxime</strong></span> <span class='ocrx_word' id='word_1_263' title='bbox 1138 3324 1238 3364; x_wconf 80' lang='lat' dir='ltr'><strong>verum</strong></span> <span class='ocrx_word' id='word_1_264' title='bbox 1258 3304 1366 3364; x_wconf 85' lang='lat' dir='ltr'><strong>afalso</strong></span> <span class='ocrx_word' id='word_1_265' title='bbox 1378 3351 1387 3380; x_wconf 88' lang='lat'><strong>,</strong></span> 
     </span>
     <span class='ocr_line' id='line_1_28' title="bbox 159 3416 1386 3498; baseline 0.004 -22"><span class='ocrx_word' id='word_1_266' title='bbox 159 3439 250 3476; x_wconf 89' lang='lat' dir='ltr'><strong>rema</strong></span> <span class='ocrx_word' id='word_1_267' title='bbox 265 3418 357 3498; x_wconf 87' lang='lat' dir='ltr'><strong>specie</strong></span> <span class='ocrx_word' id='word_1_268' title='bbox 372 3416 547 3496; x_wconf 85' lang='lat' dir='ltr'><strong>distinguere</strong></span> <span class='ocrx_word' id='word_1_269' title='bbox 563 3416 679 3476; x_wconf 90' lang='lat' dir='ltr'><strong>debent.</strong></span> <span class='ocrx_word' id='word_1_270' title='bbox 702 3419 763 3475; x_wconf 93' lang='lat' dir='ltr'><strong>Hoc</strong></span> <span class='ocrx_word' id='word_1_271' title='bbox 778 3430 871 3476; x_wconf 91' lang='lat' dir='ltr'><strong>autem</strong></span> <span class='ocrx_word' id='word_1_272' title='bbox 886 3431 917 3476; x_wconf 89' lang='lat' dir='ltr'><strong>ut</strong></span> <span class='ocrx_word' id='word_1_273' title='bbox 935 3417 1046 3477; x_wconf 91' lang='lat' dir='ltr'><strong>dudum</strong></span> <span class='ocrx_word' id='word_1_274' title='bbox 1062 3419 1250 3480; x_wconf 83' lang='lat' dir='ltr'><strong>instituerunt</strong></span> <span class='ocrx_word' id='word_1_275' title='bbox 1264 3421 1386 3480; x_wconf 84' lang='lat' dir='ltr'><strong>maximi</strong></span> 
     </span>
     <span class='ocr_line' id='line_1_29' title="bbox 158 3531 1447 3626; baseline 0.002 -35"><span class='ocrx_word' id='word_1_276' title='bbox 158 3535 264 3614; x_wconf 90' lang='lat' dir='ltr'><strong>quique</strong></span> <span class='ocrx_word' id='word_1_277' title='bbox 287 3534 319 3592; x_wconf 90' lang='lat' dir='ltr'><strong>in</strong></span> <span class='ocrx_word' id='word_1_278' title='bbox 344 3532 390 3590; x_wconf 93' lang='lat' dir='ltr'><strong>his</strong></span> <span class='ocrx_word' id='word_1_279' title='bbox 417 3532 520 3592; x_wconf 92' lang='lat' dir='ltr'><strong>studiis</strong></span> <span class='ocrx_word' id='word_1_280' title='bbox 543 3533 617 3606; x_wconf 84' lang='lat' dir='ltr'><strong>viri,</strong></span> <span class='ocrx_word' id='word_1_281' title='bbox 640 3533 680 3590; x_wconf 86' lang='lat' dir='ltr'><strong>ita</strong></span> <span class='ocrx_word' id='word_1_282' title='bbox 703 3554 736 3590; x_wconf 88' lang='lat' dir='ltr'><strong>eo</strong></span> <span class='ocrx_word' id='word_1_283' title='bbox 759 3531 910 3591; x_wconf 87' lang='lat' dir='ltr'><strong>contendit</strong></span> <span class='ocrx_word' id='word_1_284' title='bbox 926 3551 978 3611; x_wconf 90' lang='lat' dir='ltr'><strong>per</strong></span> <span class='ocrx_word' id='word_1_285' title='bbox 996 3546 1083 3590; x_wconf 92' lang='lat' dir='ltr'><strong>totam</strong></span> <span class='ocrx_word' id='word_1_286' title='bbox 1103 3533 1193 3592; x_wconf 88' lang='lat' dir='ltr'><strong>vitam</strong></span> <span class='ocrx_word' id='word_1_287' title='bbox 1210 3533 1384 3612; x_wconf 81' lang='lat' dir='ltr'><strong>Wyttenba·</strong></span> <span class='ocrx_word' id='word_1_288' title='bbox 1442 3612 1447 3626; x_wconf 41' lang='lat'><strong>·</strong></span> 
     </span>
     <span class='ocr_line' id='line_1_30' title="bbox 159 3622 1385 3726; baseline 0 -18"><span class='ocrx_word' id='word_1_289' title='bbox 159 3649 258 3708; x_wconf 88' lang='lat' dir='ltr'><strong>chius:</strong></span> <span class='ocrx_word' id='word_1_290' title='bbox 290 3648 422 3726; x_wconf 89' lang='lat' dir='ltr'><strong>idemque</strong></span> <span class='ocrx_word' id='word_1_291' title='bbox 445 3647 496 3706; x_wconf 92' lang='lat' dir='ltr'><strong>has</strong></span> <span class='ocrx_word' id='word_1_292' title='bbox 516 3648 627 3706; x_wconf 90' lang='lat' dir='ltr'><strong>critices</strong></span> <span class='ocrx_word' id='word_1_293' title='bbox 650 3659 744 3726; x_wconf 77' lang='lat' dir='ltr'><strong>partes</strong></span> <span class='ocrx_word' id='word_1_294' title='bbox 762 3647 794 3706; x_wconf 89' lang='lat' dir='ltr'><strong>in</strong></span> <span class='ocrx_word' id='word_1_295' title='bbox 813 3622 919 3726; x_wconf 70' lang='lat' dir='ltr'><strong>primis¹</strong></span> <span class='ocrx_word' id='word_1_296' title='bbox 937 3645 1070 3706; x_wconf 89' lang='lat' dir='ltr'><strong>censebat</strong></span> <span class='ocrx_word' id='word_1_297' title='bbox 1087 3667 1187 3726; x_wconf 83' lang='lat' dir='ltr'><strong>graves</strong></span> <span class='ocrx_word' id='word_1_298' title='bbox 1204 3661 1232 3706; x_wconf 90' lang='lat' dir='ltr'><strong>et</strong></span> <span class='ocrx_word' id='word_1_299' title='bbox 1252 3647 1385 3708; x_wconf 84' lang='lat' dir='ltr'><strong>necessa-</strong></span> 
     </span>
     <span class='ocr_line' id='line_1_31' title="bbox 159 3737 1384 3845; baseline 0.002 -23"><span class='ocrx_word' id='word_1_300' title='bbox 159 3767 224 3824; x_wconf 84' lang='lat' dir='ltr'><strong>rias.</strong></span> <span class='ocrx_word' id='word_1_301' title='bbox 264 3764 398 3845; x_wconf 71' lang='lat' dir='ltr'><strong>Refertur</strong></span> <span class='ocrx_word' id='word_1_302' title='bbox 426 3761 495 3836; x_wconf 87' lang='lat' dir='ltr'><strong>illa,</strong></span> <span class='ocrx_word' id='word_1_303' title='bbox 516 3762 628 3835; x_wconf 88' lang='lat' dir='ltr'><strong>aiebat,</strong></span> <span class='ocrx_word' id='word_1_304' title='bbox 653 3761 690 3820; x_wconf 87' lang='lat' dir='ltr'><strong>ad</strong></span> <span class='ocrx_word' id='word_1_305' title='bbox 718 3761 823 3841; x_wconf 89' lang='lat' dir='ltr'><strong>scripta</strong></span> <span class='ocrx_word' id='word_1_306' title='bbox 848 3737 999 3836; x_wconf 79' lang='lat' dir='ltr'><strong>veterum,¹</strong></span> <span class='ocrx_word' id='word_1_307' title='bbox 1018 3760 1068 3820; x_wconf 88' lang='lat' dir='ltr'><strong>sed</strong></span> <span class='ocrx_word' id='word_1_308' title='bbox 1094 3763 1220 3841; x_wconf 87' lang='lat' dir='ltr'><strong>pertinet</strong></span> <span class='ocrx_word' id='word_1_309' title='bbox 1247 3761 1315 3822; x_wconf 88' lang='lat' dir='ltr'><strong>item</strong></span> <span class='ocrx_word' id='word_1_310' title='bbox 1344 3765 1384 3824; x_wconf 92' lang='lat' dir='ltr'><strong>ad</strong></span> 
     </span>
     <span class='ocr_line' id='line_1_32' title="bbox 64 3874 1383 3958; baseline -0.002 -18"><span class='ocrx_word' id='word_1_311' title='bbox 64 3885 69 3902; x_wconf 83' lang='lat'><em>¹</em></span> <span class='ocrx_word' id='word_1_312' title='bbox 158 3900 255 3940; x_wconf 89' lang='lat' dir='ltr'><strong>eorum</strong></span> <span class='ocrx_word' id='word_1_313' title='bbox 274 3899 318 3937; x_wconf 91' lang='lat' dir='ltr'><strong>res</strong></span> <span class='ocrx_word' id='word_1_314' title='bbox 337 3891 364 3936; x_wconf 93' lang='lat' dir='ltr'><strong>et</strong></span> <span class='ocrx_word' id='word_1_315' title='bbox 382 3877 534 3958; x_wconf 89' lang='lat' dir='ltr'><strong>opiniones</strong></span> <span class='ocrx_word' id='word_1_316' title='bbox 554 3879 573 3938; x_wconf 89' lang='lat' dir='ltr'><strong>i.</strong></span> <span class='ocrx_word' id='word_1_317' title='bbox 594 3898 618 3937; x_wconf 92' lang='grc'><strong>1.</strong></span> <span class='ocrx_word' id='word_1_318' title='bbox 637 3897 744 3950; x_wconf 89' lang='lat' dir='ltr'><strong>mores,</strong></span> <span class='ocrx_word' id='word_1_319' title='bbox 765 3874 859 3954; x_wconf 87' lang='lat' dir='ltr'><strong>leges,</strong></span> <span class='ocrx_word' id='word_1_320' title='bbox 877 3875 1028 3949; x_wconf 88' lang='lat' dir='ltr'><strong>instituta,</strong></span> <span class='ocrx_word' id='word_1_321' title='bbox 1049 3889 1141 3951; x_wconf 84' lang='lat' dir='ltr'><strong>artes,</strong></span> <span class='ocrx_word' id='word_1_322' title='bbox 1161 3876 1287 3957; x_wconf 89' lang='lat' dir='ltr'><strong>placita,</strong></span> <span class='ocrx_word' id='word_1_323' title='bbox 1308 3878 1383 3958; x_wconf 90' lang='lat' dir='ltr'><strong>poli-</strong></span> 
     </span>
     <span class='ocr_line' id='line_1_33' title="bbox 156 3969 1383 4073; baseline -0.003 -17"><span class='ocrx_word' id='word_1_324' title='bbox 156 3997 242 4056; x_wconf 89' lang='lat' dir='ltr'><strong>ticam</strong></span> <span class='ocrx_word' id='word_1_325' title='bbox 266 3969 376 4053; x_wconf 80' lang='lat' dir='ltr'><strong>omriem</strong></span> <span class='ocrx_word' id='word_1_326' title='bbox 402 4006 429 4050; x_wconf 91' lang='lat' dir='ltr'><strong>et</strong></span> <span class='ocrx_word' id='word_1_327' title='bbox 448 3991 677 4073; x_wconf 85' lang='lat' dir='ltr'><strong>philosophiam,</strong></span> <span class='ocrx_word' id='word_1_328' title='bbox 702 4011 782 4070; x_wconf 79' lang='lat' dir='ltr'><strong>quaa</strong></span> <span class='ocrx_word' id='word_1_329' title='bbox 794 3989 921 4066; x_wconf 84' lang='lat' dir='ltr'><strong>judicari</strong></span> <span class='ocrx_word' id='word_1_330' title='bbox 936 3989 1131 4071; x_wconf 81' lang='lat' dir='ltr'><strong>explicarique</strong></span> <span class='ocrx_word' id='word_1_331' title='bbox 1150 4011 1185 4048; x_wconf 88' lang='lat' dir='ltr'><strong>cx</strong></span> <span class='ocrx_word' id='word_1_332' title='bbox 1201 3993 1383 4069; x_wconf 88' lang='lat' dir='ltr'><strong>antiquitatis</strong></span> 
     </span>
     <span class='ocr_line' id='line_1_34' title="bbox 155 4105 1382 4194; baseline -0.003 -24"><span class='ocrx_word' id='word_1_333' title='bbox 155 4111 266 4194; x_wconf 79' lang='lat' dir='ltr'><strong>ratiene</strong></span> <span class='ocrx_word' id='word_1_334' title='bbox 285 4129 345 4166; x_wconf 89' lang='lat' dir='ltr'><strong>non</strong></span> <span class='ocrx_word' id='word_1_335' title='bbox 363 4109 458 4165; x_wconf 90' lang='lat' dir='ltr'><strong>minus</strong></span> <span class='ocrx_word' id='word_1_336' title='bbox 476 4106 602 4180; x_wconf 87' lang='lat' dir='ltr'><strong>debent,</strong></span> <span class='ocrx_word' id='word_1_337' title='bbox 627 4127 710 4184; x_wconf 91' lang='lat' dir='ltr'><strong>quam</strong></span> <span class='ocrx_word' id='word_1_338' title='bbox 734 4108 794 4186; x_wconf 91' lang='lat' dir='ltr'><strong>ipsa</strong></span> <span class='ocrx_word' id='word_1_339' title='bbox 813 4106 926 4185; x_wconf 89' lang='lat' dir='ltr'><strong>scripta.</strong></span> <span class='ocrx_word' id='word_1_340' title='bbox 965 4105 1001 4163; x_wconf 91' lang='lat' dir='ltr'><strong>ln</strong></span> <span class='ocrx_word' id='word_1_341' title='bbox 1031 4106 1156 4184; x_wconf 89' lang='lat' dir='ltr'><strong>utrisque</strong></span> <span class='ocrx_word' id='word_1_342' title='bbox 1184 4119 1284 4180; x_wconf 80' lang='lat' dir='ltr'><strong>autem·</strong></span> <span class='ocrx_word' id='word_1_343' title='bbox 1308 4107 1382 4166; x_wconf 89' lang='lat' dir='ltr'><strong>illu-</strong></span> 
     </span>
     <span class='ocr_line' id='line_1_35' title="bbox 155 4220 1468 4322; baseline -0.002 -38"><span class='ocrx_word' id='word_1_344' title='bbox 155 4224 280 4284; x_wconf 89' lang='lat' dir='ltr'><strong>strandis</strong></span> <span class='ocrx_word' id='word_1_345' title='bbox 299 4223 397 4282; x_wconf 76' lang='lat' dir='ltr'><strong>eldem</strong></span> <span class='ocrx_word' id='word_1_346' title='bbox 417 4221 464 4281; x_wconf 71' lang='lat' dir='ltr'><strong>via</strong></span> <span class='ocrx_word' id='word_1_347' title='bbox 484 4220 665 4300; x_wconf 83' lang='lat' dir='ltr'><strong>progreditur</strong></span> <span class='ocrx_word' id='word_1_348' title='bbox 683 4221 792 4280; x_wconf 89' lang='lat' dir='ltr'><strong>critica.</strong></span> <span class='ocrx_word' id='word_1_349' title='bbox 832 4223 872 4280; x_wconf 92' lang='lat' dir='ltr'><strong>Ut</strong></span> <span class='ocrx_word' id='word_1_350' title='bbox 890 4221 996 4300; x_wconf 88' lang='lat' dir='ltr'><strong>scripta</strong></span> <span class='ocrx_word' id='word_1_351' title='bbox 1013 4221 1216 4300; x_wconf 88' lang='lat' dir='ltr'><strong>interpretetur</strong></span> <span class='ocrx_word' id='word_1_352' title='bbox 1227 4268 1235 4296; x_wconf 91' lang='lat'><strong>,</strong></span> <span class='ocrx_word' id='word_1_353' title='bbox 1263 4243 1298 4280; x_wconf 80' lang='lat' dir='ltr'><strong>ex</strong></span> <span class='ocrx_word' id='word_1_354' title='bbox 1319 4224 1380 4304; x_wconf 91' lang='lat' dir='ltr'><strong>ipsa</strong></span> <span class='ocrx_word' id='word_1_355' title='bbox 1467 4229 1468 4322; x_wconf 44' lang='grc'><strong>1</strong></span> 
     </span>
    </p>
   </div>
   <div class='ocr_carea' id='block_1_3' title="bbox 157 4329 1468 4419">
    <p class='ocr_par' dir='ltr' id='par_1_3' title="bbox 157 4329 1468 4419">
     <span class='ocr_line' id='line_1_36' title="bbox 157 4329 1468 4419; baseline -0.002 -22"><span class='ocrx_word' id='word_1_356' title='bbox 157 4337 321 4419; x_wconf 87' lang='lat' dir='ltr'><strong>linguarum</strong></span> <span class='ocrx_word' id='word_1_357' title='bbox 338 4337 448 4417; x_wconf 68' lang='lat' dir='ltr'><strong>ratione</strong></span> <span class='ocrx_word' id='word_1_358' title='bbox 462 4355 547 4395; x_wconf 75' lang='lat' dir='ltr'><strong>uoces</strong></span> <span class='ocrx_word' id='word_1_359' title='bbox 562 4349 589 4394; x_wconf 92' lang='grc'><strong>11</strong></span> <span class='ocrx_word' id='word_1_360' title='bbox 608 4334 749 4396; x_wconf 86' lang='lat' dir='ltr'><strong>dictiones</strong></span> <span class='ocrx_word' id='word_1_361' title='bbox 766 4355 916 4414; x_wconf 89' lang='lat' dir='ltr'><strong>earumque</strong></span> <span class='ocrx_word' id='word_1_362' title='bbox 936 4335 1030 4394; x_wconf 84' lang='lat' dir='ltr'><strong>varias</strong></span> <span class='ocrx_word' id='word_1_363' title='bbox 1045 4334 1268 4414; x_wconf 86' lang='lat' dir='ltr'><strong>significationes</strong></span> <span class='ocrx_word' id='word_1_364' title='bbox 1288 4338 1380 4417; x_wconf 84' lang='lat' dir='ltr'><strong>expli·</strong></span> <span class='ocrx_word' id='word_1_365' title='bbox 1467 4329 1468 4350; x_wconf 63' lang='lat'>³</span> 
     </span>
    </p>
   </div>
   <div class='ocr_carea' id='block_1_4' title="bbox 117 4441 1380 4529">
    <p class='ocr_par' dir='ltr' id='par_1_4' title="bbox 117 4441 1380 4529">
     <span class='ocr_line' id='line_1_37' title="bbox 117 4441 1380 4529; baseline 0.006 -23"><span class='ocrx_word' id='word_1_366' title='bbox 117 4499 119 4506; x_wconf 28' lang='grc'><strong>1</strong></span> <span class='ocrx_word' id='word_1_367' title='bbox 154 4467 211 4512; x_wconf 83' lang='lat' dir='ltr'><strong>cat.</strong></span> <span class='ocrx_word' id='word_1_368' title='bbox 241 4455 304 4528; x_wconf 89' lang='lat' dir='ltr'><strong>Qua</strong></span> <span class='ocrx_word' id='word_1_369' title='bbox 323 4453 356 4512; x_wconf 89' lang='lat' dir='ltr'><strong>in</strong></span> <span class='ocrx_word' id='word_1_370' title='bbox 376 4471 405 4509; x_wconf 90' lang='lat' dir='ltr'><strong>re</strong></span> <span class='ocrx_word' id='word_1_371' title='bbox 430 4449 567 4510; x_wconf 84' lang='lat' dir='ltr'><strong>excelluit</strong></span> <span class='ocrx_word' id='word_1_372' title='bbox 597 4450 663 4510; x_wconf 86' lang='lat' dir='ltr'><strong>Tib.</strong></span> <span class='ocrx_word' id='word_1_373' title='bbox 688 4448 918 4511; x_wconf 87' lang='lat' dir='ltr'><strong>Hemsterhusius</strong></span> <span class='ocrx_word' id='word_1_374' title='bbox 937 4463 964 4508; x_wconf 88' lang='lat' dir='ltr'><strong>et</strong></span> <span class='ocrx_word' id='word_1_375' title='bbox 982 4441 1120 4529; x_wconf 85' lang='lat' dir='ltr'><strong>quotquot</strong></span> <span class='ocrx_word' id='word_1_376' title='bbox 1140 4453 1258 4517; x_wconf 88' lang='lat' dir='ltr'><strong>fueruat</strong></span> <span class='ocrx_word' id='word_1_377' title='bbox 1276 4452 1380 4514; x_wconf 82' lang='lat' dir='ltr'><strong>divino</strong></span> 
     </span>
    </p>
   </div>
   <div class='ocr_carea' id='block_1_5' title="bbox 0 0 1480 5134">
    <p class='ocr_par' dir='ltr' id='par_1_5' title="bbox 0 0 1480 5134">
     <span class='ocr_line' id='line_1_38' title="bbox 0 0 1480 5134; baseline 0 2"><span class='ocrx_word' id='word_1_378' title='bbox 0 0 1480 5134; x_wconf 95' lang='lat' dir='ltr'><strong> </strong></span> 
     </span>
    </p>
   </div>
  </div>
 </body>
</html>
