2908 5114
675 285 735 348 329

79 445 135 509 καὶ
161 439 314 526 εἰώθαμεν
339 439 444 528 λέγειν,
470 435 516 508 δτι
546 440 565 508 o'
592 442 777 532 δημιουργδς
798 442 1014 530 ἔκανέρουτοῦ
1033 440 1153 522 σκεύους
1173 437 1251 530 πρός
1270 435 1326 527 τῆν

79 545 194 611 ἰδέαν
220 542 338 629 βλέπων
363 542 443 610 οὕτω
470 552 562 624 ποιεῖς
591 543 610 610 o‘
630 546 687 629 μὲν
707 545 762 625 τας
782 547 894 626 κλίνας,
918 545 936 612 ὁ
958 548 994 612 δὲ
1015 546 1069 626 τοίς
1090 545 1255 630 τραπέζας,
1278 539 1326 622 αἷς

79 647 177 735 ἡμεῖς
196 644 351 734 χρώμεθα
372 649 425 712 καὶ
441 644 535 713 τᾶλλα
556 647 630 713 nurci
652 645 761 714 ταυτα·
783 647 820 714 oi
840 646 897 736 γάρ
919 675 977 714 που
998 647 1055 736 τήν
1074 675 1105 734 γε
1127 647 1211 714 ἰδέαν
1232 645 1327 734 αὐτήν

81 755 271 836 δημιουργεῖ
300 747 396 828 ου’δεὶς
430 753 492 815 τῶν
524 752 734 836 δημιουργῶν·
770 753 835 830 πῶς
868 749 939 838 yolo·
968 802 1001 812 -
1031 751 1200 835 Οὐδαμῶς·
1227 757 1326 815 dicero

79 859 237 931 solamur,
268 857 420 934 artificem
449 865 612 936 utriusque
639 865 689 916 rei
717 860 818 918 ideam
842 867 1030 934 intuentem,
1060 866 1104 918 sic
1115 861 1227 935 fucare
1246 857 1326 916 bunc

80 958 199 1027 lectos,
230 954 320 1012 illum
349 976 481 1030 moneat,
513 958 621 1034 quibui
649 978 701 1015 noa
720 964 857 1033 utimur,
879 968 909 1016 ot
927 967 1048 1016 coetero
1069 959 1235 1016 similiter:
1255 977 1328 1013 nom

79 1063 189 1132 aptam
215 1054 334 1129 quidem
362 1055 461 1118 ideam
478 1056 584 1114 nullut
594 1057 740 1132 fabricat
760 1059 899 1132 ortisen:
921 1078 977 1134 quo
996 1064 1077 1114 enim
1095 1057 1176 1114 modo
1193 1055 1227 1113 id
1238 1057 1327 1131 saco·

79 1151 165 1210 rot?
179 1191 213 1202 -
245 1148 373 1212 Nullo.»
418 1151 485 1211 Hae
503 1174 610 1212 rerum
619 1142 744 1229 formica
755 1199 763 1229 ,
786 1167 818 1213 ut
837 1153 985 1213 Ciceronis
1005 1153 1104 1214 verbis
1125 1167 1207 1229 utar,
1229 1153 1327 1232 uppal-

52 1237 56 1242 Ι
81 1253 136 1312 lat
167 1242 249 1322 ἷδὲας
275 1249 329 1307 ille
357 1272 415 1309 non
441 1253 637 1332 intelligendi
664 1253 779 1327 colum,
799 1252 851 1310 aad
868 1259 962 1310 otium
980 1253 1102 1312 dicendi
1121 1257 1328 1332 ἕνονίοοὶαιαο

80 1362 199 1410 auctor
226 1358 257 1408 ot
285 1355 454 1428 magister,
483 1347 585 1410 Pluto.
608 1347 637 1429 l)
678 1351 736 1409 Nec
766 1369 834 1409 vero
861 1362 966 1409 temere
994 1349 1064 1408 ille:
1098 1369 1165 1407 uam
1194 1361 1328 1408 naturam

81 1447 231 1530 expressit
255 1445 311 1505 hoc
339 1445 499 1522 vocabulo,
530 1461 562 1507 ut
590 1448 725 1529 linguae,
757 1461 853 1507 nostra
882 1461 958 1508 certe
984 1447 1121 1528 Belgica,
1152 1445 1273 1523 docent,
1294 1447 1327 1506 in

81 1547 197 1628 quibus
215 1543 284 1603 illae
304 1543 437 1604 notiones
460 1547 535 1604 dan
547 1549 567 1604 lc
577 1547 592 1605 l
603 1548 665 1605 ool
673 1549 718 1606 da
729 1569 764 1622 n,
778 1548 903 1622 formae
923 1567 972 1605 seu
992 1553 1143 1626 imagines
1156 1546 1327 1626 cogitandi,
1367 1538 1370 1542 ¹

82 1645 145 1704 hae
175 1643 466 1718 voorboeldon,
494 1652 645 1725 imaginat
678 1666 755 1723 quoe
782 1647 931 1705 imitando
960 1652 1195 1722 exprimuntur,
1227 1643 1326 1704 vocari

83 1743 196 1804 solent.
229 1733 351 1813 Τόπους
371 1743 441 1800 item
459 1742 588 1824 appellat
606 1741 732 1828 subinde
749 1742 832 1802 Plato
847 1743 902 1804 hoo
922 1743 1046 1802 alterum
1065 1741 1218 1802 notionum
1236 1761 1327 1822 genus

83 1841 108 1901 i.
132 1861 161 1900 e.
172 1843 298 1918 sannas
308 1887 317 1916 ‚
337 1847 506 1922 imagines,
528 1839 616 1901 ducti
642 1840 810 1921 metaphorl
831 1862 849 1899 a
866 1841 973 1921 siguis,
985 1838 1116 1920 ’quorum
1132 1840 1273 1921 imagines
1292 1840 1326 1898 in

84 1959 158 1998 cera
185 1940 399 2021 exprimuntur.
427 1935 459 2017 2)
509 1937 631 1998 Easdem
650 1937 752 1998 'autem
781 1937 867 1998 hasce
896 1959 993 1997 rerum
1019 1938 1140 2014 formas,
1171 1950 1203 1997 ut
1231 1937 1326 2018 pergit

85 2035 193 2096 eodem
224 2037 288 2098 loco
316 2037 435 2113 Cicero,
458 2044 550 2117 gigni
568 2047 661 2118 negot
679 2035 780 2113 Plato,
801 2047 832 2095 at
851 2045 898 2094 uit
917 2057 1034 2114 comper
1051 2057 1112 2095 esee
1122 2081 1131 2112 ,
1153 2043 1326 2094 curatione

85 2143 120 2192 et
150 2136 359 2216 intelligentia
385 2142 557 2193 contineri:
587 2143 708 2193 coetero
737 2142 841 2209 νιονοί,
861 2135 1012 2209 occidere,
1025 2135 1149 2210 flucre,
1171 2135 1233 2192 lobi
1243 2178 1252 2208 ,
1273 2155 1326 2192 noc

84 2234 211 2292 diutius
235 2236 296 2292 eise
326 2255 385 2292 uno
415 2242 445 2290 et
472 2233 568 2291 eodem
596 2241 691 2292 statu.
714 2230 746 2313 3)
787 2229 906 2292 Scilicet
931 2251 964 2292 eo
982 2233 1108 2313 pertinet
1126 2232 1250 2290 maxime
1267 2243 1327 2291 tota

84 2329 218 2390 Platonis
248 2329 285 2390 de
312 2330 386 2390 ideis
414 2329 567 2405 doctrina,
599 2343 631 2389 ut
660 2331 692 2390 in
719 2330 774 2390 hae
804 2350 901 2389 rerum
938 2329 1068 2390 omnium
1097 2343 1126 2388 et
1155 2329 1327 2410 opinionum

86 2427 279 2488 fluctuatione
308 2426 447 2504 haberet,
477 2427 556 2508 quod
583 2441 693 2488 certum
719 2440 791 2488 esset
811 2449 864 2487 nec
884 2428 1038 2486 mutationi
1059 2425 1229 2487 obnoxium.
1272 2429 1328 2486 Res

84 2547 218 2606 magnae
237 2547 309 2605 quae
327 2526 368 2585 ita
384 2523 525 2585 dicuntur
544 2526 594 2587 ubi
615 2547 682 2586 cum
699 2527 799 2607 parvis
818 2538 1038 2606 comparantur,
1052 2526 1156 2585 sicum
1170 2513 1328 2604 majoribus

86 2636 312 2705 comparantur,
339 2645 454 2701 paruae
484 2637 643 2705 apparent:
674 2623 809 2683 similiter
833 2622 948 2701 negotia
976 2622 1095 2702 pulcra,
1127 2622 1204 2681 bona
1215 2667 1224 2697 ‚
1247 2624 1326 2700 justa

86 2742 164 2802 quae
193 2721 416 2796 existimantur,
443 2715 509 2780 aliis
529 2720 707 2802 temporibus
728 2721 855 2798 locisque
873 2733 977 2794 taetra,
998 2705 1092 2794 diala,
1114 2719 1222 2798 injusta
1240 2739 1327 2800 appa·

85 2831 165 2878 rent.
188 2816 219 2899 b)
259 2819 339 2894 Quae
359 2819 470 2878 incerta
490 2831 518 2879 et
536 2819 680 2880 contraria
699 2819 736 2880 de
756 2817 842 2877 rebus
858 2815 971 2896 judicia
998 2814 1204 2898 adspectabilis
1224 2816 1328 2876 mundi

87 2915 254 2978 conditioni
283 2916 431 2978 tribuebat
456 2918 556 2994 Plato,
585 2919 618 2978 in
647 2939 705 2998 quo
732 2916 864 2977 sensibus
896 2915 982 2974 unice
1007 2915 1093 2975 homo
1113 2915 1202 2975 fidem
1220 2914 1327 2992 hahet,

86 3014 244 3075 fallacibus
274 3015 401 3076 nunciis.
443 3016 644 3099 Quapropter,
674 3036 712 3075 ne
742 3014 841 3095 decipi
872 3034 924 3073 nos
944 3026 1108 3094 pateremur
1128 3012 1209 3072 salsis
1227 3015 1327 3094 imagi·

87 3111 196 3188 nibus,
226 3111 306 3172 ideas
334 3134 387 3172 nos
413 3113 521 3173 intueri
537 3115 624 3193 jussit
642 3116 675 3174 in
692 3113 803 3175 mundo
823 3109 922 3198 νοητῷ
941 3111 961 3173 i.
984 3132 1008 3171 e.
1030 3112 1125 3192 ipsum
1148 3111 1226 3172 illud
1248 3109 1327 3192 quod

86 3232 252 3292 magnum,
281 3209 360 3290 quod
387 3214 530 3289 aequale,
562 3211 640 3291 quod
665 3216 809 3294 pulcrum
828 3228 879 3274 est.
921 3213 999 3272 Haec
1020 3223 1140 3269 aeterna
1160 3223 1245 3286 sunt,
1266 3210 1327 3285 ait,

88 3322 117 3370 et
145 3307 357 3367 immutabilia:
378 3324 490 3369 caetera
519 3326 699 3389 nascuntur,
719 3312 877 3389 occidunt,
898 3311 1014 3385 fluunt,
1035 3308 1185 3369 labuntur.
1231 3308 1324 3369 Vari-

87 3416 183 3466 totem
212 3407 302 3487 igitur
332 3409 474 3488 spectavit
503 3410 604 3488 Plato,
634 3432 724 3491 quum
751 3411 789 3472 de
819 3410 893 3472 ideis
921 3408 1185 3492 philosopharetur.
1238 3407 1327 3468 ldeae

87 3504 167 3586 apud
195 3525 262 3564 eum
294 3498 333 3565 coi
364 3497 437 3566 ὄντα
471 3521 558 3585 sunt,
588 3530 660 3588 quae
691 3520 779 3588 eunt,
800 3532 861 3572 non
889 3510 1035 3568 ridentur
1063 3527 1132 3566 esse.
1174 3506 1327 3576 Cernimus

87 3617 202 3678 autem,
229 3625 289 3665 non
316 3620 431 3667 tantum
458 3608 535 3668 hano
564 3606 728 3668 doctrinam
745 3631 810 3670 cum
826 3612 905 3688 justo
924 3607 1161 3685 disciplinarum
1179 3603 1327 3685 proposito

87 3702 261 3779 convenire,
283 3724 405 3782 quarum
424 3693 480 3782 est,
502 3720 535 3766 ut
552 3705 702 3768 adrerum
716 3709 882 3783 scientiam,
904 3705 942 3766 ad
960 3699 999 3765 coi
1021 3695 1093 3764 ὄντα
1114 3723 1166 3762 nos
1182 3700 1325 3778 educant;

89 3799 141 3859 sed
170 3799 293 3861 eandem
320 3805 407 3864 etiam
429 3804 467 3864 ad
486 3815 570 3864 artas
588 3818 665 3866 recte
683 3806 850 3868 tractandas
870 3809 957 3868 unice
975 3827 1033 3866 esse
1054 3818 1149 3885 aptam
1170 3815 1198 3863 et
1216 3819 1326 3860 accom-

88 3897 241 3960 modatam.
294 3902 442 3963 Ciceronis
470 3903 507 3964 de
537 3901 659 3964 Phidiae
686 3906 777 3987 signis
810 3907 982 3967 sententiam
1012 3924 1098 3985 supra
1125 3901 1327 3983 apposuimus,

122 4191 148 4258 1)
168 4193 219 4246 cic.
238 4195 309 4248 Orot-
329 4213 351 4248 c.
369 4194 395 4248 ³.

121 4275 148 4342 2)
166 4280 197 4330 V.
217 4297 237 4332 c.
258 4284 288 4334 de
306 4283 368 4352 κιρ.
387 4284 433 4332 111.
453 4281 512 4336 396.
536 4284 566 4337 ll.

122 4363 149 4429 ³)
168 4365 220 4418 cic.
238 4367 256 4419 l.
275 4367 293 4420 l.

120 4448 148 4515 l)
166 4449 224 4505 Vid.
242 4453 336 4508 rna.
354 4451 413 4504 102.
432 4453 464 4508 Α.
483 4453 513 4506 B.
