2950 5134
365 711 555 750 nxcnnnrrt'rts
573 712 681 750 mortun
700 707 920 759 nocrnrrtartotnt
941 709 1009 748 vmo

183 889 662 1085 rurorrrco
727 925 1179 1084 cruuznro

608 1301 628 1338 S.
672 1301 695 1336 P.
739 1301 784 1336 m·

381 1532 486 1594 PHIL.
533 1531 642 1596 curt.
690 1531 773 1598 viu
818 1529 985 1594 uorsus.
1053 1497 1055 1500 ’

584 1749 588 1756 ι

578 1761 783 1769 ———-

119 1988 184 2046 Cum
200 2004 404 2066 saepenumero
423 1997 451 2043 te
468 1985 605 2064 cogitavi,
626 1984 866 2066 praestantissime
877 1985 1032 2059 Creuzere,
1052 2002 1155 2062 exquo
1172 1981 1296 2042 Heidel-

86 2095 173 2180 lrergae
200 2121 216 2158 a
235 2113 264 2159 te
283 2099 400 2157 discessi
419 2113 485 2158 ante
505 2099 559 2158 hoc
576 2099 755 2175 triennium3
776 2112 837 2158 tum
865 2118 1013 2177 nunquam
1038 2096 1165 2156 crebrius
1189 2096 1297 2156 luben-

84 2213 201 2291 tiorque,
220 2234 308 2293 quarn
326 2234 378 2295 per
397 2235 479 2272 omne
497 2227 626 2294 tempus,
648 2235 704 2294 quo
717 2213 963 2294 haecxconscripsi
975 2213 1176 2290 philosophiae
1193 2212 1295 2271 Plato·

89 2333 163 2386 nicae
178 2337 280 2388 initia.
307 2329 379 2387 Nam
398 2327 512 2387 Platoni
531 2303 682 2387 adhibens⁴
691 2331 796 2410 scripta
815 2344 864 2389 tua
883 2328 1047 2410 praeclara,
1069 2329 1116 2387 cui
1137 2327 1211 2387 lucis
1227 2329 1297 2388 affe-

90 2457 146 2502 runt
160 2466 242 2524 quam
261 2443 436 2526 plurimum,
447 2445 574 2525 ipsorum
593 2459 693 2526 sponte
712 2458 854 2503 auctorem
873 2458 967 2504 mente
987 2443 1058 2502 mihi
1078 2458 1106 2502 et
1124 2444 1297 2524 cogitatione

86 2559 327 2638 repraesentabam.
354 2559 391 2619 Et
406 2559 620 2619 instaurabatur
636 2559 708 2617 mihi
723 2558 809 2617 simul
819 2579 981 2618 sermonum
990 2556 1148 2618 recordatio
1157 2560 1296 2620 suavissi-

87 2693 207 2748 nomm,
222 2696 292 2752 quos
307 2673 344 2734 dc
353 2673 472 2733 Platone
487 2687 514 2732 et
527 2686 611 2732 antea
624 2672 813 2762 habueramus
828 2686 855 2732 et
865 2687 927 2733 tum
936 2674 1146 2734 renovavimus.
1168 2675 1298 2749 Quorum

22 2849 23 2852 Ἴ
84 2785 144 2847 haec
163 2789 281 2848 fereris
299 2788 378 2870 apud
393 2810 437 2848 me
452 2789 527 2863 fuit,
549 2801 580 2847 ut
591 2788 751 2849 doctrinam
764 2789 935 2871 suspicerem
949 2802 1027 2847 tuam
1032 2834 1041 2864 ,
1052 2789 1197 2849 infinitam
1215 2763 1297 2849 ill⁰ain

82 2915 107 2962 et
119 2903 313 2979 reconditam,
328 2903 449 2962 colerem
468 2919 562 2964 autem
581 2905 709 2963 animum
726 2916 808 2960 tuum
820 2903 962 2984 probum,
976 2903 1138 2984 integrum,
1152 2919 1297 2984 apertum,

80 3031 139 3077 tum
156 3041 222 3080 vero
240 3040 363 3079 amarem
382 3034 410 3080 te
429 3034 545 3101 propter
564 3039 742 3079 communem
760 3032 888 3077 nostrum
906 3018 1034 3078 Platonis
1052 3039 1182 3078 amorem.
1222 3022 1295 3080 Nam

79 3133 103 3192 si
126 3135 188 3212 quis
211 3135 286 3192 alius
310 3155 346 3192 ex
369 3135 540 3214 antiquitate
563 3135 702 3216 scriptor,
723 3132 804 3192 Plato
827 3154 894 3192 sane
913 3133 1013 3214 jungit
1037 3133 1164 3209 animos,
1188 3136 1295 3216 quippe

80 3247 201 3308 studium
226 3249 356 3306 excitans
378 3249 512 3324 virtutis,
534 3267 589 3328 quo
617 3246 784 3328 copulamur
807 3248 963 3308 facillime:
995 3248 1053 3306 imo
1081 3249 1214 3308 incendit
1242 3272 1294 3309 nos
1360 3268 1363 3273 ·

81 3365 238 3425 vehementi
256 3362 379 3443 quodam
396 3364 492 3444 pulcri
514 3364 641 3444 bonique
668 3383 779 3438 amore,
806 3373 838 3422 ut
856 3384 913 3422 una
932 3384 997 3422 cum
1026 3363 1132 3424 virtute
1154 3378 1182 3424 et
1201 3365 1295 3445 ipsum

85 3476 230 3560 diligamus
244 3477 446 3560 philosophum
463 3493 491 3538 et
504 3479 670 3560 quicunque
683 3499 749 3537 curn
763 3478 847 3539 illurn
856 3493 916 3538 tum
927 3481 1063 3541 virtutem
1073 3479 1209 3561 diligunt.
1231 3482 1295 3556 Quo

81 3592 193 3670 factum,
212 3606 246 3652 ut
260 3614 341 3652 carus
366 3593 449 3653 nobis
464 3595 496 3654 in
511 3595 612 3676 primis
638 3608 710 3654 esset
732 3595 1033 3675 Wyttenbachius
1054 3589 1072 3656 o‘
1094 3591 1293 3678 φιλοπλάτωνε

78 3731 155 3788 qoem
172 3727 208 3772 tu
230 3709 344 3768 coluisti
363 3687 545 3769 uranicum
565 3709 847 3788 conjunctissimum,
868 3731 918 3791 ego
941 3732 1009 3774 vero
1039 3728 1071 3774 ut
1104 3715 1248 3776 doctorem
1268 3731 1296 3776 et

80 3823 195 3886 alterum
226 3826 307 3904 quasi
319 3838 467 3906 parentem
484 3840 512 3885 et
533 3825 611 3884 colui
631 3838 658 3885 et
673 3839 825 3887 veneratus
842 3846 913 3886 sum.
952 3828 1027 3886 Nam
1042 3831 1147 3908 quidni
1166 3808 1227 3892 hoc
1240 3829 1296 3892 no-¹

75 3942 149 4001 mine
169 3941 259 4001 illurn
278 3961 393 4015 vocem,
415 3941 462 3998 cui
483 3962 587 4001 novam
606 3941 697 4000 veluti
715 3942 804 4003 vitam
825 3941 939 4001 debui?
960 3943 996 4003 Et
1020 3916 1099 4026 apud
1117 3927 1161 4006 me
1179 3947 1296 4028 quidem

75 4057 133 4134 ejus
156 4056 296 4114 memoria
322 4057 451 4136 proxime
471 4068 512 4115 est
532 4077 596 4116 curn
624 4055 750 4115 Platonis
773 4078 866 4116 amore
889 4060 1060 4137 conjuncta,
1080 4063 1187 4143 quippe
1211 4085 1295 4142 quem

75 4172 234 4244 excitavit,
253 4183 328 4228 certe
347 4169 419 4229 aluit
433 4169 554 4229 mirifice
568 4183 595 4228 et
608 4169 796 4232 confirmavit.
827 4172 1016 4246 Quamobrem
1035 4176 1113 4255 quod
1127 4175 1164 4236 de
1182 4177 1295 4238 Socrate

73 4283 211 4359 Phaedo,¹
235 4282 311 4343 idem
339 4305 389 4365 ego
404 4284 440 4343 de
459 4284 513 4344 hoc
533 4305 595 4344 meo
613 4283 726 4344 Socrate
741 4284 844 4345 lubens
861 4286 1013 4366 profiteor,
1035 4289 1071 4349 de
1088 4312 1121 4370 eo
1134 4292 1182 4351 vel
1201 4293 1294 4373 ipsum

73 4397 174 4479 loqui,
200 4399 248 4460 vel
274 4399 344 4459 alios
367 4399 467 4459 audire
499 4399 663 4478 loquentes,
683 4399 765 4480 longe
784 4400 856 4460 mihi
870 4403 1112 4481 jucundissimum
1130 4429 1197 4468 esse.
1236 4411 1293 4468 Nec

21 4543 22 4548 κ
73 4513 147 4588 tibi,
183 4533 282 4592 spero,
306 4513 499 4592 injucundum
524 4516 604 4588 erit‚'
631 4516 677 4574 vir
706 4516 887 4591 amicissime,
916 4516 952 4577 de
971 4524 1114 4582 communi
1137 4525 1228 4583 amico
1250 4546 1294 4583 me
1365 4537 1369 4548 ¹

1023 4636 1035 4692 l
