2908 5114
726 261 786 323 aaa
827 228 852 246 ''

139 455 177 492 an
209 453 278 493 vero
305 430 408 506 malle,
439 425 518 508 quod
549 424 628 508 apud
654 426 810 486 Homerum
839 424 877 484 de
907 443 936 482 se
966 425 1007 482 ait
1035 423 1186 500 Achilles,
1212 413 1365 504 ἐπάρουρον

139 526 229 592 irino
258 532 288 613 1)
312 591 315 599 ,

705 669 740 680 ..
762 619 929 706 θητευέμεν
949 617 1030 709 ἄλλῷ

430 725 520 810 ἀνδρὶ
540 723 612 812 παρ’
628 719 759 812 α’νλήρῳ.

31 857 41 872 “
138 846 172 896 in
200 835 407 914 superioribus
435 840 531 892 terrie
554 839 703 910 pauperie
731 831 863 888 bominis
893 835 1082 905 mancipium
1111 851 1191 905 erre,
1213 841 1241 890 et
1259 830 1367 910 quidvis

138 934 199 1016 pati
228 931 331 1007 aliud,
363 950 448 1008 quam
475 930 539 990 istis
566 929 656 990 illudi
686 926 878 1010 opinionibus
898 939 926 984 et
945 925 1001 984 isto
1018 923 1105 986 modo
1122 928 1247 987 rivere?
1266 970 1301 980 -
1327 929 1367 988 sie

139 1031 274 1112 equidem
303 1029 409 1108 opinor
433 1026 552 1104 quidvis
582 1047 649 1087 eum
675 1044 878 1109 perpessurum
896 1035 960 1082 'esse
979 1024 1093 1104 potius,
1115 1044 1203 1102 quam
1222 1024 1262 1082 ita
1281 1027 1368 1085 victu-

140 1151 215 1188 rum.
235 1169 267 1178 -
299 1127 375 1186 Tum
402 1124 455 1184 hoc
485 1123 637 1185 considera
666 1126 752 1184 item:
775 1123 798 1182 si
819 1141 919 1180 rursus
938 1120 990 1180 ille
1007 1119 1107 1180 eodem
1126 1121 1324 1198 descendens,
1343 1125 1368 1182 in

143 1225 267 1286 eandem
302 1245 331 1283 se
362 1221 460 1281 denuo
497 1221 594 1280 sedem
628 1221 813 1294 demitteret,
844 1239 943 1279 nonne
978 1217 1104 1298 caligine
1133 1219 1254 1280 haberet
1283 1221 1370 1280 oculos
1440 1225 1441 1262 i

141 1324 283 1405 repletos,
303 1321 413 1401 quippe
432 1318 517 1378 modo
534 1318 593 1378 buc
615 1341 631 1378 a
651 1319 711 1378 sole
732 1317 874 1377 delatus?
893 1357 928 1367 -
949 1317 1088 1395 Perquam
1108 1337 1186 1377 sane.
1201 1356 1238 1367 —-
1256 1317 1371 1378 Umbras

142 1435 236 1482 autern
256 1420 325 1478 istas
344 1419 368 1476 si
390 1437 490 1476 rursus
508 1414 628 1476 deberet
647 1414 833 1494 conjiciendo
856 1414 1017 1494 dijudicare
1035 1429 1064 1475 et
1083 1428 1192 1474 certare
1210 1416 1258 1476 his
1277 1414 1371 1475 studiis

141 1539 208 1580 cum
238 1517 317 1593 illis,
349 1515 400 1594 qui
420 1527 560 1595 perpetuo
580 1513 746 1574 manserant
764 1511 894 1592 pinculis
913 1511 1079 1586 constricti,
1102 1533 1201 1572 nonne
1212 1559 1222 1588 ‚
1243 1513 1372 1594 quamdiu

142 1616 298 1676 caecutiret
324 1615 492 1695 priusquam
518 1612 717 1671 constitissent
744 1610 824 1670 oculi
841 1652 877 1662 -
895 1625 1010 1690 tempus
1031 1624 1128 1669 autem
1147 1610 1185 1670 ad
1206 1611 1372 1671 contrahen·
1441 1617 1442 1624 ’

144 1715 211 1774 dam
239 1733 305 1771 oum
331 1721 482 1791 praesente
506 1708 678 1770 conditione
706 1709 948 1769 consuetudinem
975 1729 1035 1767 non
1066 1708 1107 1768 ita
1133 1707 1222 1768 breve
1252 1723 1373 1768 esset-

144 1829 263 1885 nonne,
294 1809 432 1886 inquam,
461 1807 574 1866 tamdiu
594 1808 683 1865 risum
702 1819 830 1866 moveret
849 1804 910 1865 illis
934 1803 1115 1884 ideqtidem‚
1136 1804 1323 1884 dicerentque
1341 1804 1374 1864 de

144 1929 177 1968 eo
196 1906 264 1981 illi,
285 1904 448 1964 escendisse
468 1903 548 1964 buno
569 1924 701 1978 sursum,
723 1904 868 1983 corruptis
886 1921 956 1963 vero
976 1902 1070 1962 oeulis
1078 1902 1210 1962 rediisse:
1232 1917 1374 1984 propterea

143 2003 299 2063 escendere
320 2023 358 2061 ne
377 2002 425 2063 vel
443 2001 543 2061 conari
563 1999 683 2081 quidem
703 1999 820 2075 decere,
841 2013 870 2060 et
889 2001 913 2059 si
932 2001 997 2079 quis
1015 2001 1093 2081 ipsos
1111 1999 1237 2059 liberare
1256 1999 1376 2061 vinculis
1442 2039 1443 2048 ι

146 2115 231 2181 atque
259 2097 381 2160 'educere
408 2113 534 2161 tentaret
563 2119 696 2172 sursum,
727 2098 826 2173 hunc,
855 2095 991 2157 manibus
1019 2096 1105 2157 modo
1128 2117 1231 2178 capere
1247 2111 1376 2178 possent,

147 2195 341 2257 occidendum
370 2195 452 2254 esse?
472 2233 508 2243 -
543 2193 748 2255 occidendum
772 2193 889 2270 hercle,
918 2197 1005 2255 etiam
1033 2209 1118 2274 atque
1147 2196 1236 2255 etiam
1261 2209 1377 2256 conten·

147 2294 287 2355 detentat
312 2291 345 2373 2)
1443 2369 1444 2376 ¹

188 2389 268 2464 Quid
297 2407 411 2448 caussae
442 2388 475 2447 in
504 2389 607 2468 primis
625 2389 682 2464 sit,
700 2401 736 2448 ut
755 2409 820 2448 raro
840 2389 872 2448 in
890 2389 1041 2450 bominum
1061 2409 1164 2470 genere
1183 2389 1309 2468 germani
1327 2411 1377 2470 ap-

148 2487 299 2569 paruerint
328 2483 516 2566 philosophi,
538 2485 704 2566 iidemque,
725 2487 749 2545 si
773 2500 947 2567 apparerent
961 2485 1107 2561 subinde,
1129 2487 1250 2569 pessime
1267 2488 1325 2546 fere
1344 2487 1378 2546 ab

149 2583 317 2642 hominibus
344 2581 437 2641 babiti
464 2582 544 2657 sint,
575 2581 622 2642 bis
646 2583 794 2665 explicare
813 2583 896 2642 Plato
915 2583 1020 2647 voluit.
1061 2583 1120 2644 Sed
1140 2584 1299 2644 nobishoc
1318 2585 1378 2644 loco

150 2682 294 2755 maxime,
324 2680 420 2758 qualis
448 2678 527 2761 apud
546 2700 612 2738 eum
629 2682 758 2742 mundus
780 2673 905 2760 δρατδς,
926 2681 1022 2760 qualis
1038 2682 1108 2741 item
1127 2669 1234 2762 νοητδς
1253 2685 1307 2759 sit,
1328 2703 1379 2742 ex·
1444 2677 1445 2680 ¹

150 2777 332 2860 quirendum.
357 2791 409 2837 est.
452 2777 499 2836 Ex
525 2777 587 2838 illis
616 2776 650 2837 id
678 2777 806 2839 efficitur
824 2783 982 2855 continuo,
1003 2801 1076 2861 quae
1095 2784 1227 2863 proxime
1246 2781 1380 2862 deinceps

148 2876 278 2935 Socrates
305 2873 343 2934 de
369 2873 539 2935 adhibenda
567 2876 682 2954 utrique
707 2876 818 2937 mundo
838 2879 963 2959 imagine
976 2880 1032 2939 ait.
1078 2881 1187 2940 «Hanc
1208 2882 1296 2962 igitur
1312 2881 1379 2941 ima·

150 2975 265 3054 ginem,
296 2973 413 3052 inquit,
445 2960 613 3032 auarissimo
649 2972 781 3050 Glauco,
812 2990 900 3036 totam
927 2977 1035 3036 referre
1065 2978 1102 3037 ad
1132 2999 1184 3055 ea,
1214 3000 1287 3057 quae
1315 2991 1380 3038 ante

150 3070 298 3146 diximus,
319 3083 449 3151 oportet:
471 3062 527 3150 τη“ν
548 3066 605 3148 μὲν
626 3066 664 3131 δι’
685 3064 787 3148 ὅψεως
809 3067 990 3155 φαινομένην
1015 3071 1108 3156 ἕδραν
1127 3075 1169 3162 τῇ
1189 3074 1244 3138 τοῦ
1264 3075 1380 3154 διαμοι-

149 3167 255 3250 τηρίου
287 3161 396 3249 οἰκήσει
429 3163 647 3250 ἀφομοιοῦντα,
679 3167 715 3234 τδ
747 3171 783 3235 δὲ
814 3175 870 3236 τοῦ
893 3170 987 3258 copie
1006 3174 1044 3237 ’ἓν
1069 3171 1148 3263 αὐτῇ
1174 3177 1242 3260 φῶς
1263 3178 1304 3264 τῇ
1329 3175 1381 3239 τοῦ

148 3263 235 3351 ἡλίου
262 3263 398 3348 δυνάμει·
426 3275 592 3351 mundum,
625 3284 678 3353 qui
701 3299 762 3354 par
788 3279 886 3337 oculor
902 3275 1043 3358 ¹apparot
1069 3281 1171 3354 nobie,
1201 3282 1379 3340 habitationi

150 3372 305 3431 bominum
333 3379 366 3430 νἰι
386 3393 508 3435 carcere
518 3417 527 3447 ,
549 3375 682 3452 quodque
702 3377 753 3433 otc
772 3377 858 3435 adeat
875 3383 957 3458 ignia
978 3378 1097 3450 lumen,
1118 3379 1190 3436 solie
1207 3379 1379 3457 efficacitati

148 3491 372 3548 comparamur:
397 3464 453 3550 τη“ν
479 3465 515 3529 δὲ
543 3464 606 3530 ἄνω
634 3465 777 3550 ἀνάβασιν
803 3472 852 3534 καὶ
879 3469 957 3535 θέαν
981 3473 1043 3534 τῷν
1069 3467 1150 3549 ἶν’νοι,
1180 3470 1237 3558 τη“ν
1262 3475 1303 3550 οἷς
1328 3469 1379 3538 τδν

145 3561 255 3650 νοητδν
282 3562 371 3636 τόπον
398 3569 453 3651 τῆς
479 3572 586 3654 ψυχῆς
613 3566 720 3633 ἄνοδον
747 3573 864 3649 τιθεὶς,
893 3570 951 3656 οὐχ
977 3563 1143 3657 ἁμαρτήοιι
1170 3576 1225 3658 τῆς
1250 3572 1278 3658 γ’
1305 3575 1379 3660 ἐμῆς

147 3668 282 3745 ἐλπίδος,
306 3665 410 3754 ἕποιδῷ
430 3665 542 3753 ταύτης
564 3671 723 3754 ἐπιθυμεῖς
745 3670 871 3737 α’νούοιν·
894 3669 970 3751 θιδς
992 3671 1029 3737 δέ
1048 3700 1105 3739 που
1126 3671 1206 3739 οἶδεν
1219 3679 1245 3740 εἰ
1260 3673 1378 3762 οἶληθης

147 3764 223 3832 οὖσα
244 3767 396 3854 τυγχάνει·
419 3767 457 3835 roi
479 3769 507 3834 δ
528 3767 581 3836 οὖν
603 3773 671 3855 ἐμοὶ
693 3772 859 3859 φαινόμενα
880 3771 958 3838 οὕτω
980 3775 1127 3859 φαίνεται·
1150 3777 1241 3866 ἐντῷ
1257 3781 1377 3868 γνωστῷ

146 3870 298 3936 τολουταιά
329 3869 351 3957 η’
380 3875 449 3936 τοῦ
481 3871 623 3960 α’γαθοῷ
656 3873 740 3940 ἰδέα
773 3877 834 3942 ταδ’
852 3873 943 3962 μόγις
973 3874 1126 3961 ὁρᾶσθαι,
1162 3876 1296 3965 ὀφθεῖσα
1326 3879 1375 3956 δὲ,

74 4039 77 4048 ,
146 3971 335 4056 συλλογιστέα
356 3972 428 4038 εἶναι
452 3974 493 4055 οἷς
514 3975 576 4063 ἄρα
597 3980 669 4042 πᾶσι
690 3977 811 4046 πάντων
832 3975 908 4066 αὕτη
931 3978 1038 4064 ὀρθῶν
1060 4006 1090 4046 τε
1111 3982 1161 4044 καὶ
1176 3986 1272 4048 καλῶν
1286 3983 1375 4058 αἰτία,

146 4073 179 4142 ἕν
205 4101 236 4142 τε
264 4072 368 4167 ὁρατῷ
393 4082 459 4164 φῶς
485 4081 535 4145 καὶ
559 4077 612 4146 τδν
638 4078 745 4166 τούτου
770 4078 871 4168 κύριον
896 4085 1039 4160 τεκοῦσα,
1067 4080 1099 4148 ἔν
1123 4109 1156 4149 τε
1182 4085 1280 4174 νοητῷ
1303 4079 1375 4166 αὕτη

180 4316 206 4380 1)
226 4320 311 4384 οηο.
334 4303 360 4371 λ’
380 4336 421 4372 va.
442 4317 500 4373 aes.
519 4321 576 4373 vra.
599 4323 655 4374 aa.
677 4324 710 4375 aa
727 4325 758 4375 α
774 4325 834 4392 οφ.
857 4325 899 4376 ru.
921 4343 946 4392 ρ.
967 4324 1026 4377 rao.

178 4409 205 4475 ογ
224 4413 261 4464 οι
285 4414 345 4481 νη.
365 4414 418 4465 vu.
444 4415 501 4466 515.
523 4419 550 4465 r.
565 4445 600 4456 -
614 4418 673 4469 sn.
693 4418 725 4469 Α.
