2872 5122
581 1706 738 1772 vrttl
784 1706 1058 1775 AMORE.‘

211 2500 402 2562 Pulcerrimus
418 2513 459 2558 est
479 2519 546 2559 sane
566 2511 593 2558 et
611 2497 717 2578 dignus
730 2495 847 2557 Platone
864 2498 987 2559 Socratis
1007 2495 1059 2560 ille
1077 2500 1109 2558 in
1124 2517 1247 2558 amorem
1257 2501 1383 2582 hymnus,

168 2621 252 2680 quem
272 2597 529 2680 disceptationibus
547 2597 605 2656 suis
623 2597 810 2656 interioribus
825 2599 971 2679 praemisit
986 2612 1100 2658 auctor:
1121 2619 1173 2658 nos
1187 2615 1283 2660 autem
1302 2595 1382 2680 appel·

131 2691 135 2698 ⁶
167 2698 226 2757 lare
246 2697 445 2779 philosophiae
465 2697 628 2756 Platonicae
646 2696 768 2755 sublime
782 2705 967 2774 prooemium
986 2718 1045 2756 non
1065 2695 1273 2758 dubitavimus.
1299 2695 1327 2777 l)
1343 2699 1383 2754 lr-

167 2810 334 2875 gumentum
352 2795 455 2876 hymni
472 2793 551 2876 (uam
566 2797 651 2873 juvat
670 2793 828 2874 reminisci)
847 2795 987 2876 pristinus
1007 2809 1067 2855 erat
1088 2809 1116 2854 et
1135 2815 1271 2877 praesens
1290 2796 1383 2856 animo·

167 2915 230 2952 rum
258 2907 355 2954 status.
397 2895 482 2954 Beata
510 2893 708 2952 celebrabatur
735 2895 859 2953 Deorum
889 2894 1093 2954 immortalium
1121 2896 1200 2970 vita,
1228 2895 1297 2954 talis
1324 2893 1383 2964 illa,

166 2991 261 3072 qualis
280 3015 338 3053 una
365 3007 392 3052 et
410 2993 484 3053 Deos
503 2991 586 3052 decet
609 3006 637 3052 et
661 2992 720 3052 dici
743 2995 849 3051 divino
873 3007 983 3074 potest,
1002 3015 1073 3072 quae
1096 3015 1155 3053 non
1180 2983 1383 3074 voluptatibus,

166 3091 217 3150 sed
237 3090 383 3166 idearum,
404 3091 455 3151 sed
475 3091 565 3172 ipsius
589 3091 717 3152 veritatis
738 3091 979 3173 contemplatione
1006 3094 1143 3152 cernitur.
1185 3093 1311 3154 Divinae
1336 3091 1384 3148 hu·

161 3191 242 3268 jusce
262 3190 409 3249 felicitatis
427 3191 581 3272 participes
596 3189 683 3249 fuisse
702 3189 859 3270 aliquando
874 3189 962 3249 animi
976 3191 1095 3251 humani
1110 3191 1302 3251 dicebantur:
1322 3193 1384 3250 Deos

166 3287 198 3346 hi
218 3289 305 3347 secuti
324 3289 356 3347 in
374 3289 489 3348 coelesti
505 3289 628 3365 itinere,
648 3287 810 3369 spectaculo
830 3286 963 3348 delectati
978 3302 1046 3348 sunt
1060 3290 1187 3348 omnium
1205 3290 1382 3371 pulcerrimo,

166 3387 273 3467 quippe
289 3387 403 3468 pulcri,
423 3386 513 3462 boni,
532 3388 622 3466 justi,
643 3388 733 3446 saneti
754 3389 880 3469 perfecta
897 3387 997 3446 intuiti
1016 3386 1156 3468 exempla.
1169 3468 1171 3474 y
1184 3389 1269 3471 Lapsi
1287 3383 1383 3447 deinde

165 3485 337 3560 interram,
357 3487 397 3546 sie
417 3485 552 3565 pergebat
571 3485 717 3560 Socrates,
739 3485 848 3546 indutis
874 3483 1042 3567 corporibus
1065 3483 1160 3561 hisee,
1180 3487 1294 3547 beatam
1312 3486 1382 3545 illata

164 3583 350 3663 divinamque
376 3585 475 3644 vitam·
490 3605 554 3642 cum
582 3584 692 3662 abjecto
715 3585 769 3644 boc
793 3599 821 3644 et
848 3585 950 3645 misero
978 3598 1053 3644 statu
1081 3599 1316 3660 commutarunt,
1341 3593 1381 3653 ut,

164 3703 236 3760 quae
254 3704 331 3742 nunc
352 3695 447 3741 nostra
466 3681 593 3743 conditio
613 3698 673 3758 est,
695 3704 746 3764 pro
766 3684 884 3743 veritate
909 3682 994 3742 falsas
1018 3683 1158 3763 imagines
1183 3685 1382 3766 amplecteren-

163 3793 212 3838 tur
240 3802 443 3860 coecorumque
471 3781 561 3840 instar
590 3782 764 3849 oberrarent.
807 3782 934 3855 Verum,
955 3784 1085 3861 quamvis
1113 3782 1239 3842 exclusis
1268 3783 1380 3856 Deorum
1421 3769 1422 3840 l

163 3877 268 3951 choro,
290 3894 415 3959 superest
434 3894 530 3938 tamen
550 3879 634 3940 nobis
653 3901 767 3954 eorum,
788 3900 860 3958 quae
879 3893 939 3938 tum
959 3879 1160 3962 adspeximus,
1180 3877 1381 3940 reminiscentia

164 3976 322 4055 quaedam,
337 3978 416 4038 'levis
436 3979 487 4038 illa
504 3978 622 4058 quidem
642 3993 669 4037 et
690 3978 878 4059 perobscura,
900 3976 949 4066 sed
968 3980 1179 4040 reminiscentia
1197 3995 1310 4040 tamen:
1332 3995 1380 4055 qua

163 4075 215 4150 frt,
238 4090 268 4134 ut
286 4078 406 4137 facultas
425 4079 534 4136 homini
555 4079 591 4136 sit
610 4098 675 4136 cum
689 4079 750 4138 veri
766 4078 956 4152 inveniendi,
976 4091 1036 4136 tum
1055 4078 1257 4160 percipiendae
1275 4077 1379 4160 denuo,

161 4195 247 4254 quam
271 4190 330 4234 tum
351 4179 495 4257 percepit,
520 4176 685 4235 felicitatis:
708 4175 793 4235 modo
812 4177 978 4236 instituatur
1002 4177 1074 4251 rite,
1095 4176 1173 4256 quod
1192 4173 1379 4259 philosophiae

162 4295 266 4332 munus
285 4289 334 4334 est.
357 4274 413 4334 Sed
431 4275 539 4356 hymno
557 4274 704 4336 recitando
723 4275 849 4334 Socrates
868 4297 997 4335 amorem
1015 4274 1210 4340 celebraverat
1227 4277 1260 4335 in
1278 4270 1378 4356 primis·

160 4415 314 4422 .-.-—-..-—
331 4416 410 4421 ..--.-..
418 4417 422 4420 .
437 4417 458 4422 .,,

193 4483 219 4549 1)
237 4487 319 4537 latitia.
339 4503 363 4552 p.
383 4486 422 4536 49.
