2908 5114
665 260 725 320 881

84 422 155 484 Plato
172 431 295 502 spectat,
311 423 344 482 in
355 443 412 502 que
429 414 572 499 33331313
593 414 615 501 q‘
637 419 692 482 τοῦ
707 414 919 503 3333311313,
937 421 1307 502 ipsamcontectam

84 542 201 600 reprom
219 520 290 582 solet
300 567 309 597 ,
331 521 441 602 quippe
455 523 573 583 eoelum
593 544 653 584 nen
673 521 792 603 quidem
811 523 915 597 unice,
934 519 1089 601 praecipue
1106 530 1203 605 tamea
1224 539 1308 598 spoe-

82 631 148 680 tans.
187 619 240 680 Cui
255 617 380 682 dicendi
406 619 514 680 rationi
532 619 621 701 vulpe
646 621 782 684 hemines
801 619 945 681 31333313
966 617 1091 690 assueti,
1123 614 1332 680 1331131333·

83 717 165 796 ipsam
178 717 216 780 iu
225 717 353 780 Platoris
361 716 577 799 philosophiam
584 720 815 797 mmtuleruu,
834 734 868 779 31
886 710 992 800 ὁρατῷ
1001 711 1113 778 mundo
1127 722 1307 776 eumaem

83 812 151 872 hanc
168 815 256 874 vitam
275 829 402 876 nostram
412 861 421 891 ,
440 813 539 899 νοητῷ
560 839 629 878 vero
637 820 794 878 calestem
810 819 1020 900 intelligerent.
1073 813 1222 893 Perperene
1238 833 1310 893 pre-

84 911 150 971 lecto
167 913 221 973 illi.
263 913 335 974 Nam
356 916 437 976 Plato
448 917 517 977 licet
533 917 661 976 futuram
682 918 772 976 anirni
783 917 983 977 conditionem
1002 910 1161 992 negligeret
1177 910 1319 986 minime,¹

84 1009 227 1090 praecipue
244 1025 361 1088 tamen,
387 1014 630 1091 quemadmodum
656 1023 690 1073 in
712 1017 760 1074 hir
780 1023 876 1095 terris
897 1014 1079 1075 erudiremur
1106 1021 1183 1068 recte
1205 1030 1237 1069 33
1257 1029 1309 1091 333

64 1105 246 1190 disciplinas
263 1110 302 1170 ad
331 1111 394 1172 veri
414 1112 572 1172 scientiam'
597 1113 833 1193 perveniremus,
860 1112 1021 1193 quaesivit:
1043 1103 1179 1180 παιδείας
1205 1111 1311 1182 33133,
1396 1125 1399 1130 ’

85 1218 112 1263 31
127 1206 185 1286 ipse
201 1208 260 1285 ait,
287 1222 372 1290 atque
400 1202 595 1284 ἀπαιδευσίας
615 1212 707 1294 gratid
725 1224 814 1271 totam
840 1210 917 1271 hanc
937 1211 974 1271 de
993 1209 1104 1272 mundo
1123 1207 1223 1295 νοητῷ
1244 1205 1308 1268 dis-

84 1304 259 1381 quisitionem
278 1308 415 1371 instituit.
438 1309 470 1391 2)
489 1313 554 1372 Ν33
573 1309 786 1372 confundenda
810 1310 901 1390 igitur
919 1322 1003 1369 erant
1012 1352 1022 1384 ,
1038 1329 1111 1387 quae
1128 1311 1233 1370 331331
1242 1323 1311 1370 sunt
1355 1329 1366 1356 ι

84 1399 220 1463 distincta.
263 1406 428 1468 Praestabat
446 1431 462 1468 a
482 1408 596 1470 divinis
605 1410 732 1469 humana
753 1407 936 1483 discernere,
955 1420 1040 1484 atque
1057 1405 1095 1465 ad
1105 1408 1311 1487 assequendam

84 1496 193 1560 divinae
212 1501 295 1562 illius
326 1504 477 1565 doctrinae
506 1507 734 1582 sublimitatem,
766 1505 922 1565 humanam
947 1489 1024 1563 hane
1046 1502 1196 1564 adhibere.
1239 1507 1311 1566 Nam
1400 1503 1404 1509 ⁴

85 1597 182 1675 pariter
194 1599 249 1659 illa
269 1602 341 1682 ipsis
359 1602 407 1662 his
425 1604 523 1664 verbis
540 1602 671 1665 continet
690 1606 820 1664 hominis
838 1605 879 1661 cd
897 1604 993 1661 lucem
1014 1612 1043 1661 a!
1062 1609 1230 1661 veritatem·
1242 1626 1313 1663 σοπ-

85 1703 248 1759 aerrionem.
271 1698 303 1780 3)
321 1702 357 1761 In
379 1701 433 1761 illa
454 1703 564 1782 pariter
582 1718 668 1782 atque
688 1703 768 1784 apud
797 1701 948 1760 Platonem
970 1721 1031 1759 non
1050 1698 1155 1775 rebus,
1174 1700 1225 1759 sed
1245 1703 1316 1782 ipsis

85 1791 240 1855 hominihus
258 1797 409 1859 hominum
426 1800 592 1879 ignorantia
612 1801 767 1861 tribuitur:
789 1792 948 1880 ἠγάπησαν
969 1793 998 1856 οἱ
1019 1790 1180 1876 ἄνθρωποι
1200 1800 1314 1878 μᾶλλον

84 1883 114 1949 τί
133 1886 255 1972 σκότος,
277 1889 299 1976 ἢ
319 1890 355 1957 ro*
377 1896 452 1977 φῶς.
475 1898 507 1980 li)
524 1895 610 1973 Quod
629 1900 662 1957 in
684 1889 894 1961 Hemsterhusii
912 1920 944 1958 ac
964 1898 1168 1978 plerorumque
1181 1899 1314 1979 philoso-

86 1991 196 2071 phorum
214 1997 319 2056 morali
348 1997 506 2078 disciplina
535 1994 753 2072 desideramus,
781 1997 911 2070 veritatis
941 1994 1008 2054 dico
1038 1991 1186 2071 studium,
1206 1996 1240 2056 id
1256 2012 1314 2059 tam

86 2091 178 2170 religio
196 2093 283 2154 nohis
303 2109 419 2172 nostra,
448 2114 541 2173 quarnv
562 2092 690 2154 Platonis
719 2094 924 2176 philosophia,
943 2105 1086 2173 praestat,
1113 2092 1221 2174 quippe
1242 2117 1315 2175 quae

87 2202 112 2246 et
128 2191 213 2270 spirat
232 2194 384 2263 veritatem
402 2195 512 2274 pariter
529 2203 559 2248 et
586 2179 733 2251 hominem
751 2213 810 2251 non
832 2190 870 2251 ad
892 2192 1030 2262 virtutem
1042 2188 1060 2265 ,'
1080 2202 1112 2247 ut
1135 2190 1195 2249 fere
1213 2191 1311 2272 philo-

88 2286 229 2366 sophorum
248 2289 419 2367 doctrinae,
442 2309 494 2348 nec
510 2286 637 2349 advitae
655 2291 857 2363 sanctitatem,
869 2302 901 2347 ut
920 2302 1049 2347 caeterae
1066 2285 1127 2346 lere
1142 2286 1314 2368 religioneS‚

88 2383 131 2443 sed
149 2386 185 2446 ad
201 2395 363 2446 3331131333
380 2387 481 2447 ducit:
502 2379 567 2446 ὅδὲ
578 2384 671 2447 noroiv
680 2379 736 2467 τήν
745 2378 893 2467 ἀλήθειαν
901 2433 910 2460 ,
929 2379 1048 2464 ἔρχεται
1058 2376 1134 2465 πρός
1144 2379 1180 2446 td
1192 2387 1267 2467 φῶς.
1285 2391 1317 2470 5)

88 2480 186 2542 Pariter
202 2484 276 2545 adeo
285 2485 384 2545 eadem
396 2507 455 2545 non
474 2485 574 2546 lumen
595 2486 809 2548 admovendum
826 2487 973 2561 tenebris,
994 2484 1073 2544 unde
1093 2485 1138 2544 nil
1158 2488 1317 2567 quidquam

89 2581 223 2661 percipere
243 2583 379 2642 utilitatis
395 2584 473 2643 coeci
493 2583 629 2643 mortales
638 2597 772 2664 possent,
793 2584 843 2644 sed
863 2585 940 2663 ipsos
951 2583 1054 2642 horum
1073 2581 1171 2640 oculos
1180 2587 1317 2664 aperien-

89 2673 134 2735 dos
149 2697 205 2738 esse
220 2701 252 2740 33
271 2680 485 2755 convertendos
503 2681 542 2742 ad
560 2680 654 2741 lucem
673 2681 836 2763 praecipit:
852 2676 966 2750 ἀνοῖξαι
978 2671 1162 2759 ὀφθαλμοΰς
1172 2685 1317 2763 gentium,

89 2775 136 2836 ccii
155 2773 330 2861 ἐπιστρέψαι
352 2772 413 2841 clud
435 2772 559 2852 σκότους
581 2777 622 2853 εἷς
644 2774 717 2860 φῶς.
739 2779 770 2861 6)
799 2780 903 2857 Quid?
933 2780 1012 2861 quod
1029 2777 1149 2857 πνεῦμα
1168 2780 1200 2840 13
1217 2782 1317 2842 eadem

90 2875 211 2940 doctrina
229 2881 283 2940 illa
311 2879 366 2962 τῆς
386 2875 545 2962 ἀληθείας,
578 2882 687 2960 pariter
712 2893 797 2958 atque
818 2880 881 2960 ipsa
906 2881 1012 2941 veritas
1042 2878 1121 2961 apud
1150 2879 1319 2954 Platonem,

91 2978 147 3057 capi
165 3001 181 3038 a
198 2982 288 3062 vulgo
306 2997 458 3064 propterea
477 3003 537 3042 non
552 3000 635 3062 posse
657 2978 782 3054 dicitur,
801 2979 948 3057 quianon
967 2986 1114 3058 conspicit
1139 2976 1235 3053 illud,
1252 2996 1317 3034 cum

92 3085 176 3136 tamen
195 3081 232 3139 sit
250 3088 286 3139 ι’νι
307 3082 434 3144 homine.
459 3073 564 3159 Ὑμεῖς
585 3073 622 3138 δὲ
642 3067 796 3158 γινώσκετε
818 3068 906 3149 oded,
929 3066 976 3136 du
998 3069 1068 3159 παρ’
1088 3067 1161 3152 ὑμῒν
1176 3068 1256 3153 μένει
1270 3072 1320 3134 καὶ

92 3166 125 3231 ἕν
142 3167 225 3254 ὑμῖν
246 3173 337 3240 ἔσται.
352 3180 384 3262 7)
405 3184 485 3257 Quae
495 3180 609 3262 singula
621 3177 756 3238 omnibus
775 3187 863 3252 nota,
883 3177 932 3236 sed
942 3199 958 3235 3
968 3180 1069 3259 paucis
1079 3177 1227 3258 explorata
1239 3177 1321 3250 satis,

92 3381 315 3396 ½--
328 3389 336 3395 ι

123 3505 145 3570 1)
162 3510 272 3580 531133.
291 3509 333 3561 Vl·
351 3509 409 3562 509.
429 3509 460 3561 D.
475 3506 655 3561 03111516.
675 3506 704 3557 Β.
725 3515 757 3558 eti
767 3505 825 3557 517.
844 3505 873 3556 Β.
895 3506 923 3556 C.

122 3591 145 3656 2)
164 3595 222 3647 Eud.

123 3689 147 3756 3)
163 3694 223 3746 ¹⁴⁰⁰·
240 3694 297 3745 Aer.
316 3694 401 3763 Apvsl·
409 3683 555 3745 XXVI-'18
592 3701 757 3766 Frequenter
766 3695 792 3747 in
802 3691 892 3761 primis
905 3691 1024 3741 homines
1041 3690 1072 3740 ed
1094 3690 1172 3739 Deum
1188 3668 1324 3755 ἐπιστρέ-

96 3791 198 3864 prorae
221 3801 358 3863 dicuntur,
374 3806 402 3849 ut
417 3797 577 3868 5331033.
596 3799 627 3852 ll.
646 3801 679 3875 3,
693 3797 733 3850 16.
749 3793 820 3847 Petri
833 3791 881 3859 53.
896 3789 916 3839 l.
927 3788 960 3852 2,
972 3787 1013 3838 25.
1037 3787 1109 3839 Pauli
1123 3788 1171 3856 53.
1189 3788 1222 3838 ad
1242 3787 1322 3836 Thess

96 3899 112 3950 l.
126 3900 156 3964 1,
169 3899 186 3952 9
213 3899 284 3952 Cave
301 3909 401 3964 eutem,
412 3915 446 3950 ne
458 3899 517 3951 locu
532 3899 583 3949 huc
595 3895 711 3956 3313333,
730 3908 796 3959 quae
811 3876 980 3960 μετανοίας,
993 3904 1044 3939 non
1069 3875 1252 3960 ἐπιστροφῆς
1272 3895 1323 3934 no·

96 3993 183 4045 tionem
203 3993 312 4056 hebent,
330 3992 458 4043 31111333.
477 3992 575 4057 Europ.
598 3988 616 4039 l.
638 3988 662 4038 1.
680 3993 706 4036 31
724 3985 824 4036 infinita
838 3983 906 4035 aliea
936 3995 1089 4049 quemquam
1122 3981 1252 4033 vertendo
1271 3978 1338 4031 leie'

97 4079 243 4146 interpretes
258 4078 305 4128 hue
317 4077 440 4128 notiones
451 4075 633 4128 contuderunt.

126 4163 154 4228 1)
166 4164 257 4216 13333.
272 4163 369 4229 Europ.
384 4161 425 4213 lll.
442 4160 484 4212 19.

128 4246 269 4312 5)111.3οιί.
303 4247 346 4298 21.

128 4331 152 4396 6)
169 4333 228 4386 Luc.
243 4335 397 4404 1131313331.
417 4321 505 4383 xxvi.
520 4328 560 4381 18.

131 4415 261 4480 7113333.
281 4417 458 4486 1133331111.
479 4416 519 4468 17.
540 4413 721 4478 0313ιί133.
741 4409 800 4460 375.
