2924 5132
681 275 736 337 571

87 447 167 506 tetta
178 492 197 528 ,ρ
207 446 241 505 in
261 425 410 524 Legibus,
430 444 463 502 in
482 443 537 504 hoc
556 445 618 526 ipso
636 444 674 505 de
693 448 829 506 universe
853 445 967 525 dialogo
988 457 1030 504 est
1041 491 1049 520 ,
1071 458 1171 525 sponte
1190 441 1323 508 efficitur.

84 547 153 607 Nec
177 544 283 606 desunt
308 543 438 624 profecto
459 543 607 603 doctrinae
625 542 694 602 huic
712 543 896 620 Platonicae,
918 542 1057 623 equibus
1078 541 1221 623 hodieque
1239 545 1325 604 etiam

85 645 179 704 nohis
196 641 335 726 prolicere
354 641 456 722 liceat:
478 643 511 700 in
530 641 636 721 quibus
655 642 794 703 modestia
814 645 845 702 in
866 644 966 724 primis
992 641 1159 722 philosophi
1180 643 1325 702 censenda

84 757 154 818 est,
177 739 229 800 uhi
256 739 293 802 de
322 741 382 802 Deo
401 738 543 818 rebusque
561 740 674 801 divinis
694 742 761 822 agit:
785 739 815 822 l)
854 741 1033 801 Recentioris
1054 741 1155 800 aetatis
1173 761 1238 800 eum
1259 741 1322 822 phi·

84 839 225 921 losophi,
254 852 316 898 tum
335 839 461 898 maxime
479 837 606 918 theologi
626 838 665 898 sic
694 838 731 898 de
751 851 853 899 natura
871 839 974 900 divina
993 837 1226 918 prenunciarunt
1245 839 1324 914 fere,

84 938 175 1017 quasi
193 938 249 1018 ipsi
269 957 330 996 eam
347 949 436 996 totam
449 937 622 1018 penitusque
642 939 853 1017 cognovissent.
895 939 960 998 Non
976 937 1016 996 ita
1034 933 1133 998 Plato..
1155 937 1325 1012 Timaeum,

84 1037 130 1098 de
146 1037 207 1096 Deo
228 1035 317 1097 verba
336 1035 500 1109 facturum,
520 1034 575 1094 hoe
596 1045 829 1116 praemonentem
845 1036 984 1096 induxit:
1006 1042 1174 1094 meminisse
1194 1057 1243 1096 ves
1264 1043 1326 1095 scs·-

85 1137 167 1194 lieet
192 1136 351 1212 oportebit,
382 1125 424 1206 ιός
444 1126 462 1193 ό
482 1126 577 1214 λέγων
597 1127 658 1214 ε’γιό
678 1128 762 1214 ὑμεῖς
783 1157 815 1196 τε
835 1129 864 1194 el
890 1131 987 1217 κριταὶ
1015 1126 1104 1214 φόσιν
1131 1127 1326 1217 ἀνθρωπίνην

84 1228 219 1318 ἔχομεν·
254 1225 330 1294 ὥστε
365 1233 433 1318 περὶ
463 1229 577 1299 τοότοιν
608 1231 669 1298 τόν
689 1231 786 1299 εἰκότα
810 1237 914 1318 μῦθον
940 1225 1195 1316 οἷπυδεχομὲνοας,
1223 1231 1326 1320 πρέπει

84 1329 202 1398 τούτου
222 1331 321 1420 μηδὲν
343 1329 385 1397 ἔτι
406 1333 484 1419 πέρα
505 1337 615 1421 ζητεῖν·
647 1350 677 1400 ct
705 1363 768 1418 me,
800 1347 854 1421 qui
878 1342 1045 1415 disseram,
1076 1342 1222 1400 hominem
1247 1361 1326 1414 esee,

85 1451 124 1498 et
150 1461 219 1514 eos,
246 1447 300 1518 qut
318 1440 489 1517 judicetis:
521 1453 575 1519 ut,
606 1452 634 1503 st
656 1443 827 1518 pestutum
855 1442 1014 1514 dicentur,
1037 1440 1085 1497 mil
1104 1440 1191 1497 ultro
1221 1447 1327 1518 reque·-

86 1545 186 1597 rate's.
209 1533 241 1617 2)

134 1633 194 1695 Sed
223 1634 420 1697 accedendum
448 1638 566 1700 tandem
594 1638 679 1700 nohis
708 1651 751 1698 cst
781 1635 818 1697 ad
847 1635 1049 1719 philosophiae
1074 1629 1153 1718 apud
1182 1636 1331 1696 Platonem

87 1735 204 1809 finem,
234 1734 285 1812 qui
310 1733 436 1799 hominis
464 1751 506 1798 est
524 1731 665 1817 ὁμοίωσις
682 1735 752 1822 θεῷ
770 1729 846 1797 κατοὶ
858 1725 910 1796 τό
924 1728 1063 1808 δυνατόν,
1087 1747 1153 1794 ute
1176 1735 1332 1794 Theaeteto

88 1837 295 1918 cognovimus.
316 1835 349 1918 3)

358 2033 412 2095 De
431 2039 594 2098 hominis
614 2061 693 2097 oum
713 2034 790 2095 Deo
809 2035 1078 2096 similitudine.

136 2230 271 2292 Diximus
294 2229 331 2292 de
354 2209 473 2294 Timaeo
491 2233 638 2311 Platonis,
664 2245 806 2313 quatenus
826 2230 989 2292 doctrinam
1009 2229 1174 2312 philosophi
1197 2229 1234 2290 dc
1251 2230 1311 2292 Deo
1321 2275 1332 2305 ,

92 2327 203 2390 mundi
228 2341 345 2400 auctore
375 2344 460 2410 atque
486 2331 693 2414 gubernatore,
714 2330 865 2418 eontinet,
888 2327 954 2407 sed,
974 2349 1047 2409 quae
1067 2331 1105 2389 sit
1122 2329 1248 2389 hominis
1264 2349 1331 2388 cum

91 2429 159 2490 lteo
184 2425 366 2505 similitudo,
384 2443 413 2489 ct
437 2451 523 2508 vero,
553 2429 795 2511 quemadmodum
820 2425 1056 2489 contendendum
1082 2428 1205 2500 homini·
1221 2429 1276 2502 sit,
1299 2440 1331 2487 ut

91 2547 182 2607 quam
210 2526 341 2607 proxime
370 2525 408 2588 ad
435 2529 556 2592 divinae
585 2543 704 2604 naturae
721 2528 928 2611 perfectionem
946 2527 1083 2602 accedat,
1104 2527 1181 2588 idem
1199 2548 1251 2586 nos
1268 2526 1328 2586 dia·

93 2626 179 2706 logus
197 2623 291 2709 docet.
333 2627 389 2686 Hic
414 2642 510 2687 autem
537 2628 618 2690 locus
638 2625 865 2710 primum'nehis
882 2646 897 2684 e
914 2639 973 2686 tota
990 2624 1121 2686 Platonis
1147 2623 1331 2705 philosophia

95 2720 291 2804 explicandus
317 2737 367 2785 est.

138 2823 212 2882 Nam
240 2816 321 2914 1ᾼιοιί
345 2824 379 2882 in
409 2824 528 2884 Timaeo
556 2845 647 2905 genus
673 2823 832 2890 humanum
861 2816 959 2903 φυτόν
991 2817 1099 2882 dicitur
1129 2814 1181 2884 οόκ
1208 2813 1332 2902 ἔγγειον,

97 2914 160 2980 ἀλλ’
181 2915 332 3004 οὐράνιον·
354 2944 413 2980 most
434 2932 593 2984 terrestris
611 2924 743 3002 plenta,
773 2924 825 2982 scd
843 2926 996 2998 coelestis,
1019 2919 1051 3003 lt)
1076 2921 1109 2982 id
1130 2923 1247 3004 inipso
1267 2923 1331 3004 phi·

99 3021 245 3111 losephiae
273 3024 440 3086 Platonicae
464 3021 612 3114 prooemio
639 3020 813 3103 explicitum
841 3023 980 3084 vidimus.
1031 3024 1056 3082 A
1082 3021 1162 3082 coelo
1193 3036 1334 3103 repetun-

95 3133 146 3178 tur
165 3118 229 3180 illic
247 3121 410 3183 animorum
428 3123 564 3203 origines.
605 3121 721 3194 Versati
739 3121 772 3181 in
792 3120 1031 3192 Deorumchoris
1050 3133 1136 3196 sunt,
1163 3133 1333 3200 anteaquam

74 3205 245 3278 ¹terrenum
269 3220 324 3284 hec
351 3242 456 3303 corpus
484 3220 642 3283 induerent
667 3233 695 3280 et
715 3221 811 3292 ,saeris
826 3220 1168 3288 iuterfueruntomnium
1188 3220 1332 3299 augustis-

96 3317 198 3376 simis:
224 3309 245 3378 ό
272 3341 304 3380 τε
330 3313 385 3382 οὐκ
411 3314 563 3399 εὐδαίμονι
589 3316 677 3404 χορῷ
700 3315 849 3400 μακαρίαν
876 3311 947 3397 ὄψιν
970 3317 1075 3392 τεκαὶ
1095 3311 1174 3382 θέαν
1197 3311 1336 3398 ἑπόμενοι

94 3411 175 3495 μετῑῖ
195 3415 253 3497 μὲν
272 3417 348 3498 Διός
368 3415 472 3504 η’μεῖς,
494 3415 575 3484 ἄλλοι
597 3417 632 3482 di
653 3415 724 3500 μετ).
737 3413 827 3484 dttov
848 3415 1052 3502 detivreldo'u
1073 3444 1104 3483 τε
1121 3419 1335 3510 καὶένελοῦντο

95 3519 222 3582 τελετῶν
248 3518 286 3605 ἢν
314 3520 413 3605 θόμις-
434 3518 525 3606 λέγειν
551 3514 796 3604 μακαριωτάτην·
824 3519 863 3605 ἢν
893 3518 1080 3606 αι’ργιόζομεν
1102 3512 1259 3605 ὁλόκληροι
1279 3519 1336 3603 μὲν

96 3616 185 3686 αὐτοὶ
212 3619 307 3704 ὄντες,
332 3627 382 3690 καὶ
411 3621 541 3702 enatat
567 3625 665 3690 κακῶν
683 3617 740 3688 ὅσα
761 3617 842 3706 ἡμᾶς
863 3622 895 3686 ἓν
919 3621 1036 3712 ὑπέρῳ
1056 3626 1160 3712 χρόνῳ
1181 3619 1334 3706 ὑπέμενεν·

99 3719 254 3814 ὁλόκληρα
277 3728 382 3793 δὲκαὶ
403 3725 484 3794 ἁπλᾶ
503 3730 552 3793 καὶ
573 3724 690 3813 ἅτρεμῆ
709 3729 758 3794 καὶ
778 3725 940 3814 εὐδαίμονα
963 3723 1108 3812 φάσματα
1129 3722 1292 3809 μοοόμενοί
1303 3753 1337 3818 τε

100 3829 152 3890 καὶ
180 3827 387 3910 ἐποπτεύοντες
416 3832 448 3897 ἒν
467 3829 548 3921 cipp
566 3833 690 3920 καθαρᾷ
710 3833 843 3919 καθαροὶ
863 3825 945 3912 ὄντες
970 3831 1019 3922 sui
1045 3825 1210 3915 οἷοήμαντοι
1229 3826 1336 3898 τούτου

135 4113 160 4179 1)
179 4114 226 4168 ct.
245 4118 323 4171 lses'ts'o
340 4137 366 4188 p.
385 4117 452 4187 364,
472 4117 539 4184 tta,
556 4119 615 4172 550.

135 4200 163 4264 2)
185 4202 280 4257 Τιίιιαεο
295 4204 330 4257 29
347 4206 376 4258 lt.
574 4246 576 4252 ,

133 4290 160 4356 3)
179 4293 256 4343 lstts'u
270 4310 296 4361 p.
315 4291 375 4346 5⁴2.
395 4291 452 4344 viu.
464 4291 538 4344 docta
554 4301 643 4344 comm.
663 4292 696 4344 de
709 4294 812 4345 heminis
829 4311 885 4344 cum
902 4294 954 4345 Dee
969 4292 1142 4356 autumem,
1159 4307 1226 4359 quae
1240 4291 1337 4356 prodiit

100 4386 205 4430 auctore
224 4379 249 4428 S.
268 4379 300 4430 Κ.
324 4379 456 4430 Tltedes
472 4394 537 4428 οαιι
561 4377 688 4443 Pulses,
708 4377 786 4431 Gron.
807 4377 891 4444 1835,
912 4377 978 4431 1837
995 4377 1012 4430 2
1028 4378 1090 4430 voll.
1133 4411 1137 4423 ·
1439 4377 1441 4382 '

135 4459 162 4525 d)
185 4461 242 4518 Tim.
261 4462 295 4514 90
313 4464 344 4517 Α.
