2838 5120
634 287 693 346 265

64 449 190 536 ἐνευρεῖν,
214 453 328 534 inquit,
350 449 398 510 καὶ
419 447 515 534 χωρὶς
536 443 698 531 ἀφελόντας
720 443 781 510 ἀπδ
802 446 865 510 ταῖν
886 441 995 524 ἄλλων,
1016 443 1100 509 ἰδέαν
1119 443 1198 534 αὐτῇ
1213 445 1285 531 μίαν

62 553 337 639 ἐπισφραγίσασθαι,
370 551 419 614 καὶ
449 556 515 628 ταῖς
546 545 645 628 ἄλλοις
677 551 833 637 ἐκτροπαῖς
865 551 896 615 ἐν
929 545 1000 614 ἄλλο
1027 545 1106 626 εἶδος
1134 549 1284 638 ἐπισημγγ-

61 654 208 738 vanam,
245 650 361 730 α’πάσας
396 650 450 730 τοὶς
488 650 671 738 ἐπιστήμας,
706 649 747 731 ως
779 651 870 732 οὔσας
902 648 957 716 δύο
988 650 1053 737 εἴδη
1087 653 1284 738 διανοηθῆναι

60 757 108 843 τήν
131 755 236 844 ψυχήν
260 753 349 841 ήμῶν
374 757 507 840 ποιῆσαι·
534 771 648 838 oportet
676 782 741 818 eom
767 781 786 818 ο
812 767 941 820 caeteris
961 761 1150 832 discernere,
1173 759 1283 817 disere·

59 876 155 942 tueque
178 871 207 922 ei
231 870 319 942 quasi
333 865 473 938 formum
494 861 646 941 quondam
668 870 698 917 et
717 867 841 941 signum
860 865 1055 936 imprimere,
1076 865 1281 934 coeterique,

59 984 125 1040 quoe
141 965 177 1021 ob
195 984 230 1020 οο
248 962 406 1020 discedunt
416 1006 425 1036 ,
446 963 511 1018 atto
528 965 689 1040 insignitis
701 961 824 1034 formo,
847 958 977 1038 erffioere,
998 966 1035 1013 ot
1052 977 1151 1014 omnes
1169 957 1280 1013 doctit-

59 1069 345 1134 oeconomorum,
365 1070 512 1138 tanquam
531 1061 738 1140 durgonum,
759 1059 817 1116 sibi
837 1060 1015 1132 infamet.»
1043 1052 1073 1136 1)
1102 1055 1164 1114 Hac
1185 1067 1279 1114 autem

58 1158 102 1217 ille
121 1171 147 1217 et
165 1156 306 1217 cernendi
325 1170 354 1217 et
371 1157 572 1224 notandiarte
594 1178 678 1231 usus,
691 1156 847 1238 'politicam
867 1175 932 1214 cum
947 1177 963 1213 a
979 1154 1100 1233 reliquis
1119 1154 1279 1229 universis,

57 1269 110 1314 tum
135 1278 151 1315 a
179 1255 302 1336 singulis
336 1255 482 1316 similibus
501 1256 703 1336 ‘cognatisque
738 1253 912 1334 distinguit,
945 1266 975 1312 ut
1009 1251 1103 1332 qualis
1132 1253 1194 1333 ipsa
1222 1253 1280 1327 sit,
1372 1293 1376 1305 ·

58 1373 187 1433 quamque
218 1353 279 1414 vim
309 1367 337 1412 et
366 1374 451 1433 quem
477 1353 565 1413 finem
590 1353 646 1412 sibi
670 1353 847 1435 propositum
872 1351 996 1426 habeat,
1022 1350 1282 1432 intelligaturosi·

58 1452 164 1530 mulque
191 1453 232 1510 ita
261 1450 422 1526 dialecticis
450 1449 533 1512 dedit
561 1451 744 1533 exemplum,
772 1449 850 1531 quod
873 1452 982 1526 secuti,
1003 1448 1131 1530 singulas
1148 1449 1283 1509 similiter

58 1561 108 1610 tarn
134 1565 206 1611 artes
233 1571 319 1634 quam
347 1549 495 1610 doctrinas
520 1549 668 1611 cernendo
686 1549 871 1629 notandoque
891 1549 969 1608 clara
988 1549 1021 1608 in
1046 1548 1111 1607 luce
1129 1561 1281 1628 ponerent.

59 1649 156 1708 Verum
185 1649 217 1708 id
244 1649 305 1710 illis
333 1671 386 1708 nos
412 1649 617 1730 peragendum
634 1649 843 1729 relinquimus:
873 1649 929 1729 ipsi
958 1645 1047 1722 inde,
1080 1645 1281 1726 philosophiae

59 1747 210 1808 Platonicae
241 1747 359 1824 caussl,
388 1747 443 1807 hoc
467 1746 650 1828 colligimus,
668 1746 892 1830 ¹philosophiam
922 1746 1032 1805 hancce
1059 1766 1120 1804 non
1149 1757 1283 1820 tantum,

58 1847 126 1924 quod
144 1868 229 1928 supra
248 1847 429 1921 monuimus,
449 1845 626 1906 verissimam
636 1867 694 1906 esse
704 1846 809 1905 artium
822 1843 1076 1923 doctrinarumque
1094 1842 1283 1925 encyclopae-

59 1943 142 2022 δίεισι,
159 1944 210 2004 sed
228 1943 395 2004 methodum
413 1944 482 2003 item
498 1957 526 2002 et
545 1945 626 2024 quasi
645 1946 868 2004 instrumentum
889 1943 1057 2018 continere,
1077 1947 1219 2020 quoartes
1232 1939 1281 2002 do·

60 2045 213 2124 urinaeque
228 2063 294 2102 cum
315 2042 533 2122 distinguantur
547 2056 638 2117 recte,
656 2056 717 2102 tum
727 2065 778 2103 suo
788 2061 915 2122 quaeque
926 2041 1072 2122 proposito
1085 2039 1281 2100 destinentur.

125 2241 184 2300 Ad
202 2240 504 2299 inveniendum
524 2241 927 2319 ooletpotieeimum
948 2240 1193 2297 dialectieo

298 2338 513 2398 Platonis.
559 2336 999 2417 Quideetinoenire?

93 2534 233 2608 Quaenam
254 2535 313 2594 sint
331 2532 409 2616 apud
433 2532 601 2611 Platonem,
629 2555 699 2615 quas
719 2551 820 2614 vocat,
841 2529 996 2617 διαιρέσεις
1027 2513 1079 2604 καὶ
1101 2530 1281 2614 συναγωγαὶ,

5 2667 6 2672 1
64 2633 120 2692 satis
132 2633 190 2712 jam
208 2633 295 2693 nobis
314 2632 428 2692 Eleates
448 2632 500 2693 ille
520 2633 738 2696 demonstravit.
788 2636 885 2718 Vulgo
903 2637 973 2696 haec
993 2635 1131 2697 cernendi
1150 2638 1281 2716 jungen-

67 2727 137 2808 dique
153 2754 217 2808 ars,
238 2751 325 2811 quam
344 2733 532 2812 analyticam
552 2732 673 2792 solemus
700 2735 868 2793 methodum
895 2735 1060 2816 appellare,
1081 2757 1096 2793 a
1118 2731 1280 2792 dialecticis
1348 2793 1349 2796 ,

5 2835 7 2872 ³
68 2823 154 2888 dicitur
186 2834 224 2890 ab
255 2828 490 2908 universalibus}
508 2838 636 2889 initium
663 2834 771 2891 dooere
800 2844 830 2892 et
857 2836 897 2893 od
916 2836 1093 2912 peculiaria
1114 2833 1279 2914 progredi)

5 2937 6 2968 ³
66 2927 201 2991 diuidendo
217 2951 334 3013 genera
349 2938 384 2988 in
404 2951 476 2989 euos
494 2952 625 3010 quaeque
638 2933 763 3008 somnos
778 2942 807 2990 et
819 2935 944 3008 formos
960 2940 995 2990 io
1012 2939 1142 2990 minores
1153 2933 1281 3005 fumos

5 3059 6 3066 ι
64 3037 137 3104 atque
164 3020 336 3088 individuo.
387 3029 472 3104 Quod
491 3029 656 3090 Platonicae
683 3030 751 3089 item
772 3033 826 3090 arti
845 3031 952 3091 tribuit
970 3031 1127 3110 Dionysius
1146 3028 1278 3088 Halicar-

64 3128 206 3189 nassensis:
234 3120 257 3208 η’
283 3121 340 3209 γιλρ
367 3121 459 3209 τέχνη
485 3126 541 3209 τῆς
568 3123 756 3211 διαιρέσεως,
779 3123 821 3203 uir
844 3151 934 3212 φησιν
957 3123 975 3190 o‘
997 3121 1142 3201 Πλάτων,
1166 3121 1278 3208 διαιρέ-

62 3243 109 3298 σεις
132 3227 177 3290 καὶ
203 3227 385 3310 συναγωγαὶ,
413 3229 508 3302 δεῖξαι
533 3225 571 3290 τοὶ
598 3227 662 3314 εἴδη
690 3225 768 3294 πόσα
796 3230 859 3294 ἐστὶ
885 3230 934 3294 καὶ
959 3225 1055 3305 πόσας
1082 3224 1143 3310 ἔχει
1170 3226 1280 3308 τομδς,

61 3325 101 3386 καὶ
127 3325 220 3394 πάντα
250 3335 420 3413 συναγαγεῖν
451 3331 492 3407 εἰς
522 3329 621 3396 ταύτό.
678 3336 775 3398 Τοῦτο
801 3329 858 3418 γάρ
886 3333 948 3396 ἐστι
980 3329 1194 3418 διαιρέσεως
1225 3327 1280 3394 τέ-

62 3450 132 3511 tro,
161 3431 192 3495 ἐν
223 3429 330 3510 πολλοὶ,
357 3430 450 3496 πολλα
479 3433 517 3498 ἓν.
539 3436 571 3519 2)
608 3437 689 3498 Plato
711 3453 804 3499 autem
831 3439 946 3499 disertis
974 3439 1007 3500 id
1027 3437 1124 3500 verbis
1141 3437 1280 3497 enunciat

62 3529 87 3587 in
109 3532 255 3616 Sophiste:
284 3531 319 3596 τδ
349 3531 423 3598 torui
453 3533 521 3660 γένρ
555 3539 735 3622 διαιρεῖσθαι
760 3537 809 3599 καὶ
836 3530 912 3619 μήτε
937 3531 1048 3599 radron
1075 3530 1153 3610 εἶδος
1179 3532 1280 3616 ἓτερον

61 3619 233 3713 oyo'oaotot,
260 3632 336 3720 μήτε
366 3637 465 3722 ἕτερον
492 3637 528 3703 δν
554 3635 680 3716 rethor,
706 3639 773 3719 μῶν
801 3636 837 3702 oo'
860 3637 918 3724 τῆς
944 3638 1122 3720 διαλεκταιῆς
1143 3630 1282 3719 φήσομεν

63 3723 212 3820 ἐπιστήμης
238 3731 322 3816 tiron
339 3779 379 3790 -
412 3735 575 3806 Οιλιοῧν“
556 3767 572 3806 ο
601 3766 632 3825 γε
661 3765 750 3805 τουτο
780 3739 906 3819 δονατδς
932 3742 1010 3827 δραν
1030 3739 1102 3822 μίαν
1123 3735 1206 3802 ἰδέαν
1228 3733 1279 3802 διδ

63 3835 218 3914 πολλῶν,ι
205 3837 271 3917 ενδς
298 3837 420 3907 ἕκαστον
441 3842 572 3926 κειμένου
592 3843 702 3929 χωρις,
723 3839 820 3932 πάντη
842 3839 1083 3928 διαπετομένηνι
1072 3844 1178 3920 ικανῶς
1200 3844 1278 3906 διαι-

65 3931 205 4018 atterrat,
233 3943 282 4005 καλ
308 3943 418 4024 πολλας
445 3943 548 4032 ἐτέρας
574 3941 753 4031 αλλήλωνί
733 3943 793 4010 οπδ
818 3949 889 4029 μιᾶς
915 3942 1030 4020 ἔξωθεν
1050 3943 1276 4032 περιεχομένας,

64 4035 104 4096 καὶ
132 4040 269 4119 μίαν
230 4071 268 4108 oo
297 4044 336 4110 δι
363 4043 440 4113 ὅλων
464 4048 626 4114 πολλῶν’
610 4073 642 4112 εν
669 4045 712 4112 ἐπὶ
736 4046 947 4135 ξονημμενην,
973 4033 1022 4112 καὶ
1048 4046 1157 4126 πολλοῖς
1182 4048 1279 4134 χωρὶς

65 4132 148 4229 πάντῃ
168 4145 369 4231 διωρισμένας.
390 4152 422 4235 3)
461 4154 549 4216 Unde
579 4155 697 4230 Cicero,
726 4155 874 4216 Hortensii
894 4154 1044 4214 celebrans
1063 4154 1276 4234 eloquentiam,

71 4259 308 4288 κ...

94 4317 117 4370 ¹l
134 4303 224 4382 Potite.
242 4332 302 4384 258.
322 4331 350 4384 G.

95 4403 117 4467 2t
132 4407 202 4466 mon.
220 4417 275 4486 aar,
293 4418 349 4470 ππ.
367 4421 428 4472 ποι.
447 4437 471 4486 p.
491 4417 532 4471 oo.
552 4419 602 4485 (xl.
621 4416 646 4469 a.
666 4436 690 4485 p.
710 4419 768 4470 ror.
788 4415 887 4481 κιαι.)

66 4559 70 4566 ,
96 4487 110 4539 3
132 4495 199 4565 sot.
216 4500 273 4554 253.
293 4502 321 4555 o.
341 4503 370 4555 ο.
