2872 5122
639 272 677 340 73

67 451 91 498 et
107 435 321 517 contemplatus,
342 448 372 494 ut
390 435 477 495 Deum
494 435 619 516 aliquem
639 435 709 496 colit
728 436 885 511 amasium,
905 439 949 512 e't,
971 436 1028 496 nisi
1053 451 1201 498 vereretur
1227 440 1278 498 in-

66 537 149 596 saniae
166 536 306 617 speeiem,
324 517 488 594 sacrificaret
507 534 593 616 plane
616 534 682 610 illi,
709 548 847 614 tanquam
866 548 974 595 statuae
993 549 1022 595 et
1045 537 1114 597 Deo.
1157 538 1276 597 Intuen-

65 648 213 709 temnere,
233 631 401 692 exhorrere
420 631 468 692 illo
491 633 568 714 capit
586 653 651 691 eum
669 633 762 694 veluti
787 635 971 694 commutatio
990 633 1131 714 quaedam
1158 635 1276 695 insolita

64 746 87 791 et
102 731 183 792 sudor
200 744 228 790 et
251 730 337 791 calor.
386 730 454 788 Nam
480 751 531 812 per
558 729 656 790 oeulos
685 733 845 813 suscipiens
873 713 1082 814 pulcritudinis
1110 733 1277 810 efflurium,

64 830 130 910 quod
147 830 256 890 emollit
274 843 302 889 et
320 828 398 908 quasi
417 829 562 909 liquefacit
580 831 727 904 animum,
748 829 899 890 incalescit
916 844 992 890 totus
1011 844 1039 890 et
1059 832 1217 911 germinare
1242 834 1275 892 iu

64 930 147 988 animo
163 929 310 1009 incipiunt
329 926 398 987 alae.
438 928 513 988 Hinc
532 929 677 1009 pruritus:
698 927 769 989 hinc
790 927 920 1005 dolores,
943 942 975 988 ut
994 928 1126 989 dentium
1145 928 1277 988 oborien-

64 1029 140 1086 tium:
160 1027 229 1086 hinc
249 1027 341 1087 fervet
360 1025 504 1086 universus
526 1027 640 1087 animus
669 1040 697 1087 et
715 1018 851 1103 aestuat,
872 1048 925 1088 nec
946 1026 1073 1102 lenitur,
1096 1027 1153 1086 nisi
1181 1026 1277 1107 pulcri

64 1125 203 1208 adspectu,
226 1122 278 1184 sed
293 1124 392 1183 absens
411 1123 529 1184 furentis
553 1139 594 1185 est
622 1126 726 1186 similis
753 1147 807 1187 nec
825 1139 915 1185 noctu
943 1126 1022 1210 capit
1045 1145 1194 1200 somnum,
1224 1143 1277 1183 nee

64 1223 177 1283 interdiu
205 1223 353 1298 consistit;
376 1221 422 1281 sed
450 1224 559 1302 quaerit
587 1223 684 1286 ubivis
711 1225 864 1308 pulcrum,
890 1225 972 1303 cujus
1000 1225 1076 1284 ferre
1104 1245 1164 1282 non
1186 1235 1278 1304 potest

63 1320 233 1383 desiderium.
275 1321 440 1412 Adspicierrs
459 1336 551 1382 autem
570 1321 667 1383 denuo
695 1337 723 1383 et
741 1323 878 1383 hauriens
901 1322 993 1384 veluti
1014 1343 1050 1380 ex
1075 1321 1167 1382 oculis
1194 1313 1277 1379 efflu-

64 1419 132 1478 vium
150 1419 317 1502 cupidinis,
346 1416 395 1494 eui
414 1414 517 1504 ἱμέρου
522 1443 610 1501 ,quo
634 1421 768 1502 liquescit
795 1420 911 1497 denuo,
932 1421 1071 1503 respirat,
1097 1418 1277 1498 stimulisque

63 1530 85 1576 et
100 1515 245 1578 dbloribus
264 1518 423 1598 liberatus,
436 1522 488 1583 hae
513 1522 620 1582 fruitur
645 1519 812 1580 dulcissima
837 1519 995 1602 voluptate.
1037 1519 1178 1595 Quocirca
1199 1517 1276 1578 ultro

63 1637 196 1694 nunquam
215 1617 356 1697 relinquit
374 1619 518 1701 pulcrum,
540 1641 592 1681 nee
611 1618 769 1699 quidquam
788 1618 890 1700 pulcro
908 1618 1000 1700 pluris
1020 1619 1091 1678 facit
1101 1664 1110 1694 ,
1135 1616 1186 1678 sed
1212 1638 1276 1677 ma-

62 1714 119 1789 tris,
136 1715 258 1774 fratrum
268 1762 277 1791 ,
298 1718 445 1778 amicerum
459 1719 660 1794 obliviscitur,
680 1739 734 1778 nee
754 1731 836 1777 curat
854 1737 913 1776 rem
933 1717 1124 1793 familiarem,
1144 1716 1276 1797 quamvis

64 1811 224 1893 negligentia
249 1830 361 1896 pereat,
386 1818 440 1878 imo
465 1817 599 1878 decorum
627 1831 655 1877 et
682 1816 853 1891 honestum,
874 1836 930 1895 quo
956 1827 1040 1875 antea
1067 1836 1096 1876 se
1124 1812 1276 1890 efferebat,

63 1913 207 1972 contemnit
225 1927 254 1973 et
272 1915 360 1976 servit
381 1915 461 1998 plane
479 1917 601 1991 amasio,
622 1934 675 1975 nec
694 1912 819 1974 discedit
838 1913 874 1972 ab
898 1933 931 1973 eo
956 1928 1061 1988 noctu,
1081 1914 1189 1994 quippe
1217 1933 1277 1971 non

64 2024 202 2070 veneratur
220 2025 351 2087 tantum,
372 2013 416 2074 sed
435 2013 591 2074 remedium
610 2033 675 2098 euqn
693 2012 781 2072 habet
799 2011 1030 2093 gravissimorum
1053 2011 1194 2072 dolorum.
1218 2007 1247 2090 l)

93 2107 143 2166 llic
161 2109 372 2170 enthusiasmos
385 2127 425 2172 est
448 2113 566 2187 amoris,
588 2112 620 2172 in
643 2133 700 2191 quo
724 2109 916 2170 describendo
936 2131 1002 2170 cum
1029 2110 1121 2191 politis
1149 2109 1278 2188 antiquis

63 2220 222 2267 concertasse
252 2208 368 2270 videtur
393 2210 477 2272 Plato.
518 2212 590 2271 Nam
612 2230 728 2270 carmen
756 2222 798 2269 est
826 2209 932 2290 plane,
956 2228 1125 2289 quamquam
1156 2206 1277 2288 plenum
1376 2213 1382 2225 “

64 2301 267 2386 philosophiae:
298 2321 326 2367 et
350 2308 386 2368 ab
412 2310 495 2370 initio
517 2309 631 2370 dixerat
659 2308 804 2384 Socrates,
825 2308 963 2368 refertum
991 2329 1019 2368 se
1047 2320 1146 2389 pectus
1171 2306 1277 2365 habere

64 2420 163 2478 eorum,
183 2426 258 2484 quae
282 2408 458 2488 apoe'tis,a
485 2406 638 2489 Sapphone
666 2409 699 2467 in
726 2407 827 2489 primis
854 2421 883 2466 et
909 2409 1089 2466 Anacreonte
1118 2417 1275 2488 acceperat.

65 2498 110 2556 Ner.
135 2500 244 2564 Graeca
273 2504 378 2585 aliquis
406 2527 484 2566 sensu
510 2507 667 2586 affectuque
690 2506 805 2586 legerit,
825 2506 899 2584 quin
919 2504 1092 2586 Sapphicam
1110 2524 1177 2565 vere
1192 2503 1275 2562 ratio·

66 2597 116 2656 nem
133 2601 392 2695 sublimitatemque
410 2605 561 2685 agnoverit
603 2607 697 2665 Pauca
719 2604 804 2664 nobis
833 2618 986 2685 supersunt
1005 2603 1123 2664 Lesbiae
1149 2601 1276 2682 poetriae

64 2693 218 2778 fragmenta,
237 2701 288 2764 sed
303 2718 428 2785 superest
437 2705 533 2764 amoris
547 2703 717 2785 descriptio,
730 2724 788 2763 una
802 2704 893 2763 instar
905 2702 1096 2784 plurimorum
1107 2701 1275 2762 carminum.

304 2855 344 2866 —-
367 2812 479 2904 ώςγαρ
502 2816 571 2884 εἴδω
593 2839 639 2896 σε,
661 2813 791 2902 βροχέας
778 2841 850 2898 ςμε
872 2816 974 2900 φωνᾶς
1054 2871 1056 2877 ,

624 2917 712 2984 οὐδὲν
733 2916 778 2992 ἔτ’,
795 2916 863 2996 litet,

305 3019 379 3086 aba
399 3023 510 3106 καμμὲι
530 3019 637 3107 γλῶττ’
658 3019 736 3106 ἔαγε·
759 3018 867 3086 λεπτόν
888 3018 916 3085 d'

301 3123 403 3190 αὐτίκα
422 3130 489 3214 χρῶ
508 3128 567 3212 πῦρ
589 3121 844 3211 ὑποδιδρόμακιν,

302 3224 474 3294 duodecumo
496 3226 522 3293 δ’
542 3227 629 3294 οὐδὲν
651 3223 754 3314 ὅρηιί,
778 3229 902 3311 ἐπιβομ-

469 3408 472 3412 ,
623 3333 705 3416 deduc
726 3328 796 3395 Γ
775 3355 872 3395 unove·

299 3434 384 3499 »παῖδ’
404 3433 494 3522 ἱδρώς
513 3433 635 3522 ψυχρος
655 3432 767 3520 χέεται,
789 3431 902 3522 τρόμος
923 3432 958 3497 δὲ

301 3541 397 3603 πᾶσαν
418 3537 501 3626 ἀγρεῖ
519 3579 558 3590 -

68 3714 301 3736 ''fi-*fio*-

95 3807 114 3872 ¹)
131 3759 230 3868 lluedr.
253 3816 353 3869 250-
371 3815 430 3870 252
448 3817 478 3870 Β
502 3816 776 3882 Animadvertendum,
796 3824 943 3922 corruptum
961 3813 1044 3867 videri
1063 3811 1148 3866 locum
1166 3811 1225 3866 249
1244 3810 1277 3868 D·

64 3881 126 3955 Ἔστι
155 3894 192 3981 δη
221 3896 274 3963 odo
303 3895 440 3985 deripe
422 3925 438 3964 o
470 3903 527 3978 πᾶς
560 3896 640 3987 η”κων
678 3897 765 3983 λόγος
794 3900 861 3985 περὶ
892 3899 947 3982 τῆς
977 3893 1121 3983 τετάρτης
1151 3897 1277 3980 μανίας,

69 4004 123 4064 quod
144 4009 184 4060 vix
208 4009 332 4064 Graecum
357 4019 405 4064 est
443 4011 506 4066 Leni
533 4013 713 4066 emendatione
739 4012 892 4082 legendumt
918 3997 998 4064 Ἔστι
1029 3995 1069 4084 δη
1105 3995 1157 4065 οὖν
1189 4002 1278 4086 δεῦρο

68 4093 235 4181 π(ιθσηιιων
262 4126 278 4166 ο
304 4103 373 4179 πᾶς
398 4097 532 4185 λογος-
560 4116 608 4167 boe
629 4117 705 4184 t'pt'tm·
720 4117 826 4184 pertinet
843 4115 920 4166 omnia
935 4132 1014 4166 termo
1030 4116 1060 4167 de
1076 4123 1167 4183 quarto
1181 4116 1279 4180 furoris

67 4207 137 4270 ‘lm
159 4211 273 4266 licinus:
301 4213 383 4267 Tendit
403 4215 478 4283 ι’ςίιιιι
503 4198 1107 4287 tuameres-mo.1eemp.m5ss.pqti
1129 4225 1173 4278 τις
1197 4195 1278 4284 ἡμᾶς

68 4285 137 4375 λόγος
163 4301 325 4387 θορυβεῖται
357 4300 632 4386 δεδιττόμενος,
606 4329 647 4382 ως
676 4329 735 4389 προ
770 4328 823 4369 του
810 4300 1093 4388 κεκινημένοι
1056 4329 1110 4368 τοι
1136 4297 1278 4385 σώφρονα

69 4391 106 4454 to
120 4412 314 4487 προαιρεῖσθαι
328 4406 413 4490 φίλον
426 4447 457 4460 -·-
470 4419 607 4489 legendum
620 4428 660 4472 est
676 4407 845 4494 θορυιιιίτω
867 4402 1123 4490 αἰνιττόμενος
1143 4413 1181 4467 Cf.
1191 4414 1276 4466 saun

70 4495 289 4604 tdh.1,1ticjplu„
307 4531 366 4564 nece
383 4513 434 4564 ullo
452 4531 496 4564 oua
515 4516 581 4564 ratio
600 4515 749 4579 absterreat,
767 4517 891 4567 ostendam
906 4545 937 4555 -
