2924 5132
1312 270 1327 310 Ρ
1348 299 1353 312 .

281 347 1227 423 Adecastandsmalendssrsqsssisanisnispslsriansorssnossssssssice
1327 284 1347 325 η

420 444 470 488 tuns
488 447 601 490 cortem
619 449 686 492 ortas
703 433 850 496 tractandae
867 450 924 494 sssnt
939 442 1099 510 potissimum.
1328 439 1356 491 90

118 584 121 598 ,
177 537 294 586 Musicae
313 537 375 590 laus.
394 538 485 603 Quales
496 540 567 590 Plato
583 547 610 591 et
625 547 716 608 politas
728 553 756 596 et
772 543 1116 624 ceteros-'artificessoluitl

519 660 556 711 lle
571 661 676 730 palare,
693 668 758 733 qaod
775 665 895 736 spectant
911 663 991 715 Plato.
1330 661 1355 712 91

179 762 366 811 Ciceronis
388 763 414 810 in
438 763 544 811 Oratore
558 763 631 812 loeus
648 767 808 832 praeclarus,
825 781 955 832 expressus
973 781 987 814 e
1004 765 1118 814 Platone.
1142 765 1205 830 Quid
1224 769 1315 829 praeter

136 849 255 912 pulcsssm
272 848 419 898 imitandum
434 854 473 897 est
484 850 646 900 artificibus?
663 855 687 901 Τ
685 854 771 918 rs’plea
787 854 812 903 in
826 852 968 918 judicando
985 850 1092 900 artificis
1107 866 1181 914 opere
1197 851 1315 914 quaestio.

140 935 210 984 Plato
220 934 340 1000 pulcram
355 935 450 983 morale
464 935 611 986 celebrarit.
629 937 776 1004 Apollonis
794 944 821 989 et
836 937 954 988 Socratis
965 938 992 987 in
1010 937 1141 1002 Symposio
1154 952 1290 988 sermones.

369 1023 1144 1132 osmaarmauerarmmmsameaoapuiapana.
1333 1055 1360 1107 er

175 1159 304 1208 Platonica
329 1157 412 1224 pulcri
436 1159 551 1210 doctrina
573 1162 641 1211 unde
659 1162 776 1227 petituri
799 1178 851 1228 quo
874 1161 994 1227 spectati
1022 1161 1135 1210 Platonis
1153 1161 1247 1226 scripta
1258 1160 1318 1222 foss

140 1247 231 1310 luere,
254 1260 268 1293 e
285 1260 336 1310 quo
353 1261 421 1294 suam
440 1247 592 1310 posteriores
605 1248 747 1297 doctrinam
761 1249 792 1297 de
812 1249 921 1314 pulcro,
942 1247 1058 1322 quadiu
1077 1247 1175 1297 artibus
1193 1248 1318 1310 cernitur,

139 1330 280 1380 haurirent.
304 1330 415 1380 Platonis
435 1332 530 1396 scripta
551 1336 689 1400 inopinans
707 1334 878 1400 disciplinae,
899 1334 981 1400 poetis
995 1338 1022 1382 et
1038 1331 1180 1382 oratoribus
1200 1333 1317 1394 traditae,

141 1419 264 1468 referunt.

259 1521 297 1574 lle
314 1508 417 1589 diolopis
433 1521 560 1588 Platonis,
578 1525 623 1590 qsss'
639 1524 674 1574 ad
687 1524 774 1593 palari
787 1523 966 1593 philosophiam
981 1525 1106 1592 pertinent
1121 1524 1247 1593 pressisse.
1333 1518 1360 1570 95

175 1621 205 1674 In
226 1623 397 1686 Phaedro,
419 1625 596 1690 Symposio
618 1629 645 1674 et
670 1627 851 1676 Charmide
868 1626 957 1690 quales
969 1625 1100 1691 juvenes?
1123 1626 1215 1690 quales
1230 1639 1321 1672 sermo-

140 1710 204 1760 nasi
231 1710 336 1774 Daplaa
358 1709 470 1758 Platonis
487 1711 514 1759 in
538 1711 678 1762 scribendis
694 1712 847 1762 Phaedro
866 1717 892 1760 et
908 1711 1086 1777 Symposio
1104 1710 1251 1760 consilium.
1276 1710 1320 1757 cur

144 1796 302 1847 Plseaetetssrn
314 1796 445 1861 proposuit
455 1797 567 1860 eorporis
581 1798 665 1863 speeie
678 1798 973 1848 minusoommendatum
979 1797 1121 1862 juvenem?
1133 1797 1191 1845 Alia
1205 1795 1318 1856 Platani,

139 1882 189 1932 alia
204 1882 392 1946 posterioribus
402 1883 563 1947 philosophis
578 1884 710 1934 doctrinae
727 1885 863 1934 tradendae
878 1885 952 1935 ratio.
971 1869 1194 1950 Quaeprascipaa
1213 1883 1259 1931 dos
1271 1896 1319 1928 esse

140 1966 242 2016 ridetur
258 1968 410 2032 scriptorum
431 1969 562 2019 Platonis?
585 1970 746 2034 Dialogorum
768 1972 825 2034 ejus
835 1971 925 2033 farma
942 1970 1044 2034 qualis?
1071 1969 1149 2034 Quale
1168 1969 1221 2018 luit
1235 1983 1319 2016 navans

141 2055 245 2120 poiseus
266 2070 361 2118 genua,
374 2091 375 2100 .
386 2056 428 2103 cui
448 2057 546 2106 studuit
561 2057 652 2106 Platol
677 2057 839 2122 Philosophia
853 2055 868 2124 ἦ
888 2061 995 2126 μεγίστη
1010 2053 1130 2124 μουσικὴ.
1153 2055 1279 2122 Vulgaris
1296 2060 1319 2102 et

142 2156 217 2190 veras
230 2141 339 2190 musices
358 2142 502 2192 discrimen.

449 2264 510 2316 DE
545 2264 744 2326 tuscul
781 2264 1063 2318 SCIENTIA.

363 2369 403 2420 Dc
418 2371 551 2438 disciplina
567 2373 675 2436 amaru,
694 2389 758 2454 pope
776 2373 810 2424 ad
824 2371 909 2442 pulcri
925 2372 994 2423 dsscs't
1010 2371 1145 2422 scientiam·
1198 2411 1205 2420 .

176 2471 307 2520 mansae
320 2473 442 2520 sermonis
455 2489 470 2522 a
486 2475 586 2523 Socrate
604 2475 678 2524 relati
697 2476 837 2524 enardians.

453 2577 492 2628 De
509 2579 601 2629 amoris
616 2588 718 2630 natura.
754 2578 797 2630 lla
813 2578 949 2646 indipentia
967 2578 1056 2628 oritur.

177 2677 262 2741 Qualis
279 2676 322 2726 illa
340 2677 502 2743 indigentia,
522 2685 548 2729 et
566 2697 674 2745 quarum
689 2697 774 2730 rerum
793 2680 930 2755 efficiens?
947 2681 1012 2744 Quid
1026 2680 1282 2736 animadvertendum
1295 2681 1318 2728 in

143 2763 264 2811 Diotimae
282 2765 416 2814 sermone?
433 2766 493 2814 liira
507 2766 599 2815 amoris
618 2768 663 2817 vis.

381 2871 509 2941 Ossaenam
523 2872 673 2938 potissimum
690 2870 737 2922 illa
753 2879 826 2935 som,
845 2887 909 2939 qaae
927 2841 1019 2938 appetit
1036 2870 1126 2922 amor?
1319 2858 1356 2914 ¹⁰3
1427 2909 1428 2912 ,

176 2971 306 3020 Diotimaa
327 2973 449 3022 sermonis
465 2975 627 3038 progressio.
651 2973 748 3040 Duplex
759 2973 884 3038 pariendi
899 2988 995 3022 sensus.
1022 2973 1093 3022 Idem
1112 2989 1195 3042 sermo
1202 2973 1270 3034 fans
1283 2974 1316 3019 est

83 3044 90 3060 ⁶
141 3057 341 3119 gravissimorum
358 3060 518 3124 placitorum.
538 3059 605 3122 Quae
620 3059 669 3107 luit
688 3061 734 3108 Di
740 3061 791 3107 oti
797 3055 868 3107 sna?
884 3059 931 3107 Ars
943 3059 1000 3122 ejus
1015 3060 1158 3125 expiatoria.

243 3161 281 3212 De
298 3163 341 3212 os'a
358 3171 380 3212 et
396 3164 505 3224 ratione,
523 3179 574 3228 qna
591 3162 710 3212 accedere
728 3163 846 3213 torsissem
863 3163 898 3214 ad
910 3163 996 3231 pulcri
1013 3164 1142 3214 scientiam
1160 3171 1263 3231 oportet.
1314 3153 1352 3242 iil·l

176 3259 306 3312 Diotisnae
322 3265 443 3313 sermonis
465 3265 560 3312 saitae.
590 3263 668 3326 Quale
694 3263 828 3313 discrimen
844 3265 912 3313 inter
929 3266 1046 3314 Socratis
1064 3266 1091 3314 in
1111 3265 1227 3314 Plraedro
1242 3265 1311 3327 hym·

143 3365 204 3398 num
228 3354 254 3397 et
275 3350 406 3400 Diots'snas
420 3339 579 3412 sermonem?
597 3350 765 3413 Philosophia
773 3349 864 3415 palari
876 3351 943 3415 apud
962 3351 1092 3400 Platonem
1110 3366 1161 3415 qus
1177 3367 1205 3400 re
1224 3349 1313 3398 distin-

57 3503 68 3532 *
142 3436 229 3499 guitur
246 3435 374 3498 evulgari
392 3431 556 3484 asstlsetica?
573 3435 692 3484 Ameria
709 3451 738 3484 en
752 3437 830 3500 spirat
843 3441 870 3484 et
886 3436 1038 3486 dominatur.

465 3538 502 3590 De
519 3539 641 3606 Symposii
658 3537 783 3589 Platonici
796 3541 881 3604 forma
897 3547 920 3590 et
936 3541 1041 3590 ratione.
1167 3549 1175 3568 ·
1314 3527 1356 3582 1111
1427 3503 1428 3560 i

173 3643 286 3692 Carmina
302 3643 450 3692 convivalia.
468 3641 576 3696 Σκόλια.
594 3643 621 3690 Χ
626 3656 683 3690 eno
688 3641 835 3705 plsosstsi
851 3639 978 3706 symposis'
993 3642 1066 3691 ratio.
1085 3641 1189 3705 Propria
1205 3638 1312 3689 Plato·

138 3730 215 3777 nici
228 3730 300 3780 ratio.
325 3730 473 3778 Sermonum
489 3727 616 3776 successio
630 3726 730 3790 qualis?
748 3727 802 3790 Quo
819 3732 933 3792 ternpore
947 3729 1069 3793 scriptum
1087 3719 1313 3791 symposium?

138 3815 282 3864 Phaedri
297 3819 324 3864 et
341 3814 512 3879 Sympoeii
527 3813 673 3888 discrimen.
691 3813 773 3878 Spirat
788 3814 814 3861 in
829 3814 946 3862 omnibus
963 3813 1086 3880 Symposii
1103 3811 1264 3861 sermonibus
1276 3821 1313 3871 ps·

138 3902 199 3949 nias
220 3901 348 3965 Platonis,
373 3901 478 3950 maxime
495 3915 555 3949 vero
569 3900 597 3948 in
613 3900 751 3950 Diots'moa.
774 3900 809 3947 Ex
822 3900 949 3949 amatoriis
972 3899 1131 3948 sermonibus
1146 3897 1241 3946 fluxere
1259 3907 1312 3958 pos-

137 3986 243 4036 teriores
259 3987 290 4037 de
306 3987 426 4036 amicitia
439 3987 630 4053 disputationes.
652 3985 836 4034 Ciceronis
857 3986 972 4036 Laelius.
990 3985 1134 4048 Amicitiae
1153 3999 1213 4032 cusu
1233 3990 1311 4030 asom

138 4074 300 4139 comparatio.
317 4074 509 4126 Plutarchi
525 4074 558 4122 de
576 4072 681 4122 Platone
696 4069 832 4134 judicium.
1008 4066 1009 4069 ’

655 4241 852 4264 ’.ἴτ’-Ἱππ
