2838 5120
744 265 806 347 iso

163 447 348 530 sophisticam
376 459 463 504 artem
491 445 696 526 explicandam
724 449 898 526 adhibetur,
929 465 961 512 nt
989 453 1154 516 inductioni
1175 460 1321 534 convenit,
1338 461 1367 520 ita

163 547 201 608 a'd
225 559 313 606 artem
342 543 423 604 illam
455 544 639 606 festivissima
668 547 780 609 ratione
809 550 1011 631 exagitandam
1037 554 1122 613 unire
1143 554 1229 615 valet
1267 555 1308 616 Ex
1326 560 1366 631 iis,

62 691 69 703 ,
161 668 233 727 quac
261 644 404 724 adscripta
433 655 522 717 sunt,
558 663 731 724 auguramur
759 650 821 726 jam
850 649 957 725 facile,
987 651 1065 730 quali
1096 661 1239 733 ‘quamque
1265 655 1366 716 ridiculi

158 746 253 827 specie
283 764 299 802 e
326 743 538 822 comparatione
566 741 734 822 proditurus
762 747 799 804 sit
827 747 971 828 sophista3
1006 748 1056 808 sed
1085 751 1281 828 attendamus,
1310 774 1365 833 quae

157 843 289 927 proxime
306 853 483 920 sequuntur:
531 842 611 921 cuge
639 863 707 903 vero
718 889 727 918 ‚
756 844 797 903 sic
823 847 917 926 pergit
946 845 1047 929 hospes
1075 849 1206 927 Eleates,
1232 852 1364 912 secundun

155 944 211 1004 hoe
241 939 405 1020 exemplum
428 938 602 1019 sophistam,
630 939 703 1019 quid
722 940 839 1002 tandem
858 945 914 1019 sit,
936 947 1070 1007 invenire
1088 969 1278 1010 conemur.-
1295 951 1364 1010 Cone

154 1061 229 1102 mur.
251 1069 284 1080 -
314 1035 397 1096 lllu‘d
423 1037 534 1097 scilicet
550 1038 677 1119 primum
693 1040 768 1115 fuit,
783 1041 868 1121 'quod
883 1035 1102 1122 quaesivimus,
1125 1060 1222 1108 utrum
1242 1063 1363 1128 exponen

154 1142 242 1214 artis,
274 1159 313 1197 au
339 1137 466 1218 ‘peritum
500 1157 560 1197 esse
593 1151 798 1214 statueremus,
829 1142 880 1220 qui
909 1141 993 1202 hamo
1026 1144 1171 1224 piscatur,
1204 1146 1362 1228 piscatorem,

151 1233 207 1302 τᾶν
226 1229 429 1316 ἀσπαλιευτὴν.
445 1269 477 1280 -
498 1236 566 1296 Fuit
585 1238 713 1297 omnino.
728 1273 763 1284 --
788 1240 825 1299 Et
844 1262 923 1300 nunc
941 1240 1058 1326 quidem
1075 1243 1232 1324 sophistam
1243 1291 1252 1320 ,
1278 1245 1365 1320 Thrae

153 1355 230 1417 tete,
256 1352 444 1420 expertemne
469 1335 538 1394 artis
559 1334 762 1415 aliquem,.an
784 1359 853 1398 reru
873 1342 1002 1399 omnium
1020 1342 1143 1404 maxime
1162 1345 1285 1424 peritum
1304 1364 1356 1404 rere·

151 1463 207 1522 que
236 1440 399 1516 sophistam
428 1434 582 1494 dicemus?
605 1469 636 1480 -
668 1435 794 1495 Minime
821 1458 891 1496 sane
921 1453 1086 1519 expertem:
1123 1441 1257 1522 intelligo
1286 1443 1357 1514 enin,

150 1539 223 1620 quid
249 1537 348 1612 dieas,
374 1535 493 1596 omniuo
522 1532 602 1591 hunc
630 1532 717 1592 talem
746 1555 806 1594 esse
825 1549 970 1616 oportere,
992 1539 1042 1616 qui
1063 1539 1181 1618 quidam
1199 1541 1254 1600 hoc
1274 1561 1357 1600 nomeu

150 1639 247 1700 habet.
269 1671 302 1682 -
332 1635 409 1695 Artis
438 1632 527 1711 igitur
552 1627 677 1708 alicujus
695 1631 820 1712 peritum
837 1655 897 1694 esse
914 1634 1069 1697 dicemus?
1092 1672 1121 1680 —
1146 1639 1298 1717 Cujusnam
1314 1652 1362 1697 uu·

149 1737 241 1798 dem?
264 1765 296 1778 -
327 1733 401 1793 Proh
430 1732 517 1804 Deos,
548 1729 750 1808 ignoramusue
779 1732 875 1793 virum
899 1753 964 1792 cum
985 1735 1052 1794 viro
1074 1751 1227 1816 cognatum
1246 1739 1320 1798 essel
1336 1766 1360 1774 -

122 1837 310 1910 'Quemnam
340 1831 448 1892 illum?
471 1859 503 1870 ·-
534 1828 706 1886 Piscatorern
736 1828 929 1892 hamularium
958 1853 1023 1892 cum
1041 1833 1179 1915 sophista.
1204 1867 1237 1878 -
1268 1838 1322 1911 Qua
1335 1836 1358 1892 in

148 1935 207 1994 re'l
228 1971 263 1984 -
291 1933 450 1993 Venatores
479 1925 598 2006 quidam
616 1944 675 1984 esse
692 1926 764 1985 mihi
783 1927 867 1989 ambo
886 1929 1034 1992 videntur.
1058 1963 1089 1972 —
1119 1934 1274 2011 Cujusnam
1291 1953 1358 1994 vena·

146 2033 237 2092 tionis
255 2031 353 2090 alterl
379 2026 417 2088 de
435 2023 526 2085 altero
545 2023 623 2082 enim
642 2021 780 2084 diximus.
801 2053 835 2065 -
850 2019 1007 2109 ¹Bipartito
1025 2029 1178 2092 divisimus
1196 2033 1357 2093 renationem

146 2151 280 2205 omnem,
302 2128 465 2189 namatium
483 2121 655 2184 animalium
675 2136 702 2182 et
720 2123 906 2204 pedestrium.
928 2156 963 2165 -
991 2127 1128 2190 Omnino.
1149 2160 1178 2168 -
1211 2131 1356 2192 Natantiuru

145 2230 256 2309 species
286 2225 429 2308 persecuti
456 2241 568 2293 sumus,
600 2216 743 2299 pedestria
770 2242 836 2284 vero
862 2245 921 2284 uon
940 2222 1111 2286 divisimus:
1132 2228 1301 2310 multiplicia
1317 2226 1356 2284 illa

144 2347 207 2386 csse
227 2325 403 2385 dicebamus.
421 2349 455 2360 -
474 2320 618 2380 Diximus.
631 2344 667 2357 -
686 2319 833 2380 Hactenus
852 2321 942 2400 igitur
959 2323 1085 2403 sophista
1105 2340 1133 2394 ot
1151 2328 1276 2408 piscator
1288 2322 1355 2384 simul

143 2418 208 2485 εἶναί
229 2423 284 2504 τῆς
304 2422 440 2503 κτητικῆς
460 2412 569 2500 τέχνης
590 2417 730 2498 progressi
750 2431 827 2478 sunt.
846 2458 881 2468 -
901 2418 993 2495 Sunt,
1015 2434 1047 2481 ut
1066 2423 1192 2485 videtur.
1213 2470 1245 2480 ..
1265 2425 1355 2484 Disces·
1410 2455 1411 2460 ¹

143 2541 245 2587 serunt
266 2547 334 2592 vero
364 2546 379 2583 a
408 2543 436 2583 se
465 2520 592 2582 invicem
618 2508 679 2576 cinci
709 2516 763 2596 τῆς
794 2514 999 2600 ζωοθηρικῆς·
1031 2524 1155 2604 piscator
1179 2523 1217 2583 ad
1245 2531 1354 2582 marcet
1409 2607 1410 2612 η

144 2625 267 2685 flumina
294 2643 327 2684 ac
356 2623 454 2696 lacus,
481 2639 555 2700 quae
575 2619 607 2678 in
625 2617 672 2678 his
688 2631 757 2678 sunt
775 2619 912 2680 animalia
932 2635 1098 2682 venaturus.
1120 2650 1154 2661 -
1183 2621 1312 2696 Quidni?
1328 2644 1353 2654 ·

139 2723 276 2806 Sophiste
295 2715 391 2780 autem
410 2721 443 2780 in
462 2733 567 2780 terram
586 2729 616 2776 et
633 2715 692 2776 ulia
711 2715 851 2793 flumina,
875 2717 967 2778 veluti
986 2720 1019 2780 in
1039 2701 1119 2800 prata
1138 2720 1277 2800 quaedam
1293 2717 1353 2778 divi·

139 2823 191 2882 tiis
218 2836 247 2882 ct
272 2823 427 2901 juventute
456 2813 655 2890 abundantia,
684 2835 758 2895 quae
777 2817 811 2877 iu
832 2816 879 2876 his
896 2831 963 2882 sunt
981 2818 1118 2878 animalia
1137 2818 1311 2880 subacturus.
1327 2842 1354 2854 -

137 2921 205 2996 Quo
231 2918 308 2980 illud
327 2919 437 3000 pacto?
460 2948 492 2958 -
522 2909 721 2996 Πεζοθηρίας
742 2914 817 2974 duae
836 2916 977 2976 maximae
996 2930 1091 2997 partes
1108 2932 1186 2978 sunt.
1207 2944 1243 2954 -
1270 2916 1352 2992 Qualis

138 3022 285 3100 utraque?
306 3050 341 3060 —
370 3017 468 3077 Altera
494 3018 645 3091 cicurum
676 3015 830 3096 agrestium
852 3013 951 3074 altera.
973 3049 1008 3058 -
1036 3015 1125 3074 Estne
1148 3036 1217 3075 vero
1243 3018 1351 3102 cicurum

134 3119 224 3176 etiam
254 3118 370 3176 venatio
399 3114 564 3194 quaedam?
586 3157 621 3168 -
650 3114 701 3176 Est
720 3113 858 3186 omnino,
888 3112 1032 3192 siquidem
1049 3112 1135 3172 homo
1154 3114 1236 3177 cicun
1262 3111 1351 3176 animal

136 3229 190 3279 est.
230 3216 308 3274 Pone
336 3233 419 3288 vero,
452 3215 495 3273 uti
524 3213 639 3294 placet,
670 3210 718 3272 vel
747 3230 808 3270 nou
826 3210 907 3268 cicur
925 3231 984 3270 esse
1002 3210 1113 3270 animal
1132 3210 1295 3287 hominem,
1314 3207 1351 3270 sed

134 3311 245 3393 agieste
263 3311 424 3392 quoddam,
446 3312 495 3373 rel
515 3313 596 3370 cicur
613 3331 688 3383 esse,
710 3307 823 3367 nullam
844 3329 912 3368 vero
932 3328 989 3368 esse
1008 3309 1159 3371 hominum
1175 3311 1349 3372 uenationem.
1404 3353 1405 3380 ,

135 3413 233 3486 llaec,
264 3425 444 3489 utrocunque
468 3409 552 3472 modo
581 3409 635 3468 tihi
666 3407 794 3489 placeat,
825 3405 956 3467 delinito.
978 3439 1013 3447 -
1042 3407 1102 3487 Ego
1122 3427 1192 3469 vero
1212 3422 1240 3469 et
1258 3418 1349 3470 nosmet

134 3531 212 3587 esse,
241 3531 259 3570 o
291 3509 414 3590 hospes,
443 3511 526 3570 ciour
559 3507 668 3569 animal
702 3503 827 3564 arbitror
861 3518 889 3565 et
916 3505 1066 3566 homiuum
1094 3527 1153 3566 esse
1183 3508 1348 3568 venationem

133 3609 210 3670 dico.
231 3637 266 3650 -
293 3607 448 3689 Duplicem
475 3607 563 3689 igitur
589 3623 648 3664 esse
677 3597 733 3684 τήν
753 3595 981 3685 ἡμεροθηρικήν
1002 3602 1140 3666 dicamus.
1163 3634 1198 3644 -
1230 3607 1290 3680 Qua
1316 3623 1347 3661 ra·
1381 3617 1384 3632 ·

130 3707 232 3767 tione'l
253 3747 287 3758 -
307 3705 537 3781 praedatoriam,
557 3699 840 3787 dodoouodcorooir,
862 3703 1061 3786 tyrannicam,
1082 3703 1219 3764 bellicam
1238 3722 1346 3772 omnem,

130 3819 235 3864 cuneta
260 3804 330 3864 hacc
356 3805 513 3866 violentam
535 3809 718 3868 venationem
738 3807 928 3890 appellamus.
949 3835 983 3844 -
1013 3805 1110 3864 Recte.
1131 3841 1166 3852 -
1196 3803 1274 3876 Quae
1292 3819 1345 3860 veru

29 3967 39 3986 ι
124 3901 294 3982 judicando
312 3902 346 3962 fit
365 3903 413 3963 vel
432 3904 633 3967 concionando
653 3907 702 3967 vel
718 3902 923 3976 conciliando,
944 3921 1003 3980 uno
1020 3899 1110 3962 verbo
1132 3890 1345 3981 ntdavoooyuuiv

128 4000 277 4080 quandam
294 4016 383 4061 artem
401 4001 535 4062 dicimus.
558 4038 591 4049 -
622 4004 710 4064 Bene.
730 4039 765 4050 -
797 3999 1041 4082 Πιθανουργαῆς
1061 4016 1156 4062 autem
1174 4003 1249 4064 duae
1265 4013 1342 4084 partes

128 4114 207 4161 sunt.
227 4127 263 4138 ·-
291 4101 397 4175 Quales
415 4101 507 4161 illae?
529 4136 564 4144 —
594 4101 691 4163 hltcra
711 4107 865 4185 privatim,
886 4103 1004 4186 publice
1022 4101 1112 4160 altera
1131 4100 1175 4161 fit.
1196 4144 1230 4154 -
1256 4101 1339 4162 Exstat

127 4213 247 4279 utraque
266 4199 382 4280 species
404 4239 439 4250 -
466 4193 719 4284 Ἰδιοθηρευτικῆς
740 4219 834 4266 autem
854 4225 920 4285 pars
939 4193 1172 4279 proclamaretur}
1193 4215 1248 4274 est,
1266 4197 1336 4256 altera

126 4290 326 4380 δωροφορικὴ.
346 4323 381 4336 ·-
398 4293 475 4361 'Nou
493 4304 641 4386 intelligo.
660 4331 695 4347 —·
723 4307 888 4364 limatorum
915 4304 1098 4370 venationem
1118 4300 1247 4362 nondum
1263 4307 1335 4356 atter

127 4397 204 4459 disse
230 4398 349 4461 videris.
370 4435 404 4444 —
435 4401 498 4474 Qua
528 4403 559 4461 in
586 4405 641 4463 rel
662 4431 697 4440 -
723 4401 809 4476 Quod
839 4401 914 4476 illis,
944 4423 1015 4482 quos
1042 4397 1177 4462 venando
1201 4399 1333 4478 ceperunt,

123 4518 242 4557 munera
261 4498 381 4578 insuper
401 4497 552 4560 adhibent.
575 4538 608 4546 -
638 4501 714 4560 Vera
735 4521 841 4560 narras.
856 4527 890 4538 -
912 4499 989 4559 Haec
1010 4499 1098 4579 igitur
1117 4496 1265 4556 amatoriae
1278 4484 1332 4546 ³f¹³⁵
