2950 5134
752 287 771 345 lt

139 466 175 525 de
202 461 311 544 profuit
337 457 427 531 mihi,
448 456 505 512 imo
526 471 592 512 vcro
610 451 729 544 salutem
748 445 853 506 attulit.
885 444 930 503 Ab
945 442 996 502 illo
1011 439 1081 501 inde
1100 427 1149 500 die
1165 443 1247 522 coepi
1262 459 1306 500 me
1320 457 1371 498 11-

139 592 291 660 gnoscere,
312 572 472 652 intelligere
490 565 562 646 quid
579 565 650 640 mihi
670 563 796 637 deesset,
821 559 966 639 inquirere
988 577 1045 635 quo
1063 556 1141 616 illud
1158 570 1242 637 pacto
1261 577 1372 638 possem

140 693 258 772 assequi.
285 687 365 764 Quid
384 684 520 764 quaeris?
551 681 656 741 Vivere
673 679 710 738 ab
729 678 783 736 hoc
803 674 873 735 inde
891 687 1016 753 tempore
1035 673 1134 753 coepi,
1163 671 1305 751 siquidem
1324 673 1373 732 vi·

140 830 207 871 vere
234 828 294 866 non
323 799 526 880 est'spiritum
556 795 679 868 ducere,
710 792 760 851 sed
788 792 916 850 animum
944 787 1088 868 explicare
1116 786 1154 846 ad
1182 785 1373 868 percipienda
1455 809 1458 814 ·

142 922 289 1006 praeclara
309 917 424 989 omnia,
445 915 478 972 in
496 912 589 989 iisque
607 909 774 969 felicitatem
795 924 939 985 quaerere.

180 1039 242 1096 Hac
261 1048 320 1094 arte
340 1030 500 1102 Socratica,
522 1040 554 1085 ut
572 1026 633 1105 ipse
651 1044 714 1083 sum
731 1043 783 1081 usu
803 1033 955 1101 expertus,
966 1016 1105 1077 excelluit
1114 1016 1370 1097 Wyttenhachius.

142 1155 200 1213 Nec
218 1152 322 1210 mirum
340 1145 463 1217 iccirco,
483 1155 596 1201 tantum
614 1139 753 1221 profuisse
772 1138 832 1214 ejus
852 1133 1037 1214 disciplinam
1050 1132 1219 1210 juventuti,
1233 1145 1375 1211 quantum

143 1266 386 1351 paucissimorum.
428 1257 526 1316 Media
546 1256 615 1314 haec
634 1267 694 1313 erat
713 1253 789 1311 inter
809 1249 881 1308 duas
899 1249 1023 1307 rationes
1037 1260 1193 1321 extremas,
1204 1251 1277 1326 quae
1292 1267 1375 1327 aegre

143 1383 298 1445 evitantur.
328 1373 417 1434 Haud
436 1385 495 1431 erat
510 1369 660 1443 difficilis,
676 1353 763 1441 dura,
779 1385 891 1446 aspera,
906 1361 1118 1442 restinguendis
1132 1362 1276 1442 ingeniis,
1286 1382 1375 1441 quam

144 1493 324 1568 excitandis,
346 1490 456 1571 aptior:
479 1498 613 1545 necerat
641 1498 737 1543 tamen
761 1493 818 1540 tota
844 1477 881 1538 ad
901 1477 1105 1538 delectandum
1124 1477 1287 1556 composita.
1329 1477 1375 1536 Ex

143 1615 198 1672 hac
218 1611 312 1683 11111,
333 1606 421 1679 vani,
442 1601 540 1660 futiles
563 1599 655 1658 solent
680 1595 850 1678 procedere,
872 1613 908 1650 ex
928 1592 980 1651 illa
998 1592 1092 1660 tristes
1110 1605 1138 1650 et
1157 1592 1265 1650 morosi·
1278 1590 1375 1650 homi-

145 1749 204 1789 nes.
235 1722 367 1783 Habebat
384 1719 439 1778 hoo
456 1715 603 1797 proprium
624 1727 651 1772 et
670 1709 832 1791 singulare,
854 1722 886 1767 ut
905 1707 943 1767 ad
960 1698 1018 1765 rem
1035 1702 1166 1766 tenderet
1185 1707 1294 1788 ipsam,
1316 1728 1375 1767 non

146 1841 309 1903 deflecteret
327 1838 359 1895 111
373 1833 522 1912 ambages,
543 1827 699 1907 inquibus
722 1825 826 1898 frustra
852 1823 912 1882 fere
940 1811 1033 1881 omnis
1052 1822 1230 1882 consumitur
1250 1820 1374 1902 diligen·

145 1960 196 2018 111.
226 1951 445 2015 Grammaticam
465 1968 494 2007 v.
523 1966 548 2004 1.
570 1944 740 2024 scriptorum
767 1938 1030 2020 interpretationem
1059 1955 1142 1995 nemo
1169 1935 1221 1995 illo
1250 1956 1377 2014 unquam

149 2073 196 2134 vel
215 2065 426 2134 commendavit
444 2061 532 2140 magis
559 2057 607 2120 vel
625 2055 831 2138 propugnavit:
860 2074 913 2112 nec
934 2067 1030 2111 tamen
1053 2064 1113 2109 erat
1134 2050 1376 2124 Grammaticus,

89 2229 90 2232 =
149 2187 199 2267 qui
217 2186 303 2264 vulgo
323 2181 431 2241 dicitur
441 2223 450 2251 ,
471 2177 490 2236 i.
513 2196 536 2233 e.
558 2173 641 2232 homo
651 2171 747 2250 ,vqui,
769 2171 800 2228 in
829 2163 940 2229 voculis
957 2180 985 2226 et
996 2166 1124 2247 ‘syllabis
1142 2166 1280 2240 haerens,
1302 2166 1376 2246 leges

149 2317 257 2382 semper
282 2299 443 2376 loqueretur
468 2291 528 2350 1111
547 2289 672 2372 regulae
691 2286 759 2344 artis
787 2302 938 2360 earumque
962 2281 1111 2341 varietates
1138 2291 1166 2338 et
1185 2281 1377 2360 exceptiones.

152 2413 315 2476 Adhibebat
338 2409 390 2470 illa
413 2406 508 2466 omnia
527 2403 664 2462 continuo
692 2400 730 2459 ad
757 2401 818 2479 ipsa
838 2397 943 2476 scripta
962 2407 1101 2472 veterum
1116 2415 1181 2452 cum
1204 2395 1379 2475 explicanda

151 2533 222 2603 rite,
240 2543 319 2601 tum,
347 2525 370 2583 si
389 2541 460 2604 opus
479 2533 563 2592 esset,
593 2513 782 2576 emendanda.
823 2512 869 2570 Sic
884 2511 1090 2569 minutissimae
1114 2509 1379 2570 animadversiones

154 2643 350 2728 grammaticae
361 2640 451 2696 instar
465 2633 640 2695 videbantur
655 2630 892 2710 gravissimarum.
914 2626 986 2698 Nam
995 2623 1180 2704 pertinebant
1188 2645 1248 2683 non
1258 2624 1296 2683 ad
1312 2625 1380 2684 lites

153 2777 181 2820 11
205 2754 412 2819 controversias
427 2749 671 2830 grammaticorum
692 2744 728 2803 de
750 2741 903 2827 levissimis
922 2738 1007 2798 rebus
1025 2738 1220 2818 gravissimas,
1245 2753 1277 2798 ut
1296 2741 1379 2801 novi-

153 2897 229 2948 mus,
244 2886 271 2931 et
280 2865 536 2953 pertinacissimas,
559 2860 609 2919 sed
627 2859 763 2920 valebant
771 2856 815 2915 ‘ad
834 2855 967 2928 Homeri,
978 2852 1015 2912 ad
1035 2853 1177 2928 Platonis,
1187 2853 1225 2912 ad
1236 2854 1380 2914 immorta·
1468 2899 1469 2910 ,

154 2993 193 3051 111
210 2983 512 3047 excellentissimorum
527 2975 707 3054 ingeniorum
721 2982 904 3030 monumenta
924 2955 1097 3027 illustranda
1117 2982 1200 3047 atque
1220 2969 1380 3049 integritati

154 3099 348 3174 restituenda,
369 3097 401 3156 in
422 3093 526 3174 quihus
545 3089 590 3151 vel
614 3088 809 3148 tenuissimam
828 3083 922 3143 labem
939 3104 1024 3160 quam
1042 3083 1194 3162 aegerrime
1215 3081 1379 3142 toleramus.

155 3219 238 3295 Quod
252 3213 372 3295 cognovi
391 3189 516 3282 deinde,
536 3225 623 3285 quum
642 3202 747 3283 legeret
766 3200 817 3259 ille
835 3218 943 3257 mecum
958 3197 1113 3256 Platonem.
1143 3197 1214 3256 Nam
1234 3197 1331 3254 afferre
1352 3199 1378 3255 ei

156 3331 313 3394 identidem
341 3324 464 3387 solebam
492 3321 552 3380 loca
578 3317 761 3390 difficiliora,
782 3334 853 3393 quae
876 3333 936 3372 non
961 3309 1182 3372 intellexissem:
1212 3310 1262 3369 ille
1283 3323 1379 3368 autem

156 3445 325 3529 vespertinis
342 3439 519 3523 potissimum
537 3435 615 3494 horis
634 3435 709 3492 inter
729 3429 890 3500 Socratica,
911 3427 935 3485 si
960 3447 1019 3484 non
1037 3424 1138 3505 pocula
1147 3471 1156 3500 ,
1177 3439 1251 3484 certe
1270 3426 1379 3484 monita
1411 3411 1418 3426 ⁸

157 3580 183 3626 et
203 3560 363 3640 colloquia,
384 3575 456 3633 quae
480 3553 563 3630 longe
591 3548 663 3607 mihi
688 3543 858 3604 accidebant
887 3540 1035 3613 dulciora,
1057 3561 1112 3598 una
1143 3561 1254 3599 mecum
1271 3555 1331 3600 erat
1347 3543 1380 3600 in

157 3676 330 3740 bibliotheca
349 3687 377 3731 et
395 3684 485 3729 totum
503 3687 532 3724 se
550 3664 620 3722 mihi
639 3660 735 3720 dabat.
766 3660 873 3737 hegens
889 3657 1094 3735 igiturmeeum
1114 3656 1176 3714 loca
1193 3656 1264 3729 illa,
1285 3657 1380 3736 singu·

158 3797 193 3855 lis
223 3789 402 3870 diligentiam
426 3780 583 3842 adhibebat
601 3797 753 3847 summam,
776 3785 807 3830 ut
822 3772 983 3849 exquireret
1000 3770 1122 3850 primum
1141 3771 1292 3831 verborum
1309 3785 1382 3830 stru·

158 3925 283 3980 cturam,
304 3919 363 3963 tum
381 3897 559 3978 singularum
579 3913 680 3952 vocum
695 3889 911 3965 dictionumque
923 3905 1003 3944 usum
1022 3899 1050 3945 et
1069 3884 1323 3965 significationem,
1345 3908 1382 3946 ne

160 4023 284 4084 minimis
303 4017 419 4099 quidem
445 4011 554 4074 omissis
579 4004 736 4088 particulis.
775 4001 887 4076 Quibus
913 4001 1078 4080 singulatim
1106 4002 1273 4080 patefactis,
1303 4001 1383 4061 haud

159 4135 354 4205 desiderabam
385 4128 519 4208 equidem
551 4123 700 4181 universae
727 4117 883 4177 sententiae
909 4115 1182 4195 interpretationem.
1229 4118 1319 4191 Nam,
1349 4135 1383 4175 eo

143 4255 251 4326 Ι(11111,
272 4262 370 4332 sponte
389 4243 461 4302 mihi
489 4238 610 4301 videbar
637 4252 696 4294 eam
715 4229 803 4324 totam
823 4249 880 4290 esse
898 4241 1049 4288 assecutus.
1089 4230 1268 4312 Tum'vero,
1290 4230 1383 4312 expli-

162 4371 218 4428 cito
238 4367 318 4437 loco,
340 4381 389 4440 ego
407 4359 466 4417 fere
486 4355 523 4414 ad
552 4353 639 4412 alium
665 4346 797 4430 progredi
826 4360 853 4405 11
872 4346 1023 4416 festinare,
1043 4363 1127 4421 quem
1144 4345 1251 4424 pariter
1269 4345 1383 4405 intelli-

162 4505 224 4564 gere
243 4499 372 4540 averem:
404 4471 454 4531 ille
474 4491 541 4531 vero
560 4487 618 4526 non
637 4466 738 4523 sinere.
778 4459 885 4533 Lente,
906 4481 923 4518 o
942 4457 1034 4532 bone,
1055 4459 1167 4538 inquit,
1186 4459 1384 4520 festinandum
