2908 5114
722 283 782 342 352

135 467 244 536 spectat
273 464 321 508 aut
351 447 490 523 requirit:
524 445 592 504 hinc
625 460 721 505 autem
750 447 781 504 in
803 448 906 527 primis
923 450 1129 528 praestantiam
1149 445 1246 508 habet.
1289 445 1373 522 Quod

136 553 205 612 item
223 549 308 609 nobis
327 543 379 604 ille
400 543 545 603 Socratica
564 558 592 603 et
612 544 762 604 Platonica
783 546 894 604 ratione
913 545 1086 625 explicabit.

177 647 312 708 Studium
331 641 408 701 illud
428 641 641 721 cognoscendi,
662 643 716 717 ait,
738 656 796 700 tarn
815 642 910 702 brutis
928 645 1141 720 animantibus,
1157 665 1244 723 quam
1262 643 1375 704 homini

137 751 239 806 natura
267 742 414 813 inditum,
446 739 586 817 ejusmodi
617 755 675 815 est,
704 754 735 798 ut
763 763 823 802 non
842 755 961 821 quaerat
982 742 1155 817 utilitatem,
1176 744 1271 824 ipsum
1288 753 1376 800 semet

135 856 304 904 contentum
323 840 370 899 sit.
392 836 499 918 Χωρίς
514 838 569 919 τῆς
583 835 688 919 χρείας
707 840 846 900 animalia
865 840 962 898 omnia
981 839 1083 898 audire
1100 839 1216 919 aliquid
1230 854 1260 898 et
1276 837 1377 900 videre

135 935 280 1024 gestiunt:
311 940 419 1018 pariter
448 939 550 1016 homo,
579 942 694 1021 sapiens
717 960 803 1012 vero,
829 937 914 996 missa
933 939 1012 996 omni
1033 938 1170 998 utilitatis
1189 961 1259 1018 spe,
1280 957 1376 996 rerum

134 1038 286 1100 scientiam
306 1044 403 1114 ipsius
423 1044 566 1095 scientiae
583 1038 682 1097 caussa
702 1037 822 1116 appetit.
864 1034 900 1093 Id
919 1034 1031 1095 scilicet
1050 1037 1209 1116 sapientiae
1225 1035 1376 1117 proprium

133 1152 186 1199 est.
217 1127 263 1194 Τδ
284 1126 341 1214 γοὶρ
364 1129 579 1210 αἰσθάνεσθαι,
602 1129 721 1196 πάντων
742 1128 850 1194 κοινόν·
874 1127 922 1193 διδ
943 1126 1061 1216 ῥᾴδιον,
1083 1131 1133 1193 καί
1156 1129 1244 1194 οὐδὲν
1265 1127 1376 1211 σοφὸν·

135 1230 178 1297 ἔτι
199 1229 252 1296 τδν
279 1229 483 1318 ἀκριβέστερον
508 1236 558 1298 καὶ
584 1228 638 1298 τίν
665 1229 949 1315 διδασκαλικώτερον
975 1235 1037 1295 τῶν
1063 1233 1180 1309 αἰτίαν,
1204 1228 1376 1314 σοφώτερον

135 1331 207 1398 εἶναι
228 1335 296 1418 περὶ
317 1336 415 1396 πᾶσαν
437 1333 617 1421 ἐπιστήμην·
640 1337 689 1400 καὶ
709 1337 772 1399 τῶν
794 1335 967 1418 ἐπιστημῶν
986 1332 1022 1397 δὲ
1037 1332 1093 1418 τήν
1108 1331 1203 1418 αὐτῆς
1219 1334 1311 1398 ἕνεκεν
1328 1335 1375 1396 καί

133 1440 189 1500 τοῦ
209 1433 316 1499 εἰδέναι
339 1432 429 1518 χάριν
451 1437 571 1523 αἱρετήν
598 1434 703 1514 οὖσαν,
725 1440 839 1518 μᾶλλον
860 1434 932 1502 εἶναι
954 1437 1089 1521 σοφίαν
1110 1434 1131 1521 ἢ
1153 1436 1210 1522 τήν
1223 1439 1285 1501 τῶν
1299 1433 1375 1498 ὠτο-

133 1536 298 1623 βαινόντων
320 1537 420 1602 ἕνεκεν.
445 1541 474 1623 l)
504 1545 604 1623 Itaque
635 1557 785 1624 postquam
815 1557 891 1604 artes
919 1564 1018 1602 omnes
1041 1543 1200 1604 advitam
1230 1541 1319 1600 utiles
1349 1554 1375 1599 ct

134 1644 311 1704 necessariae
330 1644 468 1703 inventae
490 1656 575 1716 sunt,
604 1641 722 1701 tandem
743 1641 839 1702 excoli
861 1641 1013 1701 doctrinae
1045 1653 1218 1721 coeperunt:
1250 1659 1326 1716 quae
1343 1659 1375 1696 eo

135 1744 242 1820 majore
271 1740 388 1799 habitae
418 1741 482 1800 loco
511 1753 597 1814 sunt,
629 1761 686 1818 quo
715 1740 811 1798 minus
843 1740 1012 1820 spectabant
1034 1738 1207 1812 utilitatem,
1228 1736 1324 1813 iisque
1344 1737 1374 1795 in

135 1838 302 1919 regionibus
322 1837 455 1897 excultae
476 1853 546 1896 sunt
565 1839 704 1910 maxime,
727 1837 759 1894 in
779 1837 886 1914 quibus
905 1839 996 1896 otium
1016 1851 1099 1896 erant
1119 1836 1198 1895 nacti
1219 1836 1373 1914 sapientes.

135 1938 245 2025 lorii-co
274 1937 307 1993 in
335 1938 467 2014 Aegypto
495 1935 710 1994 mathematicae
739 1948 813 1994 artes
842 1937 1053 1994 constiterunt:
1089 1933 1153 1992 illic
1181 1933 1260 1991 enim
1285 1933 1374 1990 otiari

137 2034 245 2092 licebat
273 2032 452 2092 sacerdotum
481 2034 569 2112 genti.
611 2034 670 2090 Nec
697 2054 767 2094 vero
792 2034 907 2092 mirum.
938 2032 994 2091 Illa
1023 2033 1102 2090 enim
1123 2033 1213 2111 magis
1231 2030 1374 2110 sapientia

135 2131 270 2190 habenda
289 2144 350 2203 est,
371 2152 444 2210 quae
464 2129 587 2209 imperat
606 2131 686 2210 ipsa,
708 2152 793 2209 quam
811 2151 885 2208 quae
904 2131 970 2190 aliis
988 2131 1185 2210 obtemperat:
1208 2151 1268 2188 non
1283 2149 1374 2208 opor-

134 2242 176 2288 tet
194 2222 404 2289 ἒπιτάττεσθαι
427 2220 481 2287 τδν
502 2221 611 2306 σοφδν,
639 2221 701 2287 ἀλλ’
723 2220 898 2302 ἐπιτάττειν,
925 2225 974 2289 καὶ
995 2222 1032 2288 ori
1056 2227 1162 2288 τοῦτον
1189 2221 1280 2309 ἑτέρῳ
1309 2225 1373 2286 πεί-

134 2331 266 2404 θεσθαι,
295 2318 370 2388 dud
398 2323 495 2411 τούτῳ
522 2322 576 2387 τόν
604 2319 696 2408 ἦττον
726 2322 828 2408 σοφδν.
870 2332 951 2390 Patet
974 2331 1081 2409 igitur,
1103 2321 1145 2401 ὠς
1172 2323 1211 2388 δι’
1231 2323 1375 2405 οὐδεμίαν

134 2424 229 2508 αὐτήν
252 2428 402 2509 ζητοῦμεν
423 2427 527 2509 χρείαν
549 2424 669 2509 ἑτέραν,
691 2425 754 2491 ἀλλ’
776 2424 875 2511 ὥσπερ
898 2421 1064 2507 ἄνθρωπός
1085 2450 1186 2514 φαμεν
1214 2423 1374 2507 ἐλεύθερος

135 2524 154 2591 ό
176 2525 269 2591 αὐτοῦ
291 2527 373 2591 ἕνεκα
395 2528 443 2590 καί
463 2525 508 2612 μή
530 2523 635 2604 ἄλλον,
658 2525 754 2606 οὕτως
775 2531 823 2594 καί
845 2525 922 2610 αὐτή
944 2522 1021 2609 μόνη
1045 2527 1194 2613 ἐλευθέρα
1215 2526 1288 2593 οὖσα
1313 2533 1376 2593 τῶν

134 2631 321 2715 ἐπιστημῶν·
344 2627 438 2713 μόνη
461 2622 530 2713 γαρ
553 2625 647 2714 αὕτη
671 2629 770 2715 αὐτῇ
778 2659 792 2708 ς
814 2628 1061 2696 tractatorio.
1083 2635 1158 2714 Ergo
1168 2650 1245 2695 recte
1265 2635 1376 2713 aliquis

133 2737 166 2795 in
186 2736 333 2795 hominem
354 2757 413 2793 non
430 2735 532 2794 cadere
549 2738 610 2812 ejus
629 2739 834 2816 possessionem
851 2735 978 2794 dixerit:
999 2733 1139 2817 πολλαχῇ
1160 2728 1218 2814 γάρ
1240 2728 1261 2813 η’
1281 2728 1377 2808 φύσις

133 2827 226 2913 δούλη
249 2834 310 2894 ccciv
331 2821 507 2911 ἀνθρώπων
529 2830 622 2893 ἐστίν·
665 2850 856 2894 veruntamen
875 2855 935 2892 non
957 2835 1073 2895 invidet
1092 2835 1263 2894 hominibus
1281 2837 1376 2908 Deus,
1452 2867 1453 2889 r

132 2956 224 3014 neque
240 2936 326 2995 aliam
346 2957 398 2994 nos
417 2933 500 2994 decet
510 2937 616 3012 majore
634 2925 914 3012 λιοσοι·ο1]ολνοι·ο;η.
928 2926 985 3013 γάρ
1001 2927 1144 3014 θειοτάτη
1161 2931 1210 2994 καί
1227 2929 1376 3009 τιμιωτά-

130 3057 177 3114 tq.
199 3032 230 3115 2)
260 3032 318 3093 Sed
336 3032 373 3091 de
392 3047 495 3092 natura
515 3047 543 3090 ct
562 3033 736 3092 excellentia
757 3031 876 3094 divinae
896 3033 984 3112 hujus
1002 3036 1139 3095 scientiae
1160 3035 1312 3095 diximus:
1338 3036 1375 3097 de

129 3139 193 3214 ejus
212 3135 271 3194 fine
290 3133 331 3191 sic
351 3131 468 3191 disserit
488 3145 595 3191 auctor.

170 3235 224 3291 Per
244 3230 466 3289 admirationem
485 3227 618 3287 homines
637 3242 665 3287 et
686 3248 764 3288 nunc
784 3243 812 3288 et
825 3229 956 3310 'primum
975 3231 1179 3312 philosophari
1201 3247 1374 3312 coeperunt.

128 3353 162 3390 ac
182 3328 329 3411 principio
348 3326 466 3406 quidem
485 3324 656 3387 admirando
676 3349 748 3406 quae
768 3327 854 3387 obvia
875 3342 961 3387 suut:
988 3329 1098 3389 deinde
1125 3330 1266 3411 paulatim
1297 3331 1375 3389 ulte·

128 3431 191 3489 rius
207 3425 416 3508 procedentes,
439 3424 475 3483 de
494 3425 650 3504 majoribus
670 3424 825 3498 dubitant,
858 3426 950 3486 veluti
970 3426 1007 3485 dc
1036 3428 1294 3488 vicissitudinibus
1324 3430 1374 3488 lu-

129 3521 202 3604 tiae,
232 3526 320 3599 solis,
352 3523 518 3598 stellarum,
549 3523 641 3604 deque
673 3524 803 3582 universi
833 3525 1027 3603 generatione.
1069 3526 1127 3599 Qui
1154 3547 1224 3586 vero
1251 3525 1374 3587 dubitat
1450 3565 1451 3587 i

55 3605 60 3620 Ν
126 3641 212 3708 atquc
243 3623 423 3697 admiratur,
455 3636 538 3702 putat
568 3644 598 3681 se
628 3623 778 3702 ignorare:
819 3643 906 3702 quare
934 3622 1126 3704 philosophus
1152 3624 1372 3704 quodammodo

127 3720 299 3806 φιλόμυθος
320 3736 381 3780 est:
413 3721 517 3799 μῦθος
537 3721 615 3779 enirn
641 3718 826 3779 mirabilibus
856 3734 977 3780 constat.
1019 3723 1162 3796 Quocirca
1192 3724 1216 3782 si
1246 3739 1372 3804 propter

127 3827 224 3905 fugam
255 3825 435 3904 ignorantiae
459 3818 661 3902 ‘philosophati
691 3831 758 3876 sunt
785 3817 935 3893 homines,
964 3834 1064 3900 patet,
1105 3820 1301 3899 cognoscendi
1324 3843 1372 3881 eos

125 3924 225 3983 caussa
244 3923 395 3981 scientiam
413 3931 586 4001 prosecutos.
610 3913 641 3996 3)
669 3917 705 3998 Et
724 3914 901 3993 sicquidem
930 3919 1043 3997 peperit
1069 3918 1283 4000 philosophiam
1313 3922 1371 3981 ad-

126 4021 250 4082 miratio.
294 4021 332 4079 Ut
364 4041 432 4080 vero
461 4019 494 4077 in
523 4016 603 4077 omni
632 4014 835 4093 disquisitione
866 4013 897 4073 id
919 4013 1004 4074 uobis
1025 4030 1184 4076 extremum
1206 4031 1265 4094 est,
1284 4021 1370 4098 quod

125 4192 382 4207 „——.........-.

160 4300 184 4362 ll
203 4303 282 4353 Arist.
296 4298 414 4366 Metapa.
434 4295 452 4346 l.
471 4312 498 4362 p.
515 4298 539 4346 lt.

159 4387 185 4452 2)
204 4386 240 4438 ld.
262 4387 313 4437 eod.
333 4401 359 4450 p.
378 4378 468 4434 3-6.

158 4471 184 4536 et
203 4472 239 4522 ru
258 4473 307 4522 eoa.
327 4487 352 4535 p.
372 4470 396 4519 5.
