2950 5134
673 279 709 340 31

38 458 42 468 '
95 445 163 524 quod
180 443 219 504 nil
248 465 307 502 non
337 443 575 524 complectemur
602 443 676 502 scitu
702 442 825 523 dignum
836 488 845 516 ,
866 443 906 500 ita
927 443 992 500 1111
1020 463 1078 502 esse
1097 446 1312 536 existimabatur

97 543 259 616 uberrimus,
280 561 295 598 1
314 561 371 620 quo
387 554 462 600 artes
481 559 579 600 omnes
597 553 625 598 et
644 539 819 620 disciplinae
839 551 998 600 manarent.
1040 542 1141 622 ltaque
1162 546 1262 605 Cicero
1276 545 1313 607 de

96 641 222 721 germanis
247 638 444 720 philosophis:
477 639 535 699 aad
564 637 748 698 Academicos
771 651 806 698 et
826 638 1027 718 Peripateticos
1050 655 1160 700 veteres
1178 658 1314 705 converte

95 755 250 818 te,quaeso.
272 737 317 796 Ex
327 757 424 814 eorum
442 737 520 795 enirn
539 737 655 817 scriptis
673 751 701 796 et
720 735 861 794 institutis
875 756 941 794 cum
960 737 1314 800 omnisdoctrinalibera-

95 839 141 912 lis,
161 838 249 896 omnis
276 835 413 909 historia,
434 836 527 894 omnis
547 855 638 894 sermo
668 834 783 914 elegans
806 834 880 892 sumi
908 848 1018 916 potest,
1040 850 1100 895 tum
1132 840 1254 898 varietas
1272 853 1313 899 est
1363 911 1371 928 ι

95 949 162 993 tanta
189 936 312 1007 artium,
341 946 373 991 ut
400 953 483 992 nemo
515 934 577 992 sine
609 953 642 992 eo
670 933 862 992 instrumento
890 931 928 992 ad
957 932 1046 993 ullam
1076 955 1136 996 rem
1167 936 1312 997 illustrio-

95 1053 145 1091 rem
159 1034 223 1092 satis
242 1044 359 1091 ornatus
379 1033 467 1110 possit
485 1030 629 1090 accedere.
671 1030 716 1089 Ab
731 1029 777 1088 his
795 1043 935 1106 oratores,
957 1030 993 1089 ab
1012 1031 1058 1091 his
1077 1034 1261 1114 imperatores
1278 1057 1311 1095 ac

95 1151 176 1188 rerum
203 1129 386 1209 publicarum
411 1130 558 1210 principes
584 1128 776 1188 exstiterunt:
798 1141 830 1186 ut
856 1126 894 1186 ad
916 1129 1028 1188 minora
1047 1132 1180 1208 veniam,
1201 1134 1314 1194 mathe-

95 1229 199 1302 rustici,
229 1233 348 1308 poetae,
375 1227 496 1302 musici,
523 1225 628 1285 medici
655 1226 781 1306 denique
810 1247 847 1285 ex
873 1228 930 1286 hoc
958 1236 1104 1306 tunquam
1124 1252 1161 1288 aa
1179 1239 1313 1290 omnium

93 1334 195 1384 ortium
215 1327 337 1406 afflatae
354 1326 475 1407 profecti
494 1339 589 1384 sunt.»
615 1322 644 1405 l)
672 1325 709 1384 Et
727 1345 796 1385 vero
815 1324 934 1400 Strabo,
955 1329 1086 1404 quamvis
1104 1328 1184 1388 haud
1201 1331 1311 1412 impro—

92 1425 153 1482 bans
169 1445 265 1483 eorum
284 1423 521 1482 consuetudinem
531 1469 540 1498 ,
561 1425 609 1502 qui
635 1422 847 1505 philosophiam
870 1438 1007 1485 vocarent
1029 1447 1124 1485 rerum
1142 1425 1309 1488 divinarum

91 1537 114 1580 11
130 1521 315 1581 humanarum
335 1529 512 1596 scientium,
532 1536 647 1596 tamen,
668 1522 702 1578 in
728 1521 874 1601 praeclaro
902 1520 955 1581 illo
975 1517 1069 1604 operis
1096 1525 1234 1600 exordio,
1254 1526 1309 1586 hoc

91 1622 200 1680 maxime
221 1623 297 1701 egit,
319 1635 351 1679 ut
371 1621 529 1680 ubertatem
548 1620 726 1701 praedicaret
754 1619 972 1701 philosophiae,
993 1621 1083 1702 ipsam
1103 1621 1174 1682 adeo
1193 1644 1310 1704 geogra-

92 1719 176 1798 phiam
195 1739 232 1777 ex
253 1741 284 1777 ea
306 1719 457 1777 effloruisse
475 1717 690 1777 demonstraret.

124 1819 179 1878 lloc
199 1832 294 1877 autem
314 1816 472 1896 indagandi
492 1817 740 1896 cognoscendique
754 1814 882 1875 studium
899 1815 1061 1898 inscriptis
1078 1817 1207 1878 Platonis
1217 1820 1313 1880 domi-

93 1931 164 1974 natur
182 1918 279 1998 plane.
299 1915 387 1974 Haud
406 1913 529 1974 condere
549 1929 669 1976 conatur
688 1914 850 1973 doctrinam
861 1913 1005 1993 quandam
1014 1916 1076 1976 sive
1084 1931 1205 1996 systema
1214 1967 1223 1993 ,
1234 1920 1313 1998 quod

30 2021 31 2034 ¹
91 2036 133 2072 nos
150 2036 284 2075 vocamus
294 2059 303 2090 ,
324 2013 375 2074 sed
392 2013 535 2072 Socratem
553 2026 581 2071 et
605 2011 677 2071 alios
696 2013 736 2070 sic
759 2011 875 2070 inducit
893 2033 938 2071 res
952 2014 1131 2092 gravissimas
1145 2018 1311 2096 perquiren-

90 2127 123 2170 tes
148 2128 174 2172 et
198 2114 424 2192 investigantes,
447 2123 478 2168 ut
501 2107 582 2169 dioas
599 2109 743 2186 subinde,
763 2109 817 2169 hac
839 2131 904 2168 eum
922 2111 1122 2191 disquisitione
1146 2129 1313 2176 contentum

92 2212 173 2280 luisse.
214 2212 346 2271 Instituit
364 2207 462 2288 longas
482 2206 607 2267 subinde
626 2206 662 2266 de
686 2218 807 2283 sancto,
829 2207 865 2267 de
886 2218 1107 2288 temperentia,
1128 2210 1165 2270 de
1185 2222 1313 2274 scientio

93 2307 305 2390 disputationes,
327 2305 358 2386 2)
387 2305 492 2384 quibus
516 2319 632 2381 tamon,
662 2307 694 2364 in
719 2306 827 2386 dialogi
852 2310 989 2386 cujusque
1009 2306 1087 2384 line,
1108 2310 1181 2389 quid
1200 2313 1314 2393 singula

93 2406 151 2480 sint,
167 2428 225 2466 non
245 2403 378 2464 efficitur.
401 2404 436 2463 11
452 2404 518 2463 ahis
532 2404 645 2484 scriptis
662 2406 837 2485 propositum
848 2419 1047 2486 argumentum
1057 2421 1122 2488 apte
1132 2409 1272 2490 explicat,
1283 2410 1315 2492 3)
1396 2409 1400 2416 ’

28 2511 30 2520 “
92 2503 181 2562 sedita
196 2503 252 2564 hoc
274 2505 334 2562 lere
353 2503 517 2583 peragitur,
540 2515 571 2560 ut
585 2501 792 2582 distinguendo
809 2502 1054 2582 disquirendoque
1070 2525 1102 2564 co
1118 2510 1313 2586 perueniatur.

93 2602 200 2662 Protulit
228 2603 349 2661 omnino
376 2599 528 2662 scribendo
555 2600 706 2680 opiniones
731 2621 795 2660 suas
823 2600 859 2660 de
879 2601 964 2660 rebus
983 2601 1096 2662 divinis
1114 2617 1142 2662 11
1161 2603 1314 2683 humanis,

92 2699 139 2759 ino
162 2702 299 2783 probavit
327 2721 373 2759 eas
392 2714 420 2758 et
437 2698 474 2756 ab
492 2698 720 2768 adversariorum
742 2699 928 2780 opinionibus
947 2698 1100 2776 defendit,
1120 2701 1189 2778 sed,
1209 2705 1242 2764 in
1261 2706 1314 2766 hac

94 2798 142 2877 ipsa
160 2820 275 2878 quoque
295 2797 462 2858 defensione
471 2841 480 2872 ,
501 2795 644 2856 Socratica
663 2796 723 2854 fere
744 2817 811 2856 usus
829 2810 872 2856 est
890 2797 1072 2876 disquirendi
1093 2801 1212 2862 ratione.

242 2970 514 3074 Quo‘pottuimum
534 2993 616 3069 opud
636 3001 750 3052 veteres
770 2969 921 3068 meetabet
936 2993 1150 3072 philosophie?

125 3193 225 3265 Quaeri
243 3192 304 3249 fere
323 3189 411 3264 solet,
432 3189 508 3268 quod
527 3188 642 3248 tandem
664 3188 701 3248 sit
718 3197 902 3265 propositum
914 3235 922 3265 ,
936 3191 1001 3270 quis
1008 3193 1090 3268 finis
1104 3193 1313 3278 philosophiae.

93 3285 159 3358 Quae
176 3309 244 3346 sane
265 3287 393 3366 quaestio
412 3285 491 3346 haud
511 3286 606 3347 facilis
625 3295 666 3346 est
684 3286 724 3345 ad
743 3287 968 3370 explicandum,
990 3290 1013 3350 si
1033 3293 1127 3352 varias
1146 3296 1314 3376 respicimus

94 3385 321 3466 philosophorum
340 3385 503 3459 doctrinas,
524 3386 555 3444 in
574 3385 675 3466 primis
694 3386 894 3446 recentiorum.
915 3387 997 3447 Aliae
1015 3390 1092 3448 enim
1111 3390 1168 3451 alio
1185 3394 1313 3453 referun·

95 3495 148 3558 tur,
167 3498 251 3563 atque
282 3485 321 3542 ita
349 3487 377 3542 sb
404 3481 513 3542 habent
540 3483 719 3557 nonnullae,
747 3497 778 3542 ut
802 3483 874 3561 quid
902 3499 1064 3566 spectarent
1082 3488 1138 3569 ipsi
1166 3505 1313 3567 auctores,

95 3581 225 3658 ignorasse
257 3581 421 3642 videantur.
463 3581 527 3655 Quo
558 3581 609 3657 fit,
633 3596 663 3640 ut
689 3601 797 3640 vanum
825 3602 841 3640 a
869 3582 967 3642 multis
993 3598 1022 3643 11
1048 3585 1153 3644 inutile
1173 3587 1313 3648 habeatur

94 3676 282 3762 philosophiae
302 3679 439 3738 studium.
481 3678 590 3754 Quodsi
612 3679 795 3760 philosophia
814 3681 973 3742 secundum
992 3683 1175 3763 antiquorum
1199 3689 1313 3748 effatum

95 3778 214 3835 stadium
233 3791 276 3838 est
295 3791 323 3834 et
342 3797 426 3834 umor
441 3778 650 3858 cognoscendi,
665 3789 725 3838 non
745 3780 882 3858 estquod
900 3780 936 3841 de
954 3783 1015 3860 ejus
1034 3785 1179 3864 proposito
1198 3783 1317 3848 dubite-¹

95 3891 154 3934 nus.
195 3877 329 3935 Refertur
355 3875 393 3932 ita
413 3872 451 3932 ad
476 3896 575 3937 rerum
601 3875 849 3954 cognoscendum,
870 3881 952 3956 eujus
980 3881 1112 3939 innatum
1135 3897 1177 3942 est
1200 3883 1311 3946 homini

96 3971 256 4032 incredibile
277 3971 405 4031 studium
416 3997 423 4048 3
448 3972 509 4032 dux
527 3987 568 4032 est
587 3971 625 4032 ad
639 3974 826 4053 sapientiam,
848 3997 903 4054 qua
923 3976 1000 4036 nibil
1019 3999 1167 4058 possumus
1184 3985 1311 4063 praecla-

97 4068 145 4127 rius
162 4085 310 4152 appetere:
333 4085 374 4129 est
394 4073 512 4129 omnino
532 4069 690 4149 ejusmodi,
712 4086 743 4130 ut
768 4093 827 4136 eam
852 4073 944 4132 colere
963 4073 1050 4134 decus
1071 4099 1228 4155 summum,
1250 4103 1311 4140 eam

96 4162 229 4246 despicere
250 4190 390 4228 summum
410 4168 535 4228 dedecus
548 4167 710 4249 putandum
726 4171 770 4230 sit.
794 4170 902 4230 Verum
911 4173 989 4231 enim
1007 4173 1039 4234 in
1059 4173 1112 4234 hac
1132 4198 1226 4236 rerum
1245 4179 1309 4236 uni-

125 4331 150 4396 1)
166 4336 201 4386 u
216 4292 280 4385 nl.
287 4292 356 4386 iss.

123 4415 150 4480 2)
167 4419 193 4470 ln
207 4421 393 4489 Euthypltrone,
408 4420 554 4484 Charmide,
574 4419 704 4473 Theaeteto.

124 4501 151 4566 3)
168 4504 204 4556 De
216 4506 313 4570 justitia
328 4523 352 4558 v.
368 4523 390 4557 c.
405 4508 430 4558 in
450 4506 547 4558 Politia.
