2872 5122
752 264 811 335 ’18Ι

146 443 175 490 et
192 427 272 508 quod
286 426 338 486 ille
358 421 520 484 durissimis
544 422 670 505 pedibus
693 427 782 503 feeit,
804 441 837 488 ut
855 449 885 488 se
912 429 1051 508 abjiceret
1072 433 1115 492 in*
1130 431 1221 493 herba
1243 449 1329 515 atque
1345 438 1380 497 ita

146 523 217 600 illa,
236 545 310 604 quae
338 523 505 605 philosophi
531 523 678 584 divinitus
706 525 806 585 ierunt
833 547 892 587 esse
920 528 1018 605 dicta,
1046 531 1227 610 loqueretur,
1258 534 1291 594 id
1318 537 1381 594 meis

147 623 271 704 pedihus
289 637 364 682 certe
382 620 504 681 concedi
522 635 565 680 cst
587 624 733 702 aequius.»
778 625 842 706 Ipse
863 627 962 686 Cicero
990 629 1132 689 rusticans
1151 652 1218 690 cum
1244 633 1333 692 fratre
1358 648 1381 692 et

145 724 242 782 Attico
269 721 302 782 in
331 719 424 794 fundo
443 741 493 778 suo
513 721 671 800 Arpinate,
694 736 725 782 ut
745 723 923 784 ambulando
941 723 1120 788 devenerant
1146 729 1332 790 adinsulam
1353 732 1380 790 in

146 821 293 896 Fibreno,
314 821 393 880 hune
416 838 528 877 amnem
548 817 632 887 llisso
656 836 818 902 comparat:
849 822 991 898 «nullum
1012 823 1084 900 hoc,
1110 828 1226 906 inquit,
1251 829 1381 909 frigidius

147 920 255 980 flumen
274 917 375 998 attigi,
396 936 462 975 cum
479 915 518 975 ad
535 914 626 978 multa
646 920 831 1008 accesserim,
854 935 885 980 ut
904 921 956 981 vix
973 921 1047 1001 pede
1067 937 1178 984 tentare
1203 927 1236 986 id
1264 929 1380 1007 possim:

145 1019 225 1100 quod
243 1018 276 1076 in
294 1015 424 1076 Phaedro
442 1013 570 1073 Platonis
587 1014 657 1076 facit
676 1015 831 1080 Socrates.»
859 1017 888 1100 l)
908 1019 956 1078 Sic
983 1022 1103 1082 omnino
1131 1031 1246 1105 ceperat
1275 1027 1380 1085 Cicero

147 1139 213 1178 nem
233 1114 450 1178 venustissimus
479 1110 629 1193 dialogus,
650 1127 681 1176 ut
708 1116 855 1178 Phaedrus
886 1118 938 1178 ille
965 1132 993 1177 et
1020 1121 1114 1180 amnis
1141 1135 1170 1189 et
1196 1123 1333 1203 platanus
1357 1138 1381 1184 et

146 1230 257 1276 caetera
275 1213 372 1274 omnia
390 1213 423 1270 in
442 1225 541 1270 saneto
564 1210 616 1270 illo
639 1211 703 1274 loco
726 1235 837 1296 semper
860 1217 951 1297 ipsius
977 1217 1075 1276 animo
1095 1235 1189 1280 essent
1215 1223 1379 1302 praesentia.

145 1313 203 1374 Sed
222 1334 295 1393 quae
313 1313 462 1370 divinitus
479 1309 542 1370 illie
552 1354 561 1384 ,
582 1323 615 1369 ut
637 1309 715 1370 idem
738 1313 779 1372 ait
789 1359 798 1389 ,
822 1314 959 1374 Socratis
969 1318 1088 1390 ferunt
1108 1340 1168 1378 assa
1192 1321 1277 1397 dicto
1288 1367 1297 1397 ,
1317 1321 1379 1379 haee

145 1434 214 1474 vero
232 1414 266 1471 in
282 1410 502 1470 admirationem
516 1422 675 1488 rapuerunt
692 1425 827 1490 posteros.
870 1410 988 1472 Scilicet
1005 1415 1120 1495 scripsit
1139 1416 1218 1477 hune
1240 1419 1379 1499 dialogum

81 1561 82 1568 ,
144 1512 245 1585 Plato,
266 1530 326 1569 non
346 1521 379 1567 ut
398 1506 580 1587 Symposium
599 1509 776 1586 provectiore
800 1523 911 1584 aetate,
932 1509 983 1610 sed
1002 1512 1065 1592 ipso
1085 1515 1250 1592 juventutis
1279 1518 1378 1596 vigore.

144 1611 209 1685 Quo
227 1609 354 1681 iactum,
376 1620 407 1665 ut
431 1606 491 1666 vim
510 1605 668 1685 politicam,
689 1627 745 1685 qua
769 1609 871 1670 naturi
892 1608 1024 1685 valebat,
1045 1612 1079 1671 in
1101 1633 1134 1672 eo
1153 1614 1311 1674 scribendo
1338 1635 1377 1673 ex·

144 1709 265 1790 plicaret
284 1720 381 1766 totam.
418 1704 460 1794 ⁴Et
479 1702 549 1762 binc
570 1701 733 1770 sublimitas
750 1705 823 1782 illa,
844 1707 1034 1775 hincisensus
1059 1710 1106 1770 illi
1131 1711 1238 1770 excelsi
1257 1712 1296 1772 de
1323 1713 1379 1795 pul·
1429 1743 1430 1750 ι

144 1827 194 1866 ero
212 1819 241 1865 et
259 1825 346 1878 vero,
367 1802 465 1882 quales
477 1800 527 1860 hic
544 1801 629 1860 unice
647 1822 794 1883 expressos
812 1805 979 1890 reperimus.
1001 1787 1124 1868 Exstant
1143 1810 1176 1868 in
1194 1809 1249 1869 hoc
1271 1810 1378 1891 dialogo
1429 1837 1430 1860 ι

144 1903 387 1986 Pythagoreorum
410 1901 534 1982 placita:
556 1898 661 1978 μῦθον
680 1900 784 1977 illurn,
805 1918 837 1962 ut
855 1904 1001 1980 diximus,
1021 1927 1119 1966 eorum
1145 1910 1377 1990 metempsychosi
1429 1895 1430 1980 i

144 2023 276 2083 maguam
299 2015 409 2082 partem
431 1999 577 2061 debemus.
624 2000 734 2076 Quodsi
759 2022 825 2060 cum
848 2001 927 2064 hisce
951 2003 1142 2085 Pythagorica
1168 2025 1377 2087 comparamus,
1429 2013 1430 2104 )

145 2121 219 2181 quae
247 2101 281 2158 in
310 2097 465 2158 Phaedone
484 2120 512 2158 v.
534 2119 559 2158 c.
580 2113 610 2159 et
629 2100 662 2159 in
679 2099 787 2160 Politia·
805 2115 979 2176 occurrunt,
999 2103 1040 2161 sie
1060 2123 1128 2163 vero
1152 2105 1277 2162 maxime
1301 2105 1377 2165 nobis

146 2201 178 2260 in
199 2185 327 2258 Phaedro
343 2197 486 2276 juvenilis
504 2199 627 2256 auctoris
646 2199 728 2277 vigor
745 2197 905 2278 apparebit.
926 2197 958 2280 2)
978 2200 1036 2260 Nec
1056 2221 1124 2261 vero
1143 2199 1291 2276 diffiteor,
1312 2203 1377 2264 vitia

145 2298 217 2359 hinc
237 2297 323 2356 ctiam
342 2295 517 2354 contraxisse
536 2294 692 2376 dialogum.
734 2295 792 2369 Qui
809 2297 887 2356 enim
910 2296 982 2358 ordo
1005 2298 1038 2356 iu
1055 2297 1224 2380 Symposio,
1245 2301 1278 2360 in
1298 2301 1376 2360 Phae·

117 2447 121 2456 .
147 2395 243 2469 done,
263 2396 296 2454 in
312 2392 379 2452 aliis
398 2392 563 2474 philosophi
587 2394 701 2474 scriptis
730 2394 874 2480 perlectus
901 2409 943 2454 est
966 2396 1044 2471 iere,
1066 2395 1246 2458 desideratur
1275 2399 1327 2459 ille
1349 2399 1376 2456 in

149 2493 288 2554 Phaedro.
330 2491 396 2550 Non
415 2511 506 2550 unum
524 2505 566 2551 est
584 2506 802 2572 argumentum,
822 2497 885 2571 quo'
899 2493 1061 2554 referantur
1074 2496 1196 2574 gomma,
1219 2495 1290 2571 sed,
1318 2515 1376 2555 cum

146 2591 289 2674 agendum
318 2588 452 2652 videatur
477 2590 592 2671 proprie
619 2589 656 2649 de
684 2589 804 2650 dicendi
831 2589 1035 2672 scribendique
1063 2607 1140 2666 arte,
1162 2593 1324 2674 episodium
1342 2594 1374 2652 de

146 2711 240 2753 amore
257 2704 367 2771 partem
383 2687 519 2747 dramatis
537 2689 596 2746 iere
615 2689 767 2747 maximam
787 2701 917 2768 occupat.
956 2688 1052 2750 Dictio
1072 2689 1158 2765 item,
1179 2692 1257 2770 quod
1273 2707 1376 2754 veteres
1428 2737 1429 2742 .

147 2789 413 2872 reprehenderunt,
434 2784 465 2866 3)
489 2787 529 2846 sie
553 2787 657 2866 migrat
679 2783 804 2844 subinde
825 2805 925 2866 prosae
943 2786 1081 2846 orationis
1099 2781 1190 2864 fines,
1211 2803 1244 2848 ut
1271 2791 1375 2872 poctica

147 2902 232 2968 atque
250 2886 322 2946 adeo
339 2875 552 2966 dithyrambica
575 2884 718 2944 videatur.
760 2881 817 2942 Sed
836 2884 909 2943 vitia
927 2881 997 2943 haec
1022 2884 1165 2962 juvenilis
1188 2885 1375 2947 luxuriantis·

148 3008 204 3067 que
233 2985 344 3066 ingenii
373 2984 437 3063 quis
466 2981 538 3042 adeo
567 2995 612 3040 est
631 3001 764 3056 severus,
784 2981 857 3060 quin
881 2980 950 3040 huie
974 2983 1060 3041 aetati
1087 2983 1239 3062 ignoscat?
1261 2984 1375 3045 Accedit
1428 3059 1429 3070 ἵ

148 3084 308 3165 argumenti
326 3082 488 3142 sublimitas
507 3093 534 3139 et
554 3080 664 3160 po'e'tica
685 3079 768 3138 ratio.
809 3077 896 3138 Haud
915 3080 992 3139 enim
1010 3079 1097 3139 facile
1120 3083 1300 3161 reperiatur,
1329 3082 1373 3161 qui

148 3183 307 3244 amantium
334 3167 500 3250 describens
526 3199 558 3236 ac
585 3183 732 3259 poctarum
760 3175 1004 3251 enthusiasmum,
1025 3176 1086 3257 ipse
1114 3177 1170 3236 sibi
1198 3193 1316 3264 caveat,
1341 3197 1373 3236 ne

147 3281 273 3340 exsultet
293 3277 417 3338 subinde
436 3277 527 3336 oratio
545 3297 578 3336 ae
597 3276 741 3357 poitieum
759 3273 832 3354 quid
850 3287 878 3334 et
896 3273 1140 3354 dithyrambieum
1158 3291 1248 3336 sonet.
1270 3277 1373 3336 Habuit

148 3379 203 3440 boe
221 3377 302 3437 Plato
321 3398 387 3436 carm
406 3375 566 3436 Democrito
588 3393 756 3448 commune,
775 3373 826 3452 qui
846 3373 915 3434 item
942 3372 1085 3452 scripsisse
1110 3373 1148 3433 de
1169 3375 1266 3434 lurore
1295 3373 1373 3438 vide-
1428 3419 1429 3441 .

148 3491 206 3538 tur.
227 3474 259 3557 1)
286 3475 350 3552 Quo
368 3475 485 3536 nomine
500 3473 599 3554 jungit
617 3492 663 3532 eos
687 3471 795 3532 Cicero.
818 3467 849 3550 5)
876 3469 1010 3544 «Video,
1028 3471 1086 3546 ait,
1111 3473 1205 3533 visum
1226 3481 1286 3532 esse
1309 3494 1372 3532 non·

181 3721 207 3787 1)
225 3722 264 3774 De
279 3720 351 3789 hegp.
368 3721 401 3769 ll.
422 3716 447 3769 3.
471 3717 538 3770 adde
560 3717 630 3769 Orat.
648 3733 671 3768 e.
692 3717 717 3767 l.
738 3714 779 3766 12.
797 3712 837 3766 13.
855 3713 893 3765 De
913 3713 969 3764 Dio.
988 3712 1007 3764 l.
1026 3712 1068 3766 31.
1090 3713 1159 3766 litte.
1181 3717 1209 3780 Q.
1230 3717 1251 3766 1.
1268 3715 1310 3768 23.

181 3806 208 3874 2)
227 3807 304 3877 Diog.
327 3805 412 3857 baert.
432 3803 477 3854 111.
494 3801 536 3854 38.
552 3800 635 3853 Aliter
652 3801 701 3852 hae
714 3801 748 3851 de
760 3816 790 3851 re
799 3798 897 3864 judicat
911 3797 1054 3863 Soeherus,
1067 3800 1128 3852 ather
1143 3801 1244 3853 Platone
1254 3803 1370 3868 Schriften

144 3892 399 4047 p..iilollieaearchus
420 3973 489 4041 apud
509 3971 585 4039 Diog.
598 3970 627 4020 L.
642 3971 687 4020 111.
699 3967 741 4020 38.
756 3968 865 4034 Dionys.
881 3967 934 4018 Hal.
948 3968 995 4037 Ep.
1009 3970 1044 4019 ad
1056 3969 1140 4040 Pmop.
1155 3988 1177 4022 c.
1195 3969 1220 4022 2.
1234 3988 1260 4038 p.
1276 3969 1333 4022 203.
1347 3977 1369 4020 et

144 4070 175 4120 in
191 4069 250 4120 aad.
272 4067 302 4118 de
322 4061 440 4115 Dnoostlt.
464 4076 486 4111 o.
510 4057 535 4109 6.
554 4073 579 4123 p.
593 4055 652 4106 avt.
668 4056 789 4122 iniquius
805 4069 868 4105 saue
883 4052 935 4116 illi,
954 4069 1028 4121 quam
1044 4056 1139 4108 verius.
1161 4057 1191 4108 V.
1207 4057 1284 4122 Wytt.
1298 4058 1368 4125 Ερὺι.

147 4156 182 4208 ad
195 4156 270 4222 Spec.
286 4165 369 4202 meum
382 4165 408 4215 p.
420 4144 462 4197 43.
478 4144 510 4196 Ut
524 4150 608 4196 autem
627 4141 758 4192 Socratem
772 4138 974 4206 Aristophanes,
994 4140 1031 4191 sie
1043 4139 1157 4192 Platonis
1173 4143 1268 4208 scripta
1285 4139 1368 4194 comici

149 4243 317 4310 exagitarunt.
336 4235 393 4285 vio.
407 4232 483 4300 Diog.
497 4229 525 4280 l..
538 4230 583 4279 111.
599 4226 632 4278 26
646 4255 662 4267 -
676 4224 718 4277 28.
742 4224 885 4277 Phaedrum
900 4224 1004 4291 scripsit
1015 4224 1118 4288 Alexis,
1137 4228 1180 4293 qui
1194 4228 1317 4294 paroeat.
1330 4227 1366 4276 vi.

148 4327 224 4378 detur
238 4326 319 4376 luisse
333 4317 444 4372 Phaedri
456 4315 589 4367 Platonici.
609 4312 666 4363 Vid.
682 4310 775 4362 Athen.
790 4302 858 4362 xus.
871 4307 929 4362 502.
943 4309 974 4360 Α,

184 4411 214 4477 ll)
232 4409 289 4460 Vid.
307 4421 385 4472 supra
403 4420 428 4471 p.
446 4401 487 4454 10.
505 4407 558 4451 not.

182 4497 214 4563 5)
233 4497 302 4548 Orat.
321 4509 343 4544 e.
360 4489 402 4542 20.
