2886 5118
682 265 741 326 559

95 451 154 510 rat,
177 435 217 496 ita
238 431 275 492 ah
296 431 349 490 huc
364 429 522 510 deinceps,
543 440 576 487 ut
595 445 731 509 serpens,
762 425 885 487 deliniri
903 427 1023 489 dicitur.
1063 429 1128 490 Hoc
1148 431 1221 492 adeo
1239 432 1276 491 de
1297 453 1329 494 eo

94 547 212 614 usurpat
228 527 375 603 Socrates,
397 545 476 586 nunc
496 526 621 606 primum
651 545 680 586 se
709 525 817 594 vidisse
837 523 1085 607 Thrasymachum
1095 529 1329 594 erubescentem.

94 635 292 710 Quamquam,
313 626 391 706 quod
412 622 538 710 hominis
558 623 721 684 doctrinam
739 625 862 698 attinet,
892 645 951 683 non
968 640 1047 686 caret
1066 626 1137 704 illa,
1168 643 1202 688 ut
1231 629 1327 690 dicere

89 733 148 808 ¹jam
168 724 363 800 instituimus,
385 723 591 806 probabilitate
602 743 642 782 'ac
663 722 931 783 verisimilitudine.
954 723 1116 784 Probarunt
1136 745 1197 786 eam
1215 728 1326 808 agendo

93 827 260 908 principes,
290 826 391 904 paucis
422 822 569 902 exceptis,
600 840 717 895 omues,
747 834 887 900 quotquot
914 842 959 880 res
981 841 1097 902 magnas
1125 826 1219 885 moliti
1248 841 1326 888 sunt.

92 925 196 1000 Quid?
225 922 304 1003 quod
332 923 394 1003 ipsa
420 922 549 980 omnium
576 931 738 1001 temporum
764 912 904 999 politica,
925 923 1056 998 quamvis
1074 945 1090 981 a
1110 922 1327 1004 philosophise

91 1022 260 1082 melioribus
286 1020 444 1101 principiis
473 1016 647 1092 duceretur,
678 1017 711 1076 iu
742 1017 983 1077 administrandis
1010 1021 1265 1098 gentiumrehus,
1295 1021 1327 1080 id

87 1119 170 1200 ¹quod
191 1120 261 1178 utile
281 1121 390 1198 magis,
409 1137 497 1195 quam
516 1117 595 1194 quod
609 1117 720 1194 justum
738 1129 767 1174 et
785 1116 938 1191 honestum
954 1131 1045 1192 esset,
1067 1121 1217 1200 spectavit.
1239 1121 1326 1182 Unde

92 1219 218 1280 dedecus
243 1215 379 1298 politicae
408 1213 446 1282 ad
470 1215 550 1274 hunc
581 1233 671 1296 usque
698 1211 777 1272 diem
806 1213 948 1298 adhaesit.
989 1213 1048 1274 ttae
1070 1235 1138 1276 vero
1163 1218 1220 1298 ipsi
1247 1217 1327 1299 apud

91 1317 265 1379 recentiores
283 1313 354 1374 adeo
371 1312 537 1393 philosophi
554 1310 594 1370 ab
610 1312 656 1370 his
677 1310 782 1392 agendi
812 1311 968 1393 principiis
994 1313 1085 1372 alieni
1113 1313 1242 1376 fuerunt.
1284 1317 1327 1376 Ne

90 1411 185 1472 dicam
214 1411 250 1470 de
274 1409 473 1470 Machiavello
500 1429 533 1468 ac
562 1410 670 1469 famoso
696 1410 759 1487 eius
783 1427 889 1490 opere,
920 1411 969 1469 dal
995 1411 1145 1490 Principe
1165 1412 1326 1496 inscripto,

95 1525 208 1591 patrum
227 1523 388 1568 nostrorum
406 1509 556 1569 memorii
564 1508 616 1567 illa
637 1507 749 1589 prodiit
776 1507 876 1566 denuo
896 1508 1035 1588 politica,
1055 1528 1129 1588 quae
1149 1508 1214 1570 toti
1238 1529 1326 1590 συμ-

89 1602 270 1689 φέροντος
289 1607 566 1683 pha'lceophe'o
585 1620 662 1664 recte
682 1620 724 1664 est
741 1605 900 1685 appellata.
943 1605 1059 1665 Haud'
1051 1622 1090 1668 ita
1108 1625 1246 1692 perpetua
1261 1634 1327 1695 pro·

91 1712 167 1770 fecto
188 1723 217 1768 et
237 1719 373 1767 constans
391 1703 461 1762 haec
479 1703 612 1762 doctriua
632 1704 750 1777 fuisset,
770 1704 828 1761 uisi
836 1703 1012 1778 habuisset,
1042 1725 1099 1785 qua
1128 1729 1157 1767 se
1184 1729 1326 1772 commen

93 1807 194 1882 daret,
216 1805 346 1867 veritatis
364 1803 497 1882 speciem.
536 1799 625 1875 Quod
642 1801 679 1860 de
699 1800 816 1860 altero'
807 1815 878 1860 rtem
904 1793 1112 1884 Thrasymachi
1130 1807 1255 1888 placito,
1286 1813 1328 1868 ud

87 1901 277 1981 seliceicte'm
288 1903 361 1979 plus
384 1907 597 1975 injustitiam,
617 1921 709 1976 quom
730 1906 893 1975 justitiam
913 1901 1030 1976 volere,
1062 1923 1093 1962 ac
1114 1907 1221 1983 majone
1238 1908 1327 1966 etiam

92 1990 297 2083 probabilitate
316 1997 478 2058 dicendum
494 2010 547 2057 est.
588 1996 780 2070 Quamobrem
798 1997 881 2055 Plato
899 1998 931 2056 iu
951 1998 1004 2058 hoc
1022 1999 1155 2081 dialogo,
1177 2019 1327 2083 postquam

92 2101 240 2180 consopita
258 2097 377 2156 tandem
396 2095 521 2154 Socratis
540 2095 670 2154 oratione
687 2093 895 2174 Thrasymachi
915 2097 1126 2173 sciscitassem,
1147 2100 1326 2162 Glauconem

94 2211 120 2256 et
139 2198 328 2256 Adimantum
355 2213 414 2252 rem
442 2193 565 2252 interius
592 2192 775 2270 inquirentes
800 2191 936 2266 induxit,
968 2196 1017 2269 ul,
1043 2197 1118 2274 quid
1145 2197 1264 2257 taudem
1288 2198 1326 2259 dc

92 2297 142 2353 rei·
158 2294 343 2375 gravissimae
372 2311 431 2350 non
453 2290 586 2350 veritatis
614 2287 737 2367 quadarn
764 2291 873 2369 specis,
892 2290 1084 2357 sedaeritate
1101 2295 1327 2356 existimandum

92 2407 179 2467 esset,
204 2403 323 2474 pateret.
829 2386 830 2390 ’

133 2585 996 2660 laetissimilromt'ttt‘eetinjustissimi,
1019 2588 1286 2661 felicitatis

302 2755 305 2762 Δ
368 2688 541 2763 ratione
568 2681 737 2754 lambitat,
765 2690 1038 2758 comparatio.

130 2880 177 2938 Sic
203 2877 292 2960 igitur
310 2849 449 2956 deinc-’eps
466 2875 545 2956 apud
561 2875 711 2934 Platonem
729 2858 850 2935 Glauco.
896 2875 1175 2958 «Thrasymachus,
1203 2880 1262 2954 ait,
1294 2880 1326 2938 in

92 2975 265 3037 celebranda
296 2975 460 3050 injustitia,
492 2993 524 3031 ac
545 2973 660 3050 justitia
686 2968 882 3053 vituperanda
907 2974 1145 3054 rejiciendeque,
1177 2977 1326 3055 utriusque

90 3075 247 3156 respexisse
274 3071 460 3190 pommodum
478 3084 508 3129 et
534 3069 748 3129 incommodum
774 3070 900 3132 videtur.
942 3071 1003 3152 Ego
1029 3089 1118 3148 vero,
1148 3072 1255 3151 quid
1247 3092 1326 3154 ipsae

90 3173 166 3247 siut,
189 3169 237 3232 aul
258 3167 324 3231 τίνα
345 3163 407 3248 ἔχει
426 3161 567 3249 ἑκάτερον
589 3155 715 3246 deincipem
733 3163 809 3230 adeo
830 3164 903 3231 καθ’
923 3163 995 3231 miso
988 3164 1086 3231 dada
1107 3168 1140 3230 ἐν
1159 3170 1200 3256 τῇ
1219 3171 1325 3256 ψυχῇ·

90 3286 181 3346 quam
200 3281 331 3350 utroque
351 3293 413 3328 nam
432 3279 502 3348 ipsu
514 3289 573 3348 per
591 3292 620 3330 ee
639 3278 675 3330 in
693 3279 794 3334 animo
822 3283 923 3332 nostro
952 3275 1078 3357 tabeat,
1107 3274 1258 3352 inquirere
1276 3293 1325 3333 ve·

90 3365 148 3426 lim.
188 3368 404 3444 Quamobrem,
426 3367 504 3447 quod
524 3365 575 3428 illc
585 3369 743 3448 neglexit,
773 3387 823 3448 ego
850 3369 964 3431 faciam.
1005 3342 1164 3432 Redomho
1191 3371 1326 3451 equidem

90 3460 298 3544 Thrasymachi
318 3467 495 3539 orationem,
519 3479 550 3524 et
569 3466 694 3546 primum
715 3464 826 3541 dicam,
855 3467 970 3546 qualem
989 3489 1047 3529 esse
1061 3460 1209 3547 justitiam'
1225 3468 1326 3528 dicant

89 3556 174 3638 atque'
194 3561 274 3651 unde
294 3577 422 3624 exortam
433 3588 441 3638 5
465 3561 592 3636 deinde,
616 3583 732 3638 omnes,
752 3565 919 3643 quicunque
943 3567 1086 3643 justitiam
1105 3566 1221 3640 colant,
1242 3566 1326 3625 invi-

89 3671 131 3716 tos
146 3659 358 3737 quodammodo
377 3681 438 3720 eam
456 3662 557 3739 sequi,
574 3643 713 3739 tanquam
731 3679 791 3734 pem
811 3663 999 3722 necessariam
1009 3708 1019 3737 ‚
1040 3683 1099 3739 noer
1118 3681 1187 3722 vero
1203 3662 1324 3722 bonamt

88 3756 191 3829 tertio,
220 3760 322 3818 merito
335 3748 399 3817 ¹eos
426 3759 467 3816 sic
495 3776 599 3838 agere:
628 3759 722 3819 multo
746 3761 825 3818 enim
849 3760 998 3820 meliorem
1016 3761 1120 3839 injusti
1139 3761 1229 3821 vitam
1247 3781 1325 3835 esse,

90 3864 174 3930 quam
188 3855 262 3931 justi
273 3857 293 3930 ,’
304 3869 337 3917 ut
347 3854 501 3916 tradunt.»
547 3857 625 3914 Haec
643 3855 773 3915 Glauco:
795 3876 969 3937 quamquam
985 3879 1046 3918 non
1065 3859 1128 3917 sine
1147 3859 1326 3919 umecundia

91 3961 118 4007 et
135 3949 248 4029 pudore
266 3973 418 4033 generosus
435 3952 602 4015 adolescens
620 3953 793 4022 coaccedit.
812 3949 848 4034 ’1)
862 3976 887 4008 ·«
897 3955 974 4013 Mihi
989 3953 1128 4033 quidem,
1147 3963 1166 4015 b
1182 3955 1325 4030 Socrates,

91 4046 130 4105 ait
139 4094 148 4123 ,
170 4064 232 4107 non
250 4050 291 4108 ita
312 4049 448 4125 videtur;
472 4063 663 4111 veruntamen
682 4051 786 4112 dubito
803 4052 948 4127 subinde,
968 4054 1076 4134 quippe
1091 4053 1240 4114 obtundor
1256 4071 1325 4134 quo·

93 4439 99 4488 l
124 4356 153 4420 1)
173 4357 284 4410 Easdem
303 4368 391 4426 partes
416 4363 574 4414 sustinuisse
591 4362 660 4429 apud
677 4363 828 4415 Ciceronem
842 4364 880 4415 De
896 4365 958 4433 Rep.
975 4363 1010 4416 lll
1036 4365 1062 4415 t
1088 4365 1226 4416 Furium
1243 4361 1324 4412 Phi-

109 4445 319 4509 respiratus.
336 4443 377 4496 25.
