2950 5134
83 435 196 492 animos.
237 435 348 495 Poitiea
367 448 429 495 orat
443 434 548 498 comm
573 438 751 500 referebam·
768 439 808 500 ad
832 459 930 502 sensus
949 447 1028 505 varia
1048 442 1158 506 ratione
1177 447 1305 508 afficien-

28 525 29 530 ’
82 531 139 590 dos
179 530 345 592 Interiorem
367 534 531 594 doctrinam
552 537 741 596 continebant
759 543 920 620 'mysteria,
941 543 991 602 sed
1011 546 1077 603 ansi
1098 545 1163 624 quis
1182 546 1306 627 philoscr

82 629 148 709 phio
167 644 235 689 esset
251 631 396 707 imbutus,
417 655 476 692 non
497 635 619 706 multum
638 654 706 694 sane
726 637 796 696 inde
809 639 953 721 prolicere
970 656 1090 722 poterat.
1131 645 1207 704 Nam
1223 659 1307 705 eram
1383 669 1387 674 ·

82 728 131 786 illa
151 728 286 804 obscura,
308 745 405 812 utpote
432 733 586 812 mysteria,
610 747 638 792 et
663 733 782 793 obscure
802 737 1036 815 significaverant
1054 761 1070 798 a
1098 755 1210 800 vetusto
1235 743 1304 802 inde

82 840 220 907 tempore,
240 849 311 907 quae
330 829 438 889 deinde
460 830 606 890 illustrare
623 827 789 912 philosophi
808 849 973 914 coeperunt.
1015 837 1200 918 Philosophia
1218 841 1306 919 igitur

85 924 234 984 cultissimo
252 928 355 1005 cuique
374 927 485 987 homini
507 931 630 988 maxime
648 944 708 989 erat
727 930 868 1006 colenda,
897 935 1004 1014 quippe
1028 935 1087 994 sola
1108 938 1235 995 animum
1254 939 1306 996 im·

84 1021 173 1082 luens
187 1023 318 1083 nasitus
337 1023 505 1085 celsioribus
521 1041 549 1086 ct
567 1029 678 1107 erigens
701 1027 847 1089 hominem
870 1030 908 1089 ad
927 1031 1049 1092 divinae
1073 1047 1192 1098 naturae
1216 1035 1312 1110 salsli-¹
1349 1079 1352 1088 ·

85 1121 210 1180 muntem,
252 1123 315 1196 Quo
339 1125 467 1198 laetum,
489 1138 522 1182 ue
539 1126 630 1184 instar
657 1139 729 1184 esset
752 1127 903 1186 umoribus
922 1128 1071 1208 'religionis
1095 1132 1205 1208 omnis,
1232 1147 1307 1195 certe

85 1237 193 1278 munera
211 1220 441 1301 eius'susciperet
456 1222 539 1302 longe
555 1223 731 1302 gravissima.
750 1223 892 1284 Successit
906 1225 1014 1286 deinde
1026 1230 1164 1308 antiquae
1171 1229 1304 1310 religioni

85 1318 180 1397 religio
194 1316 369 1393 christiana,
399 1341 452 1378 nec
471 1323 581 1400 poetica
601 1321 673 1396 illa,
693 1342 746 1381 nec
766 1321 956 1404 philosopha,
984 1324 1036 1384 sed
1055 1340 1114 1386 tarn
1135 1325 1305 1408 simpiciter

85 1435 168 1496 pura,
184 1424 216 1476 ut
231 1417 318 1476 facile
337 1417 499 1477 admitteret
515 1423 679 1498 germanam
692 1421 921 1502 philosophiam:
937 1443 991 1481 nee
1009 1421 1173 1486 admitteret
1192 1431 1305 1488 tantum

84 1531 158 1588 eam,
177 1515 225 1574 sed
243 1530 347 1596 sponte
372 1518 527 1597 susciperet
546 1519 809 1578 recommendare
828 1521 1022 1582 uehementer.
1054 1526 1246 1604 Recuperavit
1266 1527 1305 1584 ita

84 1613 190 1692 religio,
207 1629 279 1692 quae
297 1616 442 1688 amiserat,
461 1631 598 1690 munera,
620 1631 648 1675 et
665 1617 760 1676 valuit
775 1636 855 1677 nune
876 1619 991 1678 demum
1010 1621 1048 1679 ad
1069 1621 1201 1682 divinam
1220 1641 1305 1702 agno·

84 1711 210 1770 scandam
226 1706 413 1789 maiestatem,
427 1713 466 1772 td·
480 1731 558 1794 spem
578 1715 807 1774 confirmandam
825 1717 901 1776 ritae
911 1719 1043 1792 futurae,
1063 1733 1125 1783 tum
1140 1740 1208 1780 vero
1218 1722 1304 1779 etiarn

84 1808 118 1866 ad
128 1809 316 1876 erudiendum
334 1811 591 1890 exorientemque
601 1812 755 1872 hominem.
778 1815 835 1872 Nec
851 1815 965 1874 mirum,
987 1818 1059 1876 Nam
1069 1817 1160 1877 falsae
1168 1818 1307 1897 religioni

84 1921 245 1994 rememorat
263 1927 349 1981 ocra,
374 1928 447 1987 quae
461 1915 536 1966 ¹eum'
550 1926 618 1970 vera
636 1911 819 1991 philosophia
839 1912 995 1992 copulatur
1011 1915 1160 1975 facillime.
1188 1917 1252 1990 Qec
1271 1916 1305 1974 fic

84 2004 241 2084 hodieque,
258 2019 309 2081 ut,
327 2023 401 2084 quae
415 2019 571 2066 occurrunt
583 2008 662 2087 apud
677 2009 809 2086 antiquos
823 2009 1008 2090 philosophos
1027 2011 1173 2092 praeclara
1191 2013 1227 2072 de
1247 2031 1304 2072 mo

86 2103 161 2162 rihns
184 2116 350 2185 praecepta,
379 2104 459 2163 haud
487 2125 562 2164 nora
582 2105 741 2166 videantur
756 2107 862 2188 plane,
881 2109 988 2190 quippe
1006 2110 1112 2188 quibes
1132 2112 1220 2193 ipsis,
1240 2112 1306 2170 reli·

87 2204 171 2279 gionis
188 2220 258 2283 ope,
280 2221 296 2260 a
316 2216 413 2261 tenera
427 2205 488 2280 ,iam
506 2217 596 2262 aetate
612 2203 721 2262 virnhuti
739 2206 835 2265 simas.
871 2205 928 2266 sed
957 2208 1064 2267 accidit
1079 2209 1123 2266 ita
1144 2209 1231 2268 simul
1243 2254 1251 2282 ,
1273 2223 1305 2268 ut

88 2299 211 2378 religioni
237 2300 382 2360 tribuatur
400 2303 450 2360 vis·
463 2304 556 2359 omnis
573 2302 610 2360 ad
630 2315 731 2382 pueros
749 2304 962 2380 instituendos,
983 2305 1021 2364 ad
1041 2325 1131 2383 mores
1149 2306 1302 2366 emendan-

89 2397 147 2471 dos,
173 2399 210 2458 ad
240 2399 330 2461 vitam
358 2399 434 2457 bene
456 2401 621 2480 integreque
639 2401 867 2480 transigendam:
887 2403 1087 2484 philosophiae
1105 2403 1304 2483 relinquatur,

89 2511 222 2555 utrorum
241 2489 363 2577 indaget
378 2498 524 2579 principia
534 2543 542 2572 ,
564 2509 591 2556 et
611 2497 694 2556 docte
710 2497 812 2557 dehis
833 2498 864 2558 aie
885 2500 1031 2559 subtiliter
1050 2501 1186 2583 disputet.

121 2597 175 2654 Nec
194 2614 261 2657 vero
279 2595 455 2670 dolendum,
477 2609 636 2654 contractos
661 2596 701 2654 ita
729 2614 788 2664 esse
814 2599 971 2656 recentiore
1000 2613 1089 2657 aetate
1108 2599 1306 2681 philosophiae

89 2691 160 2753 lines.
199 2695 271 2754 uam
289 2693 366 2772 quod
385 2695 448 2774 ipsa
467 2694 536 2752 olim
553 2693 723 2774 praestabat*
738 2696 856 2774 paucis,
884 2695 917 2755 id
945 2697 1078 2758 omnibus
1102 2699 1162 2775 jam
1181 2713 1305 2779 praestat

90 2793 181 2873 religio
207 2785 374 2852 christiana.
417 2794 494 2852 Haec
514 2794 591 2852 enim
620 2813 699 2866 non,
721 2807 756 2851 ue
782 2793 856 2867 illa,
874 2793 1047 2853 cultioribus
1068 2807 1180 2854 tantum
1209 2796 1304 2856 hornia

91 2892 183 2966 nibus,
202 2891 253 2951 sed
271 2889 393 2948 incultis
410 2892 495 2952 etiam
511 2903 542 2956 ¹et
561 2889 684 2949 rudibus¹
703 2893 859 2966 convenit,
888 2901 916 2950 et
936 2913 994 2950 una
1021 2908 1062 2952 est
1081 2877 1159 2974 apto¹
1173 2893 1212 2954 ad
1239 2897 1303 2956 unis

91 3008 190 3048 versum
210 2979 401 3065 recolendum
421 3007 510 3068 genus
528 2987 695 3048 humanum,
735 2987 793 3047 Sed
812 3010 872 3066 quo
887 2969 975 3070 magis
992 2983 1140 3050 irnmutata
1156 3007 1198 3051 est
1217 2991 1303 3051 hodie

91 3087 276 3168 philosoph-iae
296 3085 424 3146 conditio
434 3132 442 3159 ,
463 3103 495 3144 eo
513 3087 608 3144 minus
623 3087 707 3146 nohis
725 3088 980 3162 committentium,
1003 3102 1034 3146 ut
1054 3090 1201 3168 antiquam
1221 3091 1305 3148 ratio·

29 3231 32 3242 .
92 3207 146 3244 nem
165 3203 230 3245 cum
254 3184 394 3243 hodierna
422 3185 643 3244 confundamus.
686 3185 722 3243 Et
750 3187 879 3265 proiecto
907 3187 993 3245 habet
1021 3187 1090 3246 haec
1109 3189 1171 3268 ipsa
1190 3190 1302 3268 antiqui

92 3283 242 3363 disquisitio
259 3283 342 3356 aevi,
362 3301 419 3361 quo
445 3298 569 3342 mentem
588 3294 714 3343 nostram
742 3273 938 3364 maximopere
954 3285 1102 3359 advertat,
1123 3285 1227 3361 habet,
1248 3307 1304 3366 quc

93 3383 173 3442 studia
191 3396 286 3442 nostra
305 3378 363 3438 alat
382 3403 413 3438 ac
434 3380 605 3441 moderetur.
647 3383 719 3440 Nam
747 3396 780 3440 ut
799 3382 975 3440 celebramus
995 3385 1054 3442 iere
1074 3383 1304 3465 philosophiam,

94 3495 244 3539 certamen
263 3481 406 3538 cernimus
424 3482 486 3557 ejus
511 3481 569 3538 nisi
597 3494 706 3560 partem
734 3480 882 3540 obscuram
894 3527 901 3554 ,
923 3483 1157 3565 metaphyeieom
1184 3496 1308 3557 vorant,

94 3579 125 3636 ita
140 3580 301 3657 quaerimus
317 3591 435 3658 sponte,
456 3575 549 3657 qualis
568 3578 725 3657 aliquando
743 3580 830 3638 fuerit
840 3625 849 3652 ,
870 3599 957 3658 quum
985 3581 1095 3660 integra
1115 3595 1186 3640 esset
1205 3581 1309 3661 plane,

94 3676 226 3736 doctrinas
245 3695 360 3750 omnes,
382 3691 414 3735 ut
432 3666 536 3757 pariens
553 3678 731 3751 eommunis,
752 3676 1007 3757 complecteretur,
1029 3678 1224 3758 suppeditaret
1253 3677 1308 3737 ho-
1381 3719 1383 3728 ι

96 3778 155 3833 mini
164 3821 171 3850 ,
191 3774 270 3854 quod
288 3775 410 3854 negabat
429 3774 548 3853 religio,
578 3789 606 3833 et
623 3774 722 3833 bearet
740 3777 874 3835 universe
889 3776 1040 3836 cultiorem
1060 3791 1168 3856 partem
1198 3777 1309 3856 generis

96 3872 211 3934 humani.
252 3874 331 3947 Quae
350 3875 374 3932 si
393 3886 579 3952 cognoscere,
600 3887 629 3932 et
645 3893 714 3934 sero
734 3872 804 3932 hine
823 3874 879 3954 ipsi
899 3882 998 3956 capere
1017 3875 1144 3934 fructum
1164 3874 1287 3934 velimus
1298 3908 1311 3949 ,-

99 3972 122 4029 in
140 3976 286 4052 antiquam
307 3971 391 4031 nobis
408 3971 556 4031 Graeciam
577 3969 769 4030 recedendum
781 3986 839 4032 est.
881 3973 953 4030 Nam
972 3971 1035 4030 illic
1061 3987 1127 4031 nata
1148 3986 1188 4030 est
1214 3973 1307 4053 philo·

99 4070 185 4150 uphir
210 4086 239 4130 et
267 4070 339 4129 laete
369 4071 493 4129 lucreris
522 4059 715 4147 effloruitque,
742 4083 774 4126 ut
802 4088 915 4149 germen
944 4070 1092 4144 nativum,
1114 4070 1175 4130 solo
1202 4070 1248 4128 illi
1278 4084 1308 4128 et

100 4171 203 4248 tempori
218 4170 303 4228 unice
316 4169 472 4249 propllum.
503 4168 658 4227 Huc-vero
674 4167 824 4243 traducta,
844 4169 981 4226 emarcuit
1001 4168 1095 4228 subito
1113 4177 1160 4242 et,
1175 4167 1305 4246 maturis

102 4267 207 4326 studiose
236 4266 369 4341 exculta,
403 4267 515 4346 antiqui
550 4266 656 4345 vigoris
683 4286 720 4324 ne
748 4266 870 4346 speciem
899 4266 1016 4346 quidem
1047 4267 1143 4326 refert.
1190 4265 1246 4324 Sed
1274 4282 1306 4324 eo

104 4365 172 4424 nobis
188 4365 357 4446 diligentius
374 4365 524 4425 tractanda
543 4377 612 4422 sunt
634 4363 739 4444 scripta
756 4363 892 4424 Platonis.
933 4365 969 4424 In
988 4365 1066 4424 hisce
1086 4365 1164 4425 enim
1191 4376 1307 4444 apparet
1382 4435 1391 4454 ι

105 4461 201 4524 dotibus
218 4465 276 4522 suis
295 4463 430 4523 omnibus
447 4478 474 4523 ct
491 4460 647 4523 virtutihus
666 4462 821 4534 instructa,
837 4463 965 4542 jungens
977 4462 1189 4544 simplicitatem
1208 4461 1304 4520 Socra·
