2832 5120
633 283 688 342 189

70 449 128 527 quid
148 445 351 529 appetendum,
382 444 455 524 quid
479 444 669 525 fugiendum,
695 445 832 502 sciamus:
855 464 908 503 nec
928 446 1013 525 friget
1038 443 1215 528 disputatio,
1238 459 1268 508 ut
1350 477 1353 485 ¹

69 545 213 604 incaeteris
231 542 375 624 plerisque
394 542 497 616 libris,
518 541 569 602 sed
591 543 641 621 qui
661 540 842 600 inducuntur
861 541 1056 622 colloquentes
1074 543 1113 604 de
1132 547 1269 626 gravissi-

67 645 111 702 mis
126 642 166 701 his
181 642 282 716 rebus,
300 655 336 701 ut
355 643 412 700 lert
429 639 580 700 familiaris
598 640 671 699 ratio
688 640 825 698 sermonis
835 685 844 713 ,
865 660 929 698 oum
943 641 1033 701 animi
1052 663 1137 702 sensu
1156 646 1267 705 affectu·

63 762 111 820 que
131 724 282 820 exquirunt
306 740 438 821 singula,
461 753 488 797 et
516 740 592 798 inter·
621 735 796 817 loquendum
825 739 953 798 veritatis
981 742 1152 820 virtutisque
1172 762 1268 801 amore

64 821 225 898 incalescunt
243 838 413 899 identidem.
457 837 518 896 Hoc
539 850 597 911 est,
618 835 696 915 quod
718 835 905 915 φιλοσοφεῖν,
921 839 1149 916 philosophari,
1171 841 1268 922 appel-

63 936 130 996 labat
146 937 240 1016 Plato,
261 936 393 1016 idemque
419 933 530 993 efficere
550 935 582 994 in
607 934 762 996 lectoribus
783 935 936 997 scribendo
961 935 1082 997 studuit.
1124 938 1161 998 Et
1181 960 1268 1016 sane,

63 1049 90 1093 ut
105 1035 153 1094 hoe
167 1047 247 1110 utar,
262 1035 327 1112 quis
344 1033 441 1114 legens
455 1032 655 1120 symposium,
676 1048 704 1093 et
722 1035 783 1117 ipse
801 1035 881 1114 quasi
900 1054 1033 1115 praesens
1046 1036 1178 1097 convivis
1193 1037 1268 1112 illis,
1325 1047 1329 1056 '

61 1155 111 1192 non
136 1132 249 1207 eodem,
278 1152 336 1212 quo
363 1130 428 1206 illi,
458 1130 559 1190 ardore
589 1131 764 1207 effervescit,
785 1154 873 1212 quurn
901 1153 948 1191 eos
975 1153 1099 1192 amorem
1128 1132 1211 1194 audit
1241 1149 1269 1194 et

61 1252 108 1290 una
127 1253 189 1291 cum
216 1252 309 1290 amore
332 1227 550 1303 fortitudinem,
576 1229 771 1305 honestatem,
793 1233 913 1291 virtutes
940 1250 1037 1288 omnes
1065 1231 1267 1294 celebrantes?

58 1329 126 1403 Quid
143 1330 251 1410 plural
272 1328 303 1387 si
330 1327 394 1407 quis
420 1347 546 1405 umquam
569 1327 710 1409 scriptor,
731 1329 811 1389 Plato
836 1343 931 1403 certe,
951 1328 1116 1408 quicunque
1140 1329 1269 1394 latebant

59 1429 85 1486 in
101 1428 233 1488 lectorum
253 1427 357 1503 animis
377 1426 494 1486 virtutis
512 1425 651 1505 igniculi,
671 1427 723 1486 hos
738 1429 856 1510 scriptis
871 1429 929 1487 suis
948 1427 1089 1487 excitavit
1108 1426 1247 1507 aluitque.

91 1525 125 1584 Et
142 1527 181 1586 sic
201 1525 336 1605 quidem,
352 1510 512 1605 diligenter
531 1523 577 1582 his
596 1525 731 1585 omnibus
750 1525 786 1586 de
805 1527 925 1587 Platone
948 1525 1070 1602 aliisque
1088 1524 1265 1608 dialogorum

58 1624 210 1684 auctoribus
228 1623 451 1697 animadversis,
473 1623 596 1682 interius
615 1623 698 1684 nobis
720 1626 881 1707 perspicere
909 1623 976 1682 lieet
987 1667 995 1696 ,
1016 1643 1100 1701 quam
1127 1623 1179 1683 ille
1201 1625 1266 1684 Mu·

58 1743 106 1780 sam
130 1723 317 1804 spectaverit,
347 1740 412 1780 cum
437 1741 540 1781 novam
558 1720 696 1782 inducere
716 1724 818 1804 poesin
838 1733 998 1782 conaretur.
1045 1720 1204 1802 Explorare
1234 1722 1267 1783 id

58 1840 129 1901 supra
146 1821 205 1898 jam
224 1821 388 1902 coepimus,
409 1839 499 1898 quum
524 1818 561 1878 de
581 1821 690 1896 pulcro
718 1821 886 1901 agebamus,
915 1817 943 1897 l)
963 1817 1014 1878 sed
1033 1840 1130 1893 nuno,
1151 1821 1183 1880 ni
1208 1821 1267 1880 sal-

58 1916 108 1992 lor,
127 1940 143 1977 e
159 1918 359 2000 philosophiae
378 1938 451 1998 quae
471 1939 575 1976 comem
602 1932 710 1999 spectat
735 1919 907 2000 principiis,
927 1917 1044 1999 plenius
1063 1918 1265 1999 intelligimus.

58 2016 111 2076 Non
135 2031 194 2078 erat
223 2018 276 2077 illa
295 2017 423 2077 Platonis
450 2015 533 2074 Musa
562 2015 610 2076 vel
640 2019 746 2076 comica
776 2017 822 2077 vel
847 2017 972 2097 tragica:
1003 2008 1133 2096 δημώδη
1164 2017 1266 2078 harum

57 2117 179 2175 musicam
199 2116 343 2192 vocabat3
364 2115 414 2176 sed
440 2107 495 2194 τήν
514 2109 654 2194 μεγίστην
678 2118 849 2197 respiciebat
868 2108 1029 2196 μουσικήν,
1051 2119 1071 2178 i.
1093 2137 1117 2177 e.
1140 2117 1264 2198 philoso-

57 2212 142 2292 phiam
169 2214 268 2288 illam,
290 2235 361 2295 quae
390 2236 443 2276 nec
471 2216 586 2297 plaeere
615 2215 800 2290 hominihus,
831 2237 883 2276 nec
908 2217 1080 2297 gratificari,
1110 2236 1164 2276 nec
1193 2236 1261 2276 tero

56 2308 157 2370 adulari
176 2311 304 2372 studeret
323 2351 353 2363 ..
375 2313 423 2372 hic
442 2320 590 2394 poetarum
610 2296 697 2394 vdlgo
720 2336 752 2373 ac
772 2314 962 2395 sophistarum
980 2329 1178 2392 oratorumque
1202 2334 1263 2373 mos

56 2407 153 2468 fuit-
174 2411 224 2471 sed
251 2409 305 2470 hoc
335 2411 391 2471 sibi
418 2411 536 2472 haberet
563 2413 649 2472 unice
671 2414 866 2494 propositum,
894 2427 941 2487 ut,
973 2414 1086 2492 rejectis
1109 2411 1264 2486 inanibus,

55 2527 118 2584 quae
141 2508 177 2568 ab
205 2509 251 2568 his
279 2497 566 2586 commendarentur,
585 2532 681 2571 rerum
709 2511 888 2585 simulacris,
909 2512 984 2593 ipsas
1002 2531 1046 2572 res
1064 2511 1083 2570 i.
1106 2531 1130 2570 e.
1152 2519 1265 2570 carita·

56 2616 106 2664 teor
124 2607 154 2666 in
172 2607 266 2666 lucem
285 2607 457 2688 produceret
475 2611 591 2689 ejusque
611 2629 704 2669 amore
724 2608 893 2668 incenderet
909 2609 1050 2669 mortales.
1083 2609 1167 2668 Hanc
1184 2609 1265 2670 Plato

60 2701 194 2764 tranum
213 2706 326 2764 Musam
349 2727 452 2766 vocare
471 2706 600 2782 solebat,
620 2727 704 2786 quam
733 2707 784 2786 qui
814 2706 959 2780 colerent,
980 2709 1042 2767 sive
1070 2706 1264 2780 carminibus,

56 2802 108 2860 sive
124 2804 316 2878 orationibus,
333 2793 398 2864 'sive
416 2805 579 2885 cuicunque
604 2804 722 2864 tandem
741 2803 889 2865 scribendi
917 2806 1015 2884 generi
1041 2825 1155 2887 operam
1180 2826 1265 2866 nara·

56 2913 133 2975 rent,
160 2901 211 2961 hos
240 2904 325 2962 unice
353 2901 477 2962 scribere
507 2903 540 2962 in
566 2905 679 2983 generis
706 2902 826 2962 humani
853 2902 1074 2962 emolumentum
1103 2903 1264 2964 contendit.

55 2997 170 3077 Cumque
188 3020 271 3060 nemo
288 2999 383 3059 adhuc
408 3006 557 3082 poetarum
580 3001 826 3081 scriptorumque,
848 3000 884 3060 de
904 3001 966 3078 ejus
988 3001 1149 3076 sententia,
1177 2999 1266 3081 digna

54 3092 102 3152 hac
124 3097 203 3157 Musa
229 3105 314 3179 opera
341 3097 495 3174 edidisset,
515 3098 666 3159 Socraticis
694 3100 755 3179 ipse
785 3097 962 3159 sermonibus
990 3097 1151 3158 scribendis
1177 3111 1266 3160 artem

54 3195 188 3256 scribendi
212 3196 359 3270 excoluit,
386 3218 457 3276 quae
484 3212 595 3257 tantum
623 3196 804 3292 vulgaribusl
819 3197 929 3257 artibus
939 3197 962 3271 ,'
976 3209 1116 3275 quantum
1134 3196 1262 3257 Uranius

56 3312 124 3352 amor
140 3295 251 3375 vulgari
269 3293 377 3369 amori,
398 3309 562 3376 praestaret.
592 3295 727 3373 Iniquius
745 3295 862 3354 fortasse
881 3293 931 3354 ille
951 3294 987 3354 de
1008 3295 1122 3375 seriptis
1141 3294 1264 3355 aliorum

52 3390 183 3464 judicasse
201 3392 353 3470 videatur3
370 3394 421 3454 sed
440 3415 509 3468 nos,
525 3414 563 3452 ne
582 3395 614 3454 in
629 3393 692 3474 ipso
703 3392 865 3471 judicando
880 3393 975 3472 iniqui
992 3393 1097 3467 simus,
1119 3391 1152 3452 id
1170 3407 1265 3452 atten-

55 3487 144 3549 damus
160 3491 333 3571 diligenter,
354 3491 501 3573 praeclaro
521 3491 645 3551 eundern
664 3492 810 3573 proposito
831 3489 900 3550 haec
918 3511 995 3551 nova
1013 3491 1101 3551 fuisse
1119 3491 1265 3567 molitum,

56 3605 101 3644 nee
118 3609 182 3648 vero
205 3589 303 3648 fructu
329 3592 390 3668 ejus
418 3588 514 3650 studia
542 3591 673 3650 caruisse.
714 3589 849 3649 Diximus
875 3586 1058 3648 de'Luciani
1087 3589 1263 3671 aliorumque

56 3681 233 3761 Graecorum,
253 3701 315 3746 turn
333 3687 418 3747 etiam
436 3685 473 3748 de
493 3687 640 3748 Ciceronis
658 3688 798 3769 dialogis,
820 3701 869 3762 ut,
889 3687 1022 3747 instituti
1038 3691 1264 3769 comparatione,

57 3779 126 3841 dotes
144 3787 318 3864 virtutesque
335 3784 463 3845 Platonis
475 3777 721 3866 'cognoscerentur
736 3787 905 3846 accuratius.
937 3786 973 3844 In
991 3805 1046 3864 qua
1065 3783 1265 3865 disquisitione

57 3877 160 3943 illorum
185 3886 253 3944 item
280 3884 360 3945 dotes
386 3883 562 3963 virtutesque
583 3884 806 3966 exploravimus.
848 3883 958 3960 Quodsi
983 3905 1054 3960 nos,
1075 3884 1116 3944 sie
1137 3884 1264 3967 expositi

57 3974 151 4061 dialogi
167 3981 310 4042 Platonici
328 3983 449 4056 naturl,
469 4003 554 4062 porro
573 3983 696 4044 velimus
714 4005 865 4064 quaerere,
886 3980 957 4062 quid
976 3980 1023 4040 illi
1040 3980 1079 4041 ad
1098 3979 1265 4046 scribendos

58 4071 170 4160 dialogos
189 4080 303 4140 Platoni
323 4080 495 4156 debuerint,
516 4080 596 4141 haud
614 4083 719 4141 frustra
739 4102 806 4141 sane
833 4080 915 4139 hicce
940 4099 1016 4138 nova
1036 4078 1089 4138 illa
1109 4080 1263 4142 scribendo

59 4175 159 4237 molitus
185 4178 343 4240 videbitur.
389 4178 563 4240 «Credibile
591 4191 651 4252 est,
673 4180 713 4238 ait
731 4176 993 4260 Wyttenbachius,
1010 4177 1071 4255 jam
1095 4177 1184 4258 ipsius
1201 4177 1263 4238 Pla·
1361 4188 1364 4195 '

59 4275 122 4334 tonis
146 4292 234 4338 aetate
264 4278 415 4339 lectionem
440 4279 580 4338 librorum
599 4279 660 4355 ejus
689 4277 897 4359 frequentatam
925 4274 1047 4335 multum
1075 4275 1200 4337 valuisse
1225 4274 1264 4336 ad

60 4411 284 4430 w

86 4483 108 4550 ¹t
124 4491 204 4545 rara.
222 4491 262 4542 vr.
280 4511 303 4561 ρ.
322 4491 370 4554 os,
388 4488 432 4547 se.
