2872 5122
63 432 186 512 plectitur
205 445 373 509 utr·umque;
395 431 449 491 boc
466 451 561 492 coram
579 414 855 493 bominelacundus
874 430 907 490 lit
930 432 1026 490 statim
1045 444 1073 490 et
1092 428 1274 488 sermonibus

62 529 179 589 abundat
192 529 227 588 de
242 531 349 591 virtute
364 529 456 608 deque
471 551 518 604 eo,
534 529 647 608 qualem
665 551 723 588 esse
733 517 861 609 oporteat
871 529 966 588 virum
977 530 1085 591 bonurn
1095 541 1123 586 et
1133 548 1273 606 quaenam

61 627 166 706 explere
185 626 293 701 officia,
313 642 341 686 et
360 642 461 709 sponte
479 630 519 688 sic
539 649 603 686 eum
623 627 738 688 crudire
756 627 860 690 studet.
884 619 1062 706 Ι(Αιιτιίμινος
1083 620 1154 708 peip,
1176 619 1272 704 οἶμαι,

60 725 107 786 τοῦ
124 724 279 810 solciaci
300 723 413 806 ὁμιλῶν
434 721 527 812 αὐτῷ,
550 723 571 786 ii
591 720 679 786 ιιιίλαι
701 719 788 799 ἐνίει,
809 724 896 788 τίκτει
917 728 966 790 καί
986 728 1082 814 γεννᾷ,
1103 727 1151 788 καί
1170 720 1274 808 παρών

58 827 101 889 καί
115 823 196 890 ιιίιιίν
210 826 407 912 μεμνημένος,
422 829 471 892 καί
484 824 521 899 cel
531 814 673 910 γεννηθὲν
690 825 872 911 οννικτρέφει
889 832 973 918 κοινῇ
984 827 1047 912 μιν)
1061 828 1182 904 ἐκείνου,
1198 821 1272 892 ὥστε

59 925 124 990 noli
136 929 230 1009 μείζω
251 931 400 994 κοινωνίαν
420 931 476 1014 τῆς
495 931 558 993 των
578 928 693 992 παίδων
713 926 790 1014 tepor
811 927 952 1015 ἀλλήλους
973 931 1002 995 oi
1012 932 1140 996 τοιοῦτοι
1155 927 1272 1012 ἴσχουσι

58 1033 98 1092 καί
124 1031 221 1116 φιλίαν
247 1031 447 1118 βεβαιοτέραν,
474 1028 524 1095 ἅτε
550 1027 709 1094 καλλιόνων
737 1033 785 1094 καί
819 1029 1058 1120 α’θοινατωτίρων
1083 1033 1199 1097 παίδων
1224 1057 1271 1097 νι-

58 1132 260 1219 κοινωνηιιίτες.
305 1139 385 1198 Nem
414 1149 584 1211 assecutus,
612 1144 734 1214 opinor,
750 1141 895 1214 pulcrum
925 1151 955 1200 ot
981 1150 1083 1201 cicens
1109 1163 1177 1199 cum
1197 1163 1227 1198 eo
1244 1149 1272 1197 et

58 1242 233 1318 colloquens,
254 1261 444 1320 quaecunque
467 1245 641 1314 conceperat
667 1237 833 1314 quondum,
859 1247 951 1315 perit
977 1225 1021 1298 et*
1031 1247 1155 1322 gignit,
1185 1241 1274 1300 illicet

57 1347 112 1396 tem
138 1342 289 1414 absentis,
319 1359 409 1417 quem
432 1343 607 1413 proesentis
637 1356 767 1393 memor:
798 1337 929 1415 quodque
958 1360 993 1396 en
1023 1340 1074 1396 λοι
1103 1345 1274 1395 animorum

56 1443 207 1515 congressu
236 1447 344 1495 notum
375 1445 436 1509 est,
468 1441 572 1491 nutrit
594 1455 663 1491 cem
690 1435 743 1491 illo
770 1443 969 1493 communiter
992 1447 1021 1494 et
1049 1439 1174 1496 educet:
1193 1435 1274 1506 ,unde

58 1544 282 1595 communionem
302 1537 334 1593 lei
354 1537 437 1614 longe
457 1540 618 1591 arctiorem
629 1517 867 1611 ’firmioremque
886 1543 1056 1593 amicitiem
1076 1536 1274 1608 contrahunt,

58 1655 138 1709 quom
165 1639 220 1713 qui
248 1635 353 1692 liberos
370 1641 590 1710 procrearunt,
605 1633 711 1706 sortus
737 1639 844 1709 quippe
859 1635 1031 1710 pulcriores
1047 1642 1201 1714 magisque
1219 1641 1274 1690 im·

59 1733 189 1790 mortales
209 1753 377 1792 communes
396 1733 566 1790 babentes.»
594 1727 622 1810 l)
661 1800 662 1804 Ἰ

91 1831 141 1888 His
170 1832 332 1910 perceptis,
362 1831 506 1888 neminem
535 1847 593 1886 csse
621 1826 761 1900 arbitror,
792 1827 863 1906 quin
893 1829 1008 1907 penitus
1034 1831 1093 1908 jam
1122 1831 1277 1910 perspiciat

57 1924 257 2009 nmlepeoct'cc
277 1928 436 1988 Socraticae
455 1927 515 1988 vim
542 1938 569 1984 et
588 1923 803 1984 sublimitatem.
845 1923 903 1985 Sed
916 1925 1002 1985 initia
1022 1928 1129 2008 pariter
1147 1928 1276 1987 continet

58 2029 118 2088 baec
137 2029 281 2088 Diotimae
310 2025 442 2086 doctrina
468 2023 640 2105 placitorum
659 2022 908 2100 gravissimorum,
936 2043 1008 2104 quae
1036 2027 1070 2084 in
1095 2025 1278 2107 philosophia

13 2181 14 2188 ,
59 2140 205 2186 oecumunt
223 2125 360 2184 Platonis.
382 2124 423 2184 Ne
443 2123 537 2182 dicam
555 2121 592 2180 de
612 2122 771 2178 dialectice
791 2120 975 2202 philosophi,
990 2145 1073 2202 quam
1095 2147 1130 2184 ex
1151 2125 1197 2185 bis
1216 2145 1275 2184 mu·

59 2226 107 2284 tuis
132 2226 239 2307 repetit
266 2220 423 2282 amantium
449 2217 645 2292 sermonibus,
671 2231 731 2278 tota
759 2217 811 2280 illa
830 2214 982 2302 μοιιιντική
1002 2221 1163 2297 Socratica,
1192 2243 1278 2303 quam

60 2324 162 2404 scriptis
180 2323 242 2382 suis
266 2320 396 2382 certatim
421 2317 607 2380 celebrabant
626 2315 781 2392 Socratici,
811 2341 847 2380 ex
871 2321 916 2381 bis
935 2337 976 2382 est
1004 2322 1138 2382 ducenda
1161 2321 1278 2403 placitis

61 2419 91 2478 de
112 2422 239 2503 eorporis
258 2418 404 2498 animique
431 2417 541 2476 ratione
567 2429 595 2474 et
621 2419 763 2476 naturali
787 2426 980 2500 negociorum
993 2424 1177 2498 fertilitate.
1218 2421 1276 2480 Nec

62 2537 118 2576 vero
136 2519 217 2577 ullus
236 2529 346 2576 exstare
364 2513 480 2576 videtur
499 2516 531 2572 in
550 2514 663 2594 scriptis
683 2515 810 2576 Platonis
829 2519 926 2594 locus,
948 2521 998 2599 qui
1018 2521 1180 2580 animorum
1194 2517 1278 2577 nobis

62 2616 293 2677 immortalitatem
307 2614 451 2674 efficacius
465 2612 642 2694 persuadeat.
674 2613 732 2673 Sed
748 2615 784 2674 de
802 2615 848 2675 bis
864 2617 997 2693 omnibus
1018 2619 1107 2678 inira.
1136 2617 1192 2675 Hie
1210 2637 1278 2676 vero

62 2721 257 2789 memoremus,
278 2711 349 2793 quae
368 2712 454 2772 dictis
471 2711 584 2788 adjecit
596 2711 730 2772 Diotime.
781 2716 922 2775 «Pariunt
943 2717 1003 2792 sic,
1024 2716 1120 2795 inquit
1130 2761 1139 2791 ,
1160 2713 1277 2794 ingenia

13 2797 15 2852 ἶ
63 2833 127 2874 nova
145 2814 244 2874 omnia
262 2827 289 2872 et
306 2810 470 2893 praeclara:
492 2809 590 2889 quales
607 2810 700 2870 foetus
724 2814 917 2894 unusquisque
936 2808 1024 2895 magis
1042 2814 1098 2873 sibi
1118 2826 1278 2894 exoptaret,

13 2937 15 2964 s
63 2915 136 2988 quam
152 2912 305 2972 humanos.
345 2908 519 2988 Hujusmodi
536 2907 664 2989 prolem,
685 2909 802 2989 ingenio
820 2925 948 2992 partam,
971 2935 1035 2972 cunr
1054 2914 1194 2979 Homerus
1213 2911 1278 2970 reli-
1368 2986 1372 2995 Ι

13 2991 15 3008 ’
63 3011 116 3085 quit
133 3023 160 3069 et
177 3010 339 3083 Hesiodus,
361 3029 433 3088 quae
448 3005 634 3066 immortalem
653 3008 723 3087 ipsis
737 3007 856 3088 gloriam
874 3009 1063 3085 conciliavit,
1078 3024 1139 3070 tum
1159 3009 1276 3090 Spartae

13 3101 15 3154 ἕ
64 3105 220 3189 Lycurgus,
242 3128 313 3186 quae
341 3105 457 3187 Spartae
485 3105 628 3166 servatrix
647 3105 704 3164 fuit
731 3120 760 3166 ct
789 3109 938 3170 uuiversae
958 3111 1018 3169 fere
1038 3109 1191 3184 Graeciae,
1217 3120 1278 3166 tum

64 3205 174 3266 Athenis
203 3204 291 3266 Solon
318 3219 346 3264 et
364 3205 415 3264 alii
433 3202 504 3262 alibi
524 3201 601 3284 apud
620 3201 742 3263 Graecos
767 3206 871 3286 passim
890 3221 919 3266 et
936 3207 1091 3283 barbaros,
1112 3208 1162 3287 qui
1179 3204 1278 3266 multis

13 3303 15 3338 l
65 3305 264 3384 praeclarisque
287 3302 421 3384 operibus
441 3303 474 3361 in
491 3301 584 3360 lucem
603 3301 689 3360 editis
699 3345 707 3376 ,
722 3303 818 3363 nullas
837 3325 897 3364 non
916 3307 1036 3366 virtutes
1053 3317 1277 3387 progenuerunt.

66 3401 174 3484 Templa
194 3404 231 3462 iis
250 3415 277 3462 et
296 3423 374 3462 sacra
393 3414 509 3481 propter
529 3400 600 3458 tales
624 3413 704 3460 natos
723 3399 817 3462 dicata
839 3417 906 3464 sunt
927 3403 1069 3484 plurima:
1091 3417 1207 3484 propter
1225 3402 1277 3462 hu·

13 3533 14 3572 r
67 3519 254 3576 manosvero,
276 3501 389 3560 nulla.»
415 3498 446 3578 2)
963 3510 965 3516 '

100 3600 165 3658 Tam
184 3598 316 3658 sublimis
334 3613 375 3657 est
397 3610 425 3656 et
444 3597 532 3654 ferme
558 3595 661 3655 divina
689 3596 758 3654 haec
779 3599 921 3658 Diotimae
939 3598 1114 3680 disputatio,
1136 3613 1185 3674 ut,
1206 3618 1280 3677 quae

69 3697 173 3769 taudem
196 3699 257 3778 ipsa
286 3697 390 3770 fuerit,
408 3716 512 3776 operae
537 3695 661 3775 pretium
689 3694 822 3760 videatur
848 3699 1007 3776 exquirere.
1048 3697 1161 3755 Sacram
1190 3696 1279 3757 fuisse

70 3795 224 3871 mulierem,
246 3809 274 3855 et
292 3787 402 3870 vatem,
431 3807 458 3853 et
476 3793 622 3855 vaticiniis
640 3793 785 3874 praeclare
809 3795 943 3855 meruisse
970 3794 1006 3854 de
1033 3791 1278 3869 Atheniensibus,
1314 3855 1319 3876 Ι

100 4055 122 4119 1)
137 4061 215 4129 spirip,
234 4056 291 4108 209.
311 4055 339 4110 C.
376 4051 592 4125 trequenusume
608 4051 672 4109 baec
687 4057 745 4108 loca
768 4064 922 4124 usurparunt
940 4055 1065 4108 Platonici
1084 4065 1135 4108 tam
1152 4064 1277 4118 veteres,

74 4158 137 4208 quam
155 4147 329 4216 recentiores,
349 4134 455 4214 quorum
475 4143 569 4212 singuli
587 4142 642 4193 lere
659 4143 690 4193 ad
714 4158 805 4194 sensus
825 4140 1030 4194 suosPlatonem
1044 4141 1278 4194 accommodarunt.

73 4224 180 4282 Veterum
199 4232 258 4283 loca
277 4238 453 4300 apposuerunt
474 4231 572 4296 intpp,
596 4229 623 4278 in
639 4229 727 4295 primis
748 4228 833 4278 Λαίνα
857 4233 882 4277 et
900 4241 964 4279 vero
984 4229 1149 4293 Reprderoius
1168 4233 1276 4288 noster,

75 4325 161 4379 nuper,
179 4317 259 4368 elreu!
278 4317 353 4368 nobie
374 4324 400 4366 ct
422 4315 523 4366 erudito
543 4314 599 4364 orbi
622 4313 716 4365 acerbo
737 4314 789 4364 leto
807 4322 918 4380 ereptus.
954 4313 1007 4365 llos
1027 4329 1115 4366 eorum
1134 4309 1197 4362 nihil
1217 4309 1240 4360 lr.
1260 4310 1280 4360 l.

76 4399 208 4466 attigimus,
228 4404 323 4470 quippe
341 4419 408 4453 nunc
426 4403 501 4452 unice
520 4409 666 4466 spectantes
688 4398 829 4452 Platonem.

105 4479 127 4545 t)
144 4486 199 4538 End.
218 4487 278 4538 209.
297 4487 326 4538 E.
