2886 5118
99 449 195 488 sa.·-.
213 427 261 486 Sic
282 441 410 508 apparet.
430 465 463 478 -
487 418 550 486 Τόν
568 417 696 486 κάλλιστ’
708 415 769 503 όρα
790 422 921 510 μουσικῇ
940 399 1139 508 remorantia
1159 420 1337 508 κεραννύντα

96 525 144 586 καὶ
166 517 353 606 μετριώτατα
373 525 415 612 τῇ
427 525 519 612 ψυχῇ
538 519 763 608 προσφέροντα,
783 523 888 586 τοῦτον
912 519 1059 610 ὀρθότατ’
1081 523 1117 589 ἃν
1137 534 1247 610 φαῖμεν
1264 517 1336 592 εἶναὶ

96 622 202 715 τελέως
215 621 439 708 μουσικώτατον
454 627 502 689 καὶ
520 621 794 709 εὐαρμοστότατον,
817 622 892 689 nolti
912 630 1026 707 μᾶλλον
1036 625 1063 713 ἢ
1080 625 1135 692 τόν
1151 627 1204 706 τας
1219 625 1335 715 χοριλός
1382 629 1389 642 '

96 725 235 812 ἀλλήλαις
250 724 429 803 ξυνιστόντσ.
448 783 482 792 ..
499 725 631 805 Εἰκότως
652 725 694 812 y',
723 721 750 792 ολ
770 723 933 812 Σώκρατες·
958 757 1026 793 oron
1049 742 1171 814 igitur,
1193 744 1245 812 qui
1259 737 1335 814 pul-

94 843 224 892 cerrime
251 857 319 892 cum
349 843 465 892 ταατνοσ
491 843 717 915 gyrnnuete'eom
744 843 893 912 temporat
922 843 1011 912 utque
1037 841 1150 910 optimo
1170 843 1334 911 utromque

93 941 194 992 animo
211 933 348 1007 adhibet,
370 941 537 991 rectissima
557 935 638 990 Ιτααο
654 935 827 1009 perfectum
847 941 996 991 musicum
1012 933 1125 1009 sibique
1145 938 1245 1008 iponem
1263 953 1335 1014 οσα-Ι

93 1039 243 1090 ornantem
262 1033 415 1106 dicamus,
437 1033 532 1090 inulto
551 1053 622 1090 sune
644 1038 763 1110 arrugia,
785 1052 874 1108 quom
899 1038 926 1090 α’
952 1037 1022 1109 quis
1040 1030 1166 1088 chordae
1186 1036 1245 1088 soit
1262 1039 1332 1087 tem-

90 1149 211 1204 perare.
234 1156 263 1164 -
284 1129 328 1186 Et
347 1139 455 1188 marato
476 1132 594 1208 quidem
605 1176 613 1203 ,
635 1151 650 1188 υ
671 1128 846 1187 Socrates.»
873 1125 927 1207 l)·.

132 1227 198 1300 Quo
226 1228 314 1306 magis
344 1229 383 1286 ita
413 1227 615 1286 adumbrandt
646 1225 775 1285 Platonis
805 1225 922 1286 civitate
947 1224 1168 1306 progredimur,
1198 1245 1232 1284 eo
1255 1237 1334 1306 patet

93 1323 177 1382 nobis
206 1323 386 1399 dilucidius,
417 1339 494 1401 arcte
525 1328 586 1404 ejus
613 1324 763 1405 politicam
781 1344 848 1383 cum
867 1345 978 1383 morum
997 1322 1334 1400 doetriua'conjunctam

93 1441 160 1480 esse.
204 1422 282 1495 Quae
302 1414 461 1482 communis
478 1423 536 1483 fuit
552 1423 703 1482 universae
723 1422 906 1501 antiquitatis
924 1421 1077 1481 sententia.
1119 1420 1156 1479 Et
1170 1441 1244 1481 'vero
1254 1465 1263 1494 ,

129 1527 133 1530 ’
448 1524 522 1600 quid
542 1523 621 1602 leges
643 1530 708 1580 eirea
729 1524 863 1580 morabar

474 1641 568 1678 οοντοο
584 1619 788 1696 preficiunt?
810 1617 842 1699 2)

94 1711 150 1775 Sed
179 1715 324 1774 cernimus
353 1718 393 1776 ita
423 1719 528 1789 simul,
558 1731 647 1776 totam
677 1717 844 1798 philosophi
873 1715 910 1775 de
938 1714 1061 1798 pulcro,
1091 1711 1128 1772 de
1147 1711 1225 1772 hono
1243 1731 1276 1772 ac
1295 1711 1332 1772 de

94 1811 205 1870 artibus
232 1813 446 1895 philosophiam
472 1831 586 1875 tantum
615 1815 732 1900 abesse,
745 1829 786 1876 ,ut
807 1813 964 1874 theoretica
985 1811 1022 1870 sit
1045 1813 1187 1889 uniceque
1207 1808 1333 1889 philoso-

94 1909 159 1990 phis
188 1909 401 1990 relinquenda,
424 1928 456 1973 ut
486 1914 524 1973 ad
551 1936 595 1974 res
618 1914 746 1975 civitatis
771 1912 980 1993 gravissimas,
994 1909 1032 1969 ad
1051 1911 1142 1990 ipsam
1161 1905 1334 1966 firmandam

94 2006 190 2087 legum
203 2011 402 2070 auctoritatem
422 2012 526 2072 valeat.
567 2012 653 2087 Quod
672 2011 750 2070 dicto
769 2024 845 2070 recte
863 2009 1004 2091 expressit
1025 2006 1212 2066 Xenocrates.
1242 2006 1333 2080 Nam,

95 2120 125 2163 ut
143 2107 224 2188 apud
246 2109 413 2168 Ciceronem
433 2125 494 2184 est,
516 2131 581 2170 cum
600 2123 786 2190 quaereretur
805 2129 842 2166 ex
863 2129 913 2182 eo,
944 2104 1016 2186 quid
1036 2115 1255 2184 assequerentur
1274 2103 1335 2180 ejus

94 2203 251 2286 discipuli,
273 2207 454 2288 respondisse
472 2209 584 2284 fertur,
607 2219 642 2266 ut
658 2210 691 2266 id
701 2213 756 2267 sud
767 2191 868 2283 sponte
880 2209 1028 2282 facereret
1036 2249 1044 2279 ,
1057 2203 1134 2281 quod
1152 2210 1334 2280 cogerentur

94 2303 197 2368 faeere
216 2305 339 2386 legibus.
362 2305 394 2387 3)
435 2293 493 2366 sed'
510 2307 583 2366 illuc
600 2319 709 2388 spectat
726 2304 856 2364 Platonis
876 2305 1056 2385 potissimum
1074 2297 1142 2382 περὶ
1163 2297 1219 2360 τοῦ
1239 2290 1336 2372 όντος,

95 2397 129 2458 de
157 2422 241 2478 vero,
262 2402 299 2461 de
329 2403 496 2485 disciplinis
526 2426 558 2465 ac
579 2403 616 2464 de
636 2403 746 2464 mundo
772 2399 871 2487 νοητῷ
895 2402 1090 2486 philosophia.
1133 2402 1336 2484 Explicuimus

95 2517 175 2574 eam,
207 2515 357 2580 postquam
384 2502 422 2562 'de
452 2503 580 2578 artibus,
609 2504 642 2562 in
669 2503 827 2583 primisque
857 2503 893 2563 de
923 2501 1031 2561 musica
1061 2502 1227 2562 dixeramus
1246 2501 1335 2576 satis,

97 2596 279 2676 vidimusque
298 2601 399 2659 referri
420 2622 480 2659 eam
501 2601 616 2682 proprie
636 2601 675 2660 ad
703 2615 778 2661 reete
800 2599 993 2660 excolendum
1013 2599 1264 2676 erudiendumque
1283 2598 1333 2657 ho·

96 2695 211 2756 minem.
245 2696 301 2756 ch
321 2711 415 2757 autem
435 2699 547 2784 patebit
566 2699 670 2774 nobis,
692 2699 865 2759 destinatam
882 2698 1005 2757 eandem
1022 2697 1059 2756 ab
1075 2710 1190 2756 auctore
1206 2697 1335 2757 maxime

95 2812 152 2852 esse
178 2793 216 2853 ad
246 2795 408 2856 acuendum
438 2797 712 2874 informandumque
740 2817 839 2856 eorum
870 2797 1041 2876 ingenium,
1062 2795 1113 2873 qui
1134 2795 1334 2877 reipublicae,

96 2911 178 2969 quam
207 2892 314 2968 fiuxit,
344 2895 541 2974 gubernaculo
571 2908 666 2954 essent
694 2895 866 2969 adhibendi.
908 2893 994 2968 Quod
1025 2893 1075 2951 ubi
1097 2914 1135 2952 ex
1155 2895 1218 2974 ipsa
1233 2891 1334 2974 philo-

96 2989 175 3067 sophi
207 2989 340 3050 doctrina
372 2993 608 3072 exposuerimus,
640 2992 718 3052 haud
739 2993 908 3052 mirabimur
926 3011 994 3050 sane
1005 3036 1014 3066 ,
1036 2991 1076 3049 sie
1097 2991 1134 3050 de
1155 2990 1337 3072 reipublicae

96 3087 254 3146 rectoribus
274 3091 480 3169 pronunciasse
506 3090 675 3166 Platonem,
698 3106 729 3151 ut
754 3090 842 3150 finem
865 3091 997 3149 futurum
1013 3087 1153 3148 malorum
1172 3089 1205 3148 in
1225 3089 1334 3148 civita-

97 3183 172 3244 tibus
204 3202 339 3266 negaret,
355 3201 543 3266 anteaquam
571 3187 620 3248 vel
651 3188 817 3270 philosophi
848 3209 894 3246 eas
922 3201 1070 3267 regerent,
1092 3187 1140 3247 vel
1171 3186 1221 3266 qui
1239 3207 1333 3245 nunc

98 3302 141 3342 eas
160 3298 285 3364 regunt,
306 3285 473 3368 philosophi
500 3273 594 3346 essent
618 3288 698 3347 faeti.
740 3285 798 3345 Sed
824 3286 926 3361 nohis,
949 3276 980 3344 ut
1003 3285 1106 3345 ordine
1125 3284 1335 3368 procedamus,

98 3382 221 3458 primum
249 3382 285 3442 de
312 3384 473 3444 rectoribus
499 3386 655 3461 civitatis,
673 3385 915 3464 quemadmodum
942 3383 1072 3464 eligendi
1101 3383 1336 3462 instituendique

97 3480 173 3555 sint,
195 3481 339 3560 agendum
360 3483 487 3564 videtur,

417 3662 476 3722 De
505 3658 758 3742 rectoribus
785 3671 1011 3722 civitatis.

135 3837 273 3918 Eligendi
302 3860 317 3898 e
351 3841 519 3902 custodibus
537 3857 622 3918 sunt,
644 3844 756 3924 ipsique
779 3856 865 3902 erunt
885 3842 917 3900 in
937 3839 1038 3921 primis
1056 3841 1191 3898 custodes
1209 3837 1260 3920 4):
1284 3837 1345 3912 day

99 3933 202 3996 lectum
225 3951 319 3998 autem
350 3939 444 3998 lacere
472 3956 604 4002 accurate
634 3956 755 4022 oportet.
797 3941 868 4000 Nam
888 3938 967 3999 haud
984 3938 1041 3997 luit
1058 3938 1139 4000 Plato
1159 3959 1195 3998 ex
1216 3939 1333 4016 illorum

102 4079 356 4096 ⁸¹⁸·——-—-——a-

132 4151 156 4218 l)
174 4157 212 4208 De
226 4158 287 4226 Rep.
309 4157 351 4208 111.
371 4158 429 4210 410.
450 4160 478 4212 C.
497 4187 532 4198 -
548 4160 608 4212 412.
627 4161 659 4212 Α.

130 4238 157 4302 2)
176 4241 262 4295 Horat.
282 4245 328 4294 Od.
346 4245 390 4295 ΙΙΙ.
409 4245 460 4310 24,
478 4245 521 4298 36.

133 4324 159 4389 3)
179 4327 228 4382 cie.
248 4329 285 4380 De
304 4331 364 4399 [ἆορ.
383 4331 402 4382 l.
421 4331 447 4382 2.

131 4423 157 4488 l)
175 4420 265 4496 itaque
279 4414 341 4481 κατ’
362 4412 473 4500 ἔξοχήν
493 4436 617 4482 rorantur
639 4411 776 4498 φύλακες,
787 4426 883 4480 caeteri
899 4402 1055 4500 ἐπίκουροι.
1068 4424 1175 4493 Deltep.
1185 4423 1226 4477 111.
1233 4423 1294 4478 itt.
1302 4423 1332 4476 B.
