2872 5122
311 201 342 242 ‘N

721 246 779 306 128

136 411 168 469 in
197 421 321 469 mentem
344 407 417 466 mihi
447 407 547 469 venit:
580 428 645 466 eum
674 407 732 468 sint
759 409 828 468 iliae
861 429 981 468 numero
1014 407 1168 484 infinitae,
1199 404 1355 466 conandum

134 525 214 584 esse,
263 517 295 562 ut
324 523 390 560 -una
424 501 737 582 comprehenderentur
777 502 894 584 specie,
942 524 999 581 qua
1036 487 1253 584 appellarentur
1290 524 1356 561 eun-

136 615 227 662 ctae.»
258 598 287 680 l)
327 597 413 674 Quod
431 612 581 680 postquam
605 611 670 679 apte
695 598 835 677 docteque
866 599 1018 680 exposuit,
1049 598 1178 658 Socrates
1198 600 1355 670 admirans,

141 699 269 779 «optime
287 717 337 758 vos
354 698 483 756 omnium
493 740 502 770 ,
523 697 638 776 inquit,
659 718 676 754 o
694 700 795 777 pueri:
817 699 951 776 quocirca
972 696 1141 756 Theodorus
1159 698 1230 757 mihi
1252 696 1357 758 videtur

139 791 198 856 non
218 797 284 856 falsi
302 815 360 853 esse
380 795 536 854 testimonii
556 816 630 854 reus.
655 823 686 832 -·
707 796 763 854 Hic
791 796 879 854 solers
905 795 1091 870 adolescens,
1121 797 1220 875 atqui,
1252 795 1358 872 inquit,

139 918 200 958 non
217 915 332 975 possum
355 913 406 972 ego
426 892 464 952 ad
483 913 532 967 ea,
553 913 625 972 quae
650 891 686 952 de
709 895 831 952 scientia
850 895 1038 972 quaesivisti,
1060 895 1100 952 sic
1120 891 1314 974 respondere,
1333 905 1360 950 ut

138 993 176 1054 dc
204 991 395 1076 potestatibus
423 990 496 1050 mihi
523 991 609 1050 licuit
638 993 671 1052 in
694 993 891 1071 geometricis;
923 991 1108 1071 quamohrem
1136 993 1227 1051 falsus
1252 993 1362 1073 a'pparet

56 1135 60 1140 .
139 1091 237 1152 denuo
257 1087 435 1150 Theodorus.
458 1119 490 1130 -
511 1091 587 1149 Tum
605 1089 676 1166 ille,
697 1090 794 1169 quid?
816 1091 875 1166 ait,
896 1093 921 1149 si
941 1094 966 1149 is
984 1103 1042 1148 tea
1062 1091 1200 1152 currendi
1219 1090 1362 1151 velocitate

106 1252 111 1256 ,
141 1189 284 1264 laudans,
305 1187 421 1246 nullum
440 1209 469 1248 se
489 1189 598 1249 diceret
617 1187 828 1248 adolescentem
848 1189 976 1265 vidisse,
997 1189 1048 1268 qui
1070 1203 1128 1250 tam
1147 1190 1206 1266 cito
1226 1199 1363 1260 currerem

143 1303 175 1348 tu
197 1308 265 1349 vero
284 1307 403 1346 currens
422 1286 579 1364 velociter,
600 1287 637 1346 ab
655 1286 756 1346 adulto
773 1301 870 1346 tamen
885 1302 913 1346 et
933 1291 1062 1346 omnium
1078 1288 1259 1350 velocissimo
1280 1285 1364 1347 victus

143 1406 235 1461 esses,
256 1387 352 1445 minus
379 1399 412 1444 tu
439 1385 519 1445 hunc
542 1385 653 1445 diceres
681 1407 748 1447 rere
774 1399 803 1444 te
830 1386 987 1446 laudasse?
1010 1417 1043 1428 -·
1064 1386 1152 1446 Haud
1174 1385 1319 1468 equidem.
1339 1373 1370 1422 -“

145 1484 300 1544 Scientiam
320 1505 407 1559 vero,
427 1504 513 1563 quam
538 1483 621 1544 modo
649 1485 821 1560 memoravi,
842 1485 996 1561 invenire,
1018 1485 1082 1548 teve
1110 1483 1256 1563 quoddam
1286 1503 1366 1562 nego-

146 1584 219 1644 tium
236 1602 294 1642 esse
309 1595 394 1663 putas
403 1601 416 1658 ,·
438 1603 497 1642 non
518 1585 701 1644 maximum?
724 1615 756 1624 -
775 1585 829 1642 Per
848 1583 950 1644 Jovem
970 1582 1122 1662 equidem,
1142 1597 1170 1642 et
1190 1602 1261 1644 vero
1281 1581 1366 1641 omni-

147 1703 196 1740 um
223 1681 387 1741 maximum.
421 1711 452 1722 -
483 1682 603 1741 Confido
628 1683 718 1762 igitur
741 1682 955 1757 viribustuis,
976 1695 1004 1740 et
1033 1682 1218 1741 Theodorum
1244 1682 1366 1739 existima

147 1799 214 1844 tere
231 1778 345 1857 dicere,
368 1781 499 1839 annitere
520 1796 614 1840 autem
634 1783 713 1841 omni
732 1781 828 1840 studio
848 1802 914 1840 cum
937 1780 975 1838 de
993 1783 1131 1856 caeteris,
1151 1795 1213 1838 tum
1234 1784 1323 1838 etiam¹
1338 1777 1367 1835 de

146 1879 209 1961 ipsa
227 1879 366 1954 scicntia,
379 1881 537 1957 rationem,
552 1880 625 1960 quid
640 1883 695 1958 sit,
717 1882 863 1958 consequi.
874 1903 907 1912 -
918 1879 948 1938 Si
968 1880 1098 1940 studium
1118 1881 1226 1960 agitur,
1247 1902 1265 1938 o
1280 1879 1367 1938 Socra·

147 1995 207 2055 tes,
226 1978 337 2059 patebit
363 1980 501 2059 profecto.
526 2003 555 2012 ··
577 1985 636 2060 Age
664 1983 771 2061 igitur:
792 1980 893 2061 pulcre
923 1980 1002 2040 enim
1026 1980 1163 2060 coepisti,
1187 1978 1225 2037 da
1246 1996 1369 2058 operam,

148 2092 196 2156 ut,
218 2077 457 2157 quemadmodum
475 2094 645 2160 potestates,
665 2101 737 2158 quae
761 2081 867 2138 multae
890 2093 958 2138 sunt
968 2124 977 2154 ,
999 2100 1057 2139 una
1078 2080 1171 2158 specie
1190 2075 1369 2157 comprehen-

147 2178 238 2252 disti,
262 2198 342 2236 nunc
353 2223 362 2253 ,
382 2181 563 2259 temetipsum
591 2180 727 2254 imitans,
747 2179 882 2237 scientias
903 2178 1011 2259 pariter
1031 2199 1090 2236 una
1109 2176 1287 2236 definitione
1306 2191 1370 2233 com·

148 2276 302 2359 plectere.»
351 2276 464 2352 Quibus
494 2277 590 2340 verbis
618 2297 634 2336 a
662 2277 777 2337 Socrate
800 2279 945 2352 monitus,
966 2297 1046 2335 nunc
1065 2277 1188 2335 maxime
1208 2277 1372 2334 Theaetetus

150 2397 212 2434 non
230 2375 393 2436 doctrinam
415 2397 513 2452 suam,
534 2375 585 2436 sed
611 2379 761 2458 proprium
789 2376 845 2435 sihi
874 2375 1021 2436 doctrinae
1049 2376 1177 2435 studium
1201 2389 1372 2449 amoremque

97 2472 103 2485 “
151 2471 276 2554 prodit.»
314 2473 393 2536 Scito
411 2496 498 2553 vero,
518 2477 632 2556 inquit,
654 2476 833 2536 oSocrates:
856 2495 1059 2555 saepenumero
1078 2475 1154 2533 illud
1173 2474 1311 2554 equidem
1320 2490 1372 2555 per·

152 2573 261 2653 spicere
281 2588 400 2634 conatus
418 2597 499 2652 sum,
520 2597 609 2656 quum
628 2576 679 2635 has
698 2596 714 2635 a
732 2590 761 2648 te
776 2575 890 2635 institui
907 2575 1087 2653 quaestiones
1102 2574 1252 2650 audirem3
1277 2591 1372 2635 verun-

154 2675 249 2732 tamen
268 2694 361 2758 neque
385 2675 446 2755 ipse
466 2674 538 2734 mihi
560 2675 643 2757 potui
671 2672 862 2758 persuadere,
883 2694 928 2734 me
956 2687 1032 2733 recte
1052 2670 1089 2732 ad
1116 2693 1163 2732 eas
1187 2669 1373 2753 respondere,

154 2791 247 2849 neque
267 2771 304 2830 ab
327 2773 386 2832 alio
406 2773 478 2833 mihi
502 2775 631 2855 accipere
660 2774 764 2848 licuit,
784 2773 835 2852 qui
863 2773 924 2848 sic,
947 2786 977 2831 ut
1004 2786 1035 2830 tu
1050 2771 1155 2850 jubes,
1177 2769 1359 2852 responderet
1366 2788 1373 2842 3

155 2886 209 2928 nec
229 2883 325 2930 tamen
352 2893 402 2954 spe
419 2873 501 2955 potui
522 2872 676 2950 excidere,
706 2875 786 2949 fore,
819 2885 850 2931 ut
878 2870 957 2930 illud
976 2891 1139 2950 assequerer
1162 2868 1330 2948 aliquando.
1350 2861 1374 2942 2)

155 2969 231 3028 Tum
248 2991 317 3031 tero
340 2970 489 3048 Socrates,
510 2974 638 3048 animum
662 2973 853 3033 adolescentis
880 2971 1076 3052 perspiciens,
1098 2973 1271 3051 optimarum
1291 2981 1374 3025 rerum

156 3066 261 3128 studiis
286 3061 407 3150 plenuni
434 3084 462 3130 et
482 3072 563 3150 quasi
592 3072 762 3151 gravidum:
797 3066 952 3143 Ὠδίνεις
983 3063 1070 3151 yoiq,
1101 3071 1216 3149 inquit,
1247 3059 1273 3128 oi
1306 3061 1374 3146 «pite

106 3203 109 3210 ·
157 3164 351 3249 Θεαίτητε,
380 3164 440 3229 dcci
466 3164 508 3229 ro*
533 3165 584 3252 μή
610 3165 712 3246 κενός
739 3167 810 3232 ἀλλ’
837 3165 1001 3253 ἐγκύμων
1027 3153 1146 3232 elvia·
1172 3169 1375 3228 Portae-ir

159 3274 353 3349 scilieet,
389 3297 403 3332 o
438 3281 568 3332 amice
612 3275 860 3354 Theaeteto,
895 3287 1131 3356 propterea
1169 3272 1273 3351 quod
1307 3285 1373 3327 not

130 3393 318 3430 ‘vacuus
349 3394 406 3449 aa,
428 3374 786 3456 redpraegrranr.»
812 3376 858 3459 3)κ

200 3471 249 3530 Sic
269 3491 359 3530 sermo
378 3471 510 3555 procedit
535 3473 606 3550 ille,
627 3488 703 3534 totus
726 3475 764 3535 ad
787 3475 974 3535 excitandum
998 3475 1081 3556 pueri
1109 3473 1259 3552 ingenium
1278 3481 1373 3527 accom·
1414 3479 1415 3502 ¹

139 3555 309 3648 'modatus3
332 3591 364 3628 ac
382 3573 493 3654 profert
511 3571 581 3632 dein
598 3574 770 3635 Theaetetus
792 3590 821 3634 et
842 3577 924 3655 quasi
942 3579 1019 3657 parit
1039 3575 1157 3654 ingenio
1183 3572 1277 3632 varias
1305 3565 1373 3624 iden·

161 3671 252 3731 tidem
271 3671 407 3731 scientiae
425 3671 619 3733 definitiones.
645 3673 703 3733 Sed
721 3674 805 3734 nohis
822 3675 870 3734 hic
886 3675 1046 3757 paullisper
1066 3668 1291 3731 subsistendum.
1318 3665 1375 3723 Sca·
1414 3667 1415 3722 ἒ

162 3770 253 3829 tentia
273 3771 350 3829 enim
369 3770 439 3830 haec
457 3771 597 3847 Socratis,
617 3774 798 3853 paucissimis
813 3773 910 3835 verbis
928 3794 1013 3854 quam
1031 3771 1157 3852 plurima
1177 3783 1205 3827 ct
1222 3766 1375 3847 gravissime

163 3869 336 3946 continens,
356 3871 496 3948 ejusmodi
515 3884 574 3947 est,
596 3884 645 3949 ut,
666 3871 737 3951 quid
756 3871 863 3932 efficiat
881 3874 913 3931 in
931 3885 1045 3954 pectore
1060 3867 1186 3928 hominis
1206 3873 1274 3924 vert
1291 3879 1373 3930 amu,

199 4093 213 4143 1
245 4095 339 4148 Thraci.
363 4091 414 4141 117
431 4093 462 4144 Ι).

199 4093 291 4258 21011
321 4178 376 4262 μὲν
407 4176 447 4264 dri
480 4169 519 4242 oi
543 4176 607 4242 οὐδ’
632 4176 830 4262 ἀπαλλαγῆναι
853 4177 911 4240 ’τοῦ
936 4173 1058 4258 μέλλειν.
1102 4184 1161 4236 Fuit
1185 4196 1242 4231 eum
1265 4183 1376 4229 tentarem

90 4373 96 4382 ,
166 4292 220 4352 ΐθῦ
240 4287 370 4373 stituit·
414 4293 532 4345 fficium:
555 4301 669 4354 desistere
689 4301 958 4352 numerositatem.
994 4295 1047 4350 Sed
1067 4291 1243 4360 exquisitioris
1265 4295 1304 4340 est
1322 4275 1377 4350 apud

169 4412 283 4467 Graecos
298 4429 360 4465 usus
376 4394 503 4480 μέλλειν,
526 4424 601 4476 quam
615 4416 643 4460 ut
655 4414 753 4459 mutere
768 4407 905 4476 quidquam
927 4408 1017 4460 ausim.
1044 4401 1100 4454 vid.
1120 4397 1211 4450 Heind.
1229 4395 1262 4448 ad
1281 4395 1312 4466 tn,
1324 4389 1338 4440 1.

202 4506 230 4574 3)
249 4509 309 4561 Eod-
330 4505 381 4560 148
397 4507 427 4559 E.
