2908 5114
628 285 631 295 '
663 283 718 344 381

91 449 133 512 Τι’
152 445 227 532 μήν;
246 497 283 530 ¹..
307 441 397 508 Οὕτω
429 441 598 506 τοίνυνκαὶ
627 440 662 506 τό
684 445 739 526 τῆς
765 449 870 528 ψυχῆς
892 439 952 510 olda
974 442 1051 512 vite·
1076 447 1150 513 ὅταν
1172 450 1228 532 μὲν
1245 445 1281 516 οὗ
1303 459 1331 540 1)

86 541 274 632 καταλάμπει
290 539 424 632 ἀλήθειά
444 569 476 609 τε
506 545 557 608 καὶ
577 541 615 607 ad
636 541 683 621 du,
711 546 752 622 εἰς
769 548 857 612 τοῦτο
881 545 1082 635 inaniloquus,
1104 549 1213 636 ἒνόηοέ
1230 580 1261 618 τε
1283 559 1332 619 καὶ

85 653 164 737 ἔγνω
186 651 276 729 αὐτο,
299 653 347 717 καὶ
368 651 438 713 νοῦν
466 643 545 730 ἔχειν
570 645 716 730 φαίνεται·
748 642 821 712 ὅταν
851 649 888 713 δὲ
917 653 958 729 εἰς
977 651 1015 716 ed
1036 655 1082 742 τῷ
1108 651 1203 742 σκότῳ
1227 679 1331 740 κεκρα-

83 753 192 838 μένον,
212 754 250 820 τό
274 746 446 838 γιγνόμενον
471 774 502 812 τε
527 748 577 812 καὶ
602 744 820 830 ἀπολλύμενον,
846 751 971 832 δοξα’ζει
996 781 1026 820 τε
1052 757 1101 819 καὶ
1128 755 1316 842 ἀμβλυώττει
1320 824 1330 851 ,

83 853 149 922 τ’ίνω
171 860 220 922 καὶ
239 855 319 922 κάτω
341 851 394 931 τοῖς
414 849 506 928 δόξας
525 841 722 932 μεταβάλλον·
743 853 793 915 καὶ
813 849 902 918 ἔοικεν
912 853 952 922 αὖ
959 858 1031 922 νοῦν
1039 851 1093 922 οὐκ
1105 855 1215 942 &pom
1236 869 1330 937 mli,

84 977 122 1023 ut
144 976 243 1041 noeti,
273 966 325 1022 uli
345 969 413 1040 quis
431 979 477 1016 eos
500 979 559 1014 uon
584 955 624 1013 ed
642 978 677 1014 eo
702 968 904 1035 converterit,
936 983 1065 1040 quorum
1086 967 1196 1024 colom
1214 968 1329 1026 diurna

83 1065 142 1124 lue
162 1066 322 1136 illustrat,
345 1061 395 1120 aed
414 1057 454 1115 od
473 1055 549 1128 etto,
577 1055 685 1130 quibua
712 1054 816 1132 offuso
846 1067 928 1116 eiecti
947 1063 1060 1120 simitu
1081 1063 1212 1138 luceat,
1232 1085 1329 1123 coecu-

87 1170 179 1220 tiunt
196 1185 231 1220 oc
249 1171 327 1220 coeci
338 1162 412 1235 sero
432 1174 492 1214 earo
513 1154 675 1226 videntur,
695 1161 759 1212 ueri
778 1162 863 1214 uitur
882 1163 959 1234 iptio
975 1181 1076 1236 purus
1093 1169 1330 1224 montuosam.-

84 1261 142 1320 Sc‘c
164 1255 473 1335 occidit-Quodsi,
501 1251 605 1324 credo,
635 1252 675 1309 ed
694 1273 729 1310 eo
754 1265 828 1311 sunt
847 1265 1001 1332 converri,
1031 1281 1160 1336 quorum
1180 1261 1327 1319 coloribus

83 1361 132 1418 sol
150 1342 252 1416 lunico
263 1357 403 1438 offundit
411 1399 419 1426 ,
431 1353 514 1410 clare
524 1358 657 1408 cernunt
664 1394 672 1423 ,
688 1352 855 1429 iisdemque
865 1355 935 1413 o'llie
950 1361 1180 1417 inearcoidetur
1189 1367 1282 1417 uicus.
1295 1389 1328 1400 -··

84 1455 275 1536 Quidnii-
296 1454 348 1512 Sic
364 1462 438 1511 item
456 1453 491 1508 do
515 1455 614 1507 menta
632 1455 752 1526 cogito:
774 1452 825 1508 ubi
842 1452 882 1509 ud
899 1454 998 1527 illud,
1024 1458 1101 1534 quod
1120 1465 1237 1518 veritos
1253 1449 1328 1516 otoo*

80 1547 121 1616 dr
138 1557 299 1626 illustret,
320 1559 441 1609 intenta
452 1551 562 1624 suerit
573 1589 582 1618 ,
609 1536 762 1626 intellegit
790 1559 997 1630 cognoscitque
1022 1557 1056 1612 id
1074 1564 1105 1612 ct
1125 1576 1230 1632 rupere
1248 1560 1325 1615 oido-

81 1669 168 1724 tur;
186 1661 234 1712 sin
253 1672 322 1710 voro
335 1651 376 1707 od
390 1671 424 1708 oo
446 1653 579 1722 spectat,
598 1663 675 1720 quac
700 1647 832 1704 tenebris
850 1655 949 1706 mictu
969 1663 1059 1726 sunt,
1079 1674 1155 1730 quoe
1166 1656 1256 1732 finnt
1275 1665 1351 1714 ot-.

82 1759 334 1834 quointcreunt,
364 1755 514 1824 opinatur
539 1764 574 1800 uc
596 1750 740 1816 caecutit,
769 1765 850 1804 nuno
881 1748 958 1822 linc,
979 1771 1060 1808 nuno
1079 1751 1155 1809 illuc
1175 1760 1326 1830 opinionon

81 1871 231 1922 voraom,
249 1848 419 1923 docilisque
435 1862 548 1902 rursus
568 1847 730 1916 incipienti
750 1852 803 1902 est.
825 1839 857 1921 2)

130 1951 232 2027 ltaque
243 1991 252 2019 ‚
271 1958 303 2003 ut
325 1945 358 2002 in
388 1961 529 2001 cavernae
554 1938 772 2016 descriptione,
798 1941 840 1998 sic
860 1942 893 2000 in
913 1943 975 2023 ipsa
993 1943 1179 2024 philosophia
1197 1945 1327 2005 Platonis

83 2049 163 2107 mira
175 2042 346 2124 simplicitas
368 2053 409 2098 est
430 2037 565 2110 tationis,
587 2055 642 2112 qua
664 2033 750 2094 homo
771 2037 809 2096 ad
830 2039 1228 2120 veritatemcognoscendam
1248 2063 1325 2101 acce·

80 2147 141 2206 dit.
184 2143 249 2202 Nou
270 2137 398 2198 tenebris
428 2136 490 2194 istis
511 2133 568 2192 loci
600 2130 781 2190 subterranei
812 2133 911 2193 lumen
943 2136 1324 2217 adhibetu1·,quodiffun·

80 2245 215 2318 dantur;
236 2238 288 2300 sed
309 2236 366 2316 ipsi
395 2233 526 2314 captivi,
556 2228 685 2290 vinculis
715 2228 820 2305 soluti,
851 2230 888 2290 ad
909 2233 1006 2312 ignem
1027 2235 1131 2311 illum,
1152 2237 1203 2315 qui
1225 2235 1326 2317 adest,

80 2352 300 2402 convertuntur
321 2331 504 2413 simpliciter.
547 2325 658 2386 Eadem
679 2341 778 2385 manet
798 2329 894 2403 antri,
917 2351 989 2408 quae
1010 2332 1104 2392 fuerat
1125 2346 1225 2412 antea,
1254 2356 1327 2393 con-

81 2441 179 2516 ditio;
203 2435 254 2497 sed
274 2434 321 2494 illi
344 2427 535 2511 egrediuntur
556 2445 593 2483 ex
621 2423 675 2482 illo
697 2437 725 2482 et
745 2424 803 2503 ipsi
825 2426 933 2500 solem,
955 2429 1006 2505 qui
1028 2428 1125 2506 lucet,
1146 2431 1325 2512 adspiciunt.

79 2537 150 2597 Pari
163 2533 349 2615 simplicitate
357 2528 439 2587 Plato
449 2525 486 2583 de
496 2523 614 2582 homine
623 2521 806 2599 hominisque
817 2522 855 2582 ad
866 2525 1015 2584 veritatem
1025 2527 1221 2607 progressibus
1231 2529 1327 2608 philo·

81 2635 233 2716 sophatun
255 2631 360 2690 Misera
372 2639 414 2684 est
425 2622 554 2703 profecto
564 2665 573 2695 ,
583 2620 641 2693 ait,
652 2639 787 2699 praesens
798 2621 888 2679 animi
906 2622 1028 2682 humani
1039 2623 1182 2682 conditio:
1194 2624 1326 2683 sensibus

81 2735 145 2794 fere
167 2729 254 2790 fidem
283 2726 442 2793 hahemus,
471 2730 555 2796 atquc
586 2718 627 2775 ita
648 2737 700 2796 pro
730 2715 851 2775 veritate
872 2718 1026 2779 simulacra
1048 2733 1075 2778 ct
1097 2720 1317 2780 simulacrorum

82 2830 158 2891 adeo
179 2826 294 2886 umbras
315 2819 525 2901 conspicimus:
548 2812 628 2872 unde
650 2812 761 2871 infiniti
783 2834 892 2873 errores
914 2817 1005 2875 nostri
1027 2831 1054 2875 et
1071 2817 1234 2896 ignorantia
1245 2841 1326 2878 sum-

81 2951 140 2989 ma.
183 2925 241 2986 Sed
257 2923 398 2983 malorum
419 2915 476 2997 ipsi
498 2931 614 2970 suorum
636 2909 771 2968 mortales
802 2925 931 2972 auctores
952 2927 1029 2973 sunt.
1071 2915 1152 2973 Licet
1173 2916 1258 2975 nobis
1276 2939 1324 2978 ve·

81 3029 199 3087 ritatem
220 3025 253 3082 in
268 3022 322 3080 hac
344 3019 406 3103 ipsa
428 3009 597 3072 conditione
618 3023 735 3082 nostra,
763 3008 960 3090 qualicunque
981 3011 1101 3070 tandem
1121 3011 1191 3088 illa,
1212 3015 1325 3096 conspi-

84 3145 170 3198 cere,
191 3120 277 3180 modo
308 3133 444 3176 sensuum
476 3131 508 3168 ac
539 3104 801 3188 praejudicatarum
829 3109 1001 3188 opinIonum
1031 3109 1160 3170 uinculis
1180 3111 1255 3172 solvi
1273 3133 1326 3172 nos

82 3236 113 3282 et
134 3217 267 3280 converti
287 3214 324 3273 ab
354 3209 464 3270 umbris
484 3205 522 3265 ad
552 3202 705 3262 simulacra
725 3212 753 3261 et
780 3204 856 3285 ipsas
874 3226 919 3265 res
939 3207 1099 3268 siverimus.
1142 3207 1249 3269 Mundi
1271 3210 1326 3270 ad-

82 3316 274 3402 spectabilis,
297 3325 328 3371 ut
349 3326 489 3369 cavernae
501 3350 509 3379 ,
531 3300 627 3382 qualis
646 3313 688 3359 cst
706 3321 737 3359 ac
760 3301 836 3378 fuit,
866 3304 934 3363 talis
960 3319 1058 3364 manet
1087 3306 1179 3382 ratio;
1203 3307 1253 3368 sed
1275 3303 1325 3369 no'

82 3419 131 3478 bis
152 3435 237 3498 opera
259 3409 357 3484 danda
374 3421 433 3480 est,
455 3418 485 3462 ut
513 3398 738 3479 disciplinarum
766 3421 819 3480 ope
838 3401 974 3478 illarum,
995 3424 1068 3482 quae
1088 3425 1104 3462 a
1121 3406 1253 3465 sensibus
1273 3430 1326 3467 nos

82 3527 242 3588 revocant,
262 3531 293 3569 ac
313 3507 435 3567 trahunt
454 3522 506 3561 nos
527 3497 565 3558 ad
583 3489 621 3557 toi
644 3487 730 3570 ioca,
753 3493 855 3558 harum
875 3501 965 3580 igitur
985 3523 1038 3561 nos
1059 3523 1112 3582 ope
1134 3525 1149 3561 e
1171 3505 1323 3583 spectabili

81 3612 196 3674 mundo
216 3611 250 3669 in
270 3607 393 3666 alterum
413 3600 517 3676 illum,
537 3591 591 3658 τόν
611 3591 734 3677 νοητόν,
746 3598 779 3657 in
790 3619 846 3676 quo
857 3596 958 3659 lucent
979 3597 1080 3673 ideae,
1092 3600 1324 3662 (ascendamus.-

81 3715 164 3773 Haec
185 3709 253 3769 item
272 3726 324 3765 nos
345 3701 444 3762 docuit
465 3699 497 3757 in
517 3699 716 3780 superioribus
736 3698 835 3771 Plato,
857 3717 946 3775 quum
966 3697 1102 3777 optimam
1124 3697 1209 3757 nohis
1230 3698 1324 3760 trade·

81 3824 128 3872 ret
148 3803 314 3890 philosophi
334 3798 556 3860 institutionem.
584 3798 669 3857 Nunc
679 3843 688 3873 ,
709 3818 766 3877 quo
788 3793 949 3855 dilucidius
968 3794 1052 3853 nobis
1071 3792 1236 3878 Platonicae
1256 3797 1323 3858 doc·

81 3909 181 3970 trinae
199 3905 247 3967 vis·
262 3912 376 3984 pateat,
398 3898 504 3956 iterum
522 3916 740 3956 commemorare
751 3894 914 3976 praeclaras
934 3893 997 3971 ejus
1015 3893 1172 3953 sententias
1185 3895 1282 3974 juvat.

83 4056 344 4074 W

118 4151 147 4217 1)
164 4151 271 4204 Videtur
285 4145 425 4218 legendum
440 4136 534 4214 ὃ-εἶς
553 4137 650 4200 τοῦτο.

119 4241 523 4312 mmmmmcn
706 4233 711 4241 ’
