2832 5120
730 281 787 340 l'lfi

150 441 282 502 habitum
300 463 359 501 esse
377 441 437 504 sive
458 440 547 502 111111
566 443 628 504 sive
648 446 759 524 accepit
782 465 801 502 a
820 443 949 518 Tharne,
975 445 1180 526 Aegyptiorum
1208 467 1284 525 rege,
1308 467 1356 503 cun

150 542 299 600 literarum
318 541 491 614 inventore,
517 541 644 601 Theuth.
687 543 728 604 Ut
746 541 795 603 hic
817 541 939 604 inventa
966 543 1184 622 praedicaverat
1214 566 1279 619 sua,
1311 559 1357 602 tau·

149 651 236 720 quam
253 647 421 716 sapientiae
437 651 466 698 et
481 650 642 700 memoriae
659 644 843 716 remedium,
863 641 935 700 alter
954 663 991 700 «ο
1008 643 1240 702 artificiosissime
1256 644 1358 716 Theuth,

150 741 264 817 inquit,
287 739 361 798 alius
386 739 504 816 quidem
524 738 561 798 ad
581 741 649 798 11111
670 762 757 820 opera
776 738 953 819 perficienda
977 741 1101 804 idoneus
1129 755 1190 816 est,
1220 743 1359 802 1111111111
1409 789 1411 800 ,

148 837 187 898 ad
204 836 398 916 judicandum
418 839 574 917 promtior,
596 839 668 916 quid
687 837 875 900 emolumenti
895 836 1033 899 damnive
1058 841 1116 900 1111
1146 841 1290 901 utentibus
1307 841 1360 902 alla*
1410 875 1411 884 1

148 953 223 999 tura.
265 937 354 1015 Atqui
373 949 401 994 et
419 949 469 1010 tu,
494 937 641 996 literarum
661 951 760 1018 pater,
782 943 901 1016 propter
920 937 1158 1000 benevolentiam
1185 959 1250 1018 erga
1269 939 1361 998 illaset
1410 975 1411 982 1

147 1035 313 1107 caritatem,
345 1035 542 1109 contrarium,
568 1057 654 1114 quam
681 1034 794 1096 efficere
814 1035 943 1114 possint,
973 1033 1132 1098 affirmasti.
1174 1039 1245 1098 Nam
1265 1038 1362 1097 illarum
1410 1072 1411 1104 1

150 1156 237 1208 usus,
258 1146 376 1214 propter
396 1133 603 1194 recordationis
627 1133 854 1213 negligentiam,
875 1132 1055 1195 oblivionem
1084 1137 1118 1196 in
1147 1138 1252 1196 animis
1271 1137 1362 1196 discen
1410 1169 1411 1201 3

149 1233 222 1294 tium
241 1233 351 1314 pariet:
373 1232 481 1312 quippe
500 1233 550 1310 qui
574 1233 703 1294 externis
723 1231 873 1291 literarum
893 1229 1073 1294 confidentes
1100 1234 1310 1307 monumentis,
1331 1253 1363 1290 res
1410 1268 1411 1299 ,

149 1333 227 1413 ipsas
246 1332 326 1392 intus
345 1330 442 1390 animo
462 1351 522 1390 nou
540 1330 703 1392 revolverit.
735 1328 935 1404 Quamobrem
949 1351 1010 1391 non
1027 1333 1198 1408 memoriae,
1218 1331 1270 1392 sed
1288 1330 1363 1390 aduo-
1410 1365 1411 1398 3

150 1433 291 1509 uitionis,
318 1423 353 1490 oti
379 1421 515 1509 μνήμης,
544 1423 606 1488 o'tt'
626 1422 820 1510 ὑπομνήσεως
842 1420 1000 1508 φάρμακον
1029 1429 1179 1492 invenisti.
1219 1430 1364 1512 Sapientiae
1410 1465 1411 1486 1

148 1553 263 1611 quoque
284 1532 451 1612 opinionem
469 1532 584 1612 potius,
604 1554 691 1612 quam
718 1531 881 1592 veritatem·
896 1529 1049 1609 discipulis
1075 1531 1177 1590 tradis.
1218 1531 1291 1594 Nam
1316 1547 1366 1586 cum
1410 1513 1411 1570 1

150 1629 212 1686 sine
232 1630 416 1690 institutione
437 1631 528 1688 multa
547 1633 744 1714 perceperint,
765 1620 987 1708 πολνγιώμονες
1006 1651 1064 1688 1111
1080 1628 1279 1704 videbuntur3
1298 1636 1367 1685 erum
1410 1659 1411 1663 1

150 1747 219 1788 1111
240 1727 328 1809 vulgo
353 1722 519 1808 ἀγνώμονες
539 1732 619 1807 etin
639 1731 849 1802 consuetudine
868 1729 999 1803 molesti,
1020 1749 1072 1810 pro
1089 1728 1235 1808 sapientia
1263 1725 1367 1808 1111111

150 1828 308 1907 sapientiae
326 1829 484 1907 hahentes,
505 1823 673 1909 ὃ1ξόσοφοι
694 1822 932 1908 γεγονότεςᾶντὶ
954 1825 1089 1908 oopus.»
1116 1827 1145 1909 1)
1163 1826 1313 1907 Expressit
1326 1823 1367 1882 hoo

150 1925 254 1986 Themi
273 1948 403 1987 sermone
423 1929 503 1990 Plato
523 1933 651 2011 magistri
669 1933 714 1992 sui
731 1931 769 1990 de
790 1931 982 2011 sophistarum
1001 1929 1107 1988 studiis
1123 1925 1296 1985 sententiam
1305 1968 1313 1996 ,
1330 1920 1368 1998 qui
1410 1957 1411 1988 1

150 2023 236 2085 libris
255 2025 417 2088 scribendis
435 2031 607 2109 sapientiam
628 2051 708 2090 suam
730 2029 928 2087 commendare
947 2027 1122 2098 studebant,
1144 2037 1175 2082 ut
1195 2043 1232 2080 ex
1249 2023 1286 2082 iis
1300 2017 1367 2078 intel·
1410 2053 1411 2085 3

151 2122 363 2203 ligitm·„quae
382 2125 428 2184 his
457 2128 588 2207 proxime
608 2127 687 2208 apud
709 2147 774 2186 eum
793 2127 895 2204 adjicit
913 2126 1049 2185 Socrates.
1096 2123 1215 2201 «Ergo,
1242 2116 1366 2197 ait,q11i·
1410 2151 1411 2182 1

149 2243 266 2301 cunque
293 2245 321 2281 se
340 2237 424 2302 putat
443 2225 484 2283 ita
501 2240 590 2286 artem
611 2241 661 2285 aut
679 2224 817 2284 mandare
837 2224 948 2298 literis,
973 2237 1023 2282 aut
1040 2221 1206 2280 mandatam
1226 2219 1368 2298 suscipere,
1410 2250 1411 2283 3

152 2333 311 2398 etcertum
331 2321 404 2398 quid
423 2336 450 2380 et
469 2323 584 2382 firmum
604 2346 642 2383 ex
663 2325 755 2383 literis
773 2325 810 2382 sit
834 2323 965 2382 futmum
976 2368 984 2397 ,
1004 2319 1162 2380 admodum
1188 2319 1306 2399 ineptus
1319 2327 1369 2399 ¹est,
1410 2349 1411 2382 3

150 2419 294 2497 siquidem
323 2419 390 2498 plus
422 2422 454 2479 in
479 2424 594 2503 scriptis
613 2444 671 2482 esse
691 2422 805 2496 credat,
826 2443 911 2500 quam
933 2434 965 2478 ut
993 2419 1096 2478 scienti
1124 2439 1168 2476 nes
1197 2419 1292 2498 ipsas,
1311 2432 1369 2492 quae
1410 2445 1411 2480 1

152 2517 247 2580 literis
265 2517 485 2600 significantur,
506 2521 539 2578 in
559 2521 724 2580 memoriam
745 2533 896 2592 revocent.
938 2519 1047 2577 Mirum
1071 2516 1103 2576 id
1127 2516 1233 2590 habet,
1262 2514 1369 2574 oPhae·
1410 2547 1411 2556 1

152 2619 223 2695 dre,
245 2619 386 2699 scriptura
411 2631 439 2676 et
463 2621 576 2700 pictura
601 2628 702 2680 revera
723 2619 826 2678 simile.
877 2619 1008 2676 Picturae
1033 2616 1111 2676 enim
1139 2635 1225 2694 opera
1248 2627 1371 2690 tanquan

152 2720 284 2781 viventia
312 2731 444 2792 exstant,
467 2719 491 2776 si
521 2719 594 2796 quid
624 2740 691 2780 vero
718 2718 880 2796 rogaveris,
906 2715 1070 2778 verecunde
1100 2711 1255 2772 admodum
1280 2712 1371 2770 silent:

153 2816 267 2904 σεμνῶς
298 2810 375 2876 πάνυ
402 2813 477 2898 σιγᾷ.
519 2817 628 2876 Eadem
657 2831 699 2876 111
725 2817 864 2875 orationis
892 2815 1014 2896 scriptae
1042 2813 1133 2871 ratio:
1162 2824 1245 2892 putes
1274 2805 1372 2887 aliquid

153 2923 245 3002 ipsam
264 2933 400 2998 tanquam
419 2918 633 2997 intelligentem
654 2916 750 3000 dicere
761 2939 769 2990 ;
792 2936 894 2975 verum
922 2915 946 2972 si
966 2907 1090 2972 sciendi
1103 2910 1208 2971 avidus
1228 2909 1264 2970 ab
1285 2931 1316 2968 ea
1335 2907 1372 2965 di-

151 3035 264 3080 ctorum
282 3018 397 3098 aliquid
418 3017 623 3088 sciscitabaris,
645 3014 723 3074 idem
738 3035 848 3094 semper
867 3026 894 3070 et
910 3033 1001 3070 unum
1016 3009 1177 3090 significat;
1198 3009 1291 3068 omnis
1306 3026 1372 3088 prae·

62 3147 72 3166 ·
151 3133 230 3178 terea
249 3137 340 3177 sermo
358 3137 424 3174 cum
446 3116 532 3174 semel
553 3117 676 3195 scriptus
696 3125 737 3172 est
748 3158 756 3186 ,
767 3112 872 3192 passim
892 3111 1022 3174 volvitur
1041 3124 1100 3169 tam
1117 3107 1196 3189 apud
1214 3102 1374 3187 intelligen-

152 3232 213 3292 tes,
234 3237 319 3296 quam
339 3213 417 3294 apud
438 3214 509 3272 alios
520 3259 528 3286 ,
549 3212 656 3292 quibus
675 3211 795 3270 minime
813 3197 966 3283 convenit,
985 3223 1012 3268 et
1031 3209 1142 3282 nescit,
1164 3207 1271 3286 quihus
1289 3206 1373 3286 dicere

152 3328 302 3396 oporteat,
328 3312 434 3392 quibus
459 3333 519 3370 non
548 3325 711 3392 oporteat.»
736 3337 770 3346 -
801 3310 855 3368 Η11
879 3307 1023 3368 adductus
1039 3305 1203 3366 rationibus
1221 3304 1374 3385 reprobasse

154 3413 272 3476 videtur
291 3412 420 3471 Socrates
445 3411 638 3491 sophistarum
666 3411 700 3470 in
727 3407 880 3468 scribendo
910 3407 1116 3479 temeritatem,
1147 3405 1264 3484 ipseque
1291 3401 1374 3478 scrip·

153 3513 223 3574 sisse
243 3511 330 3570 nihil.
369 3507 483 3584 Quodsi
498 3508 684 3588 quaerimus,
704 3507 776 3586 quid
795 3506 847 3566 ille
867 3504 1012 3586 agendum
1032 3502 1205 3583 philosopho
1226 3499 1373 3582 putaverit,

152 3624 183 3671 et
201 3607 346 3690 quomodo
364 3609 445 3670 Plato
463 3607 503 3668 ad
520 3599 694 3670 scribendos
709 3605 838 3685 dialogos
856 3605 1019 3677 accesserit,
1035 3603 1068 3662 id
1089 3623 1125 3662 ex
1140 3602 1281 3682 proximis
1298 3599 1374 3673 huius

150 3710 293 3769 sermonis
314 3706 384 3766 locis
402 3719 490 3787 patet.
520 3706 641 3770 Scilicet
658 3707 691 3765 in
710 3705 815 3765 animis
833 3703 984 3763 hominum
1005 3699 1149 3774 scrihere,
1167 3722 1228 3760 non
1242 3695 1375 3763 11111111,

153 3822 187 3867 ut
198 3810 231 3868 in
241 3806 366 3880 tabulis,
387 3805 420 3864 id
434 3803 600 3884 philosophi
614 3803 736 3884 putabat
750 3823 857 3860 munus
872 3822 935 3867 esse¹
944 3785 1087 3874 Socrates,
1108 3799 1231 3858 alterum
1242 3797 1374 3878 sophistae

149 3905 306 3985 eujusdam
334 3899 549 3964 sive'rhetoris.
591 3902 759 3962 Audiamus
774 3903 869 3981 ipsum
887 3921 981 3979 porro.
1027 3896 1154 3971 «Quidi
1183 3898 1244 3972 ait,
1274 3906 1374 3977 praeter
1410 3899 1411 3914 ¹

114 4043 118 4056 ·
152 4003 294 4086 scriptum
314 4021 473 4062 sermonem
492 4021 590 4059 nonne
610 4001 700 4058 alium
720 4000 834 4072 cernis,
855 3997 943 4074 hujus
963 3997 1126 4077 geminum,
1152 3997 1203 4058 sed
1221 3996 1373 4059 meliorem,

152 4104 370 4187 potentiorem?
399 4127 434 4136 ·-
465 4100 557 4173 Quem
581 4096 1139 4174 Ι1111111111111111-1’111111,1111111,
1169 4095 1272 4174 quiin
1289 4090 1374 4152 animo

149 4203 294 4263 discentis
312 4221 379 4260 cum
396 4197 517 4258 scientia
533 4197 686 4256 scribitur:
719 4199 744 4256 is
758 4197 873 4256 demum
890 4194 1080 4274 sibimetipse
1098 4193 1237 4256 auxiliari
1252 4195 1374 4271 potestat

149 4301 251 4364 dicere
268 4314 296 4360 11
310 4313 404 4360 tacere
424 4296 504 4378 apud
524 4318 595 4375 quos
614 4310 735 4378 oportet.
757 4297 813 4356 Hte
833 4292 997 4356 Phaedrus:
1018 4283 1075 4354 tals
1088 4291 1147 4354 roei
1161 4285 1279 4364 εἰδότος
1292 4274 1375 4364 io'yut

189 4497 214 4562 ll
234 4498 341 4548 Ploedr.
363 4493 421 4546 att.
445 4492 476 4544 Ε.
494 4489 593 4542 -215
612 4492 640 4542 Β.
