2924 5132
660 212 720 274 553

86 373 161 436 Plato
174 385 264 432 antem
283 372 315 433 in
335 371 415 448 illis,
442 375 684 454 quemadmodum
701 378 740 440 ad
758 379 814 439 tria
834 377 886 438 illa
907 375 1146 458 'perveniendum
1172 375 1299 458 philoso·

84 471 136 552 pho
154 483 240 544 esset,
260 469 405 538 declarare
424 471 546 548 studuit.
588 477 653 538 Non
680 476 887 538 abstinendum
912 495 1029 557 prorsus
1052 497 1070 538 a
1091 475 1224 536 sensibus
1244 473 1301 535 do-

84 571 152 644 cuit,
180 567 230 628 sed
256 568 428 652 philosopho
456 573 573 652 negavit
596 574 1165 657 indulgendumiis,gratificandumque
1184 575 1301 636 ineunt

83 664 188 726 modum
215 687 272 726 esse
279 711 290 742 ,
321 682 353 728 ut
379 689 445 730 cum
472 671 506 730 in
536 682 677 734 cantatis
705 673 1062 747 studioconturbaretur,
1091 686 1153 732 tum
1179 673 1301 732 serviret
1387 725 1392 738 .

83 764 113 822 iis
137 785 167 824 ac
195 765 245 824 sui
270 765 475 828 destitueretur
503 772 658 848 libertate,
689 787 751 832 tum
782 794 850 834 vero
869 774 901 834 in
921 793 1019 834 omnes
1037 769 1178 831 libidines
1199 770 1301 851 volup·

82 875 197 944 tatesque
225 884 351 945 prunus,
373 873 488 928 virtute
512 869 669 932 excideret.
710 871 746 932 Id
766 893 835 932 vero
859 853 1060 953 praecipiens,
1080 889 1153 950 quae
1171 868 1301 950 germani
1348 881 1351 884 '

81 973 143 1020 esset
168 961 335 1044 philosophi
363 966 423 1026 vita
434 1012 442 1043 ,
472 985 610 1048 quaeque
627 970 738 1051 integra
763 991 795 1030 ae
815 991 888 1054 pura
904 970 1060 1054 sanctitas,
1081 966 1300 1029 demonstravit.

81 1062 257 1120 dramatis
275 1084 336 1122 eam
362 1064 460 1126 studio
488 1067 651 1149 repetebat,
681 1083 710 1128 ct
738 1090 807 1130 vero
826 1069 872 1130 sic
887 1069 1007 1144 statuit,
1028 1066 1141 1127 nullam
1160 1085 1224 1126 esse*
1238 1067 1300 1126 sive

80 1165 213 1216 virtutem
241 1161 303 1221 sive
329 1172 541 1242 sanctitatem,
562 1167 620 1226 nisi
648 1187 721 1246 quae
744 1188 811 1228 cum
838 1175 904 1226 ceri
922 1187 1016 1226 amore
1034 1179 1063 1247 et
1081 1163 1224 1246 sapientia
1240 1183 1302 1222 arc·-

80 1255 177 1318 tissime
193 1273 265 1318 esset
284 1263 453 1340 conjuncta:
475 1264 554 1343 qnod
572 1266 661 1325 exiis
678 1279 757 1347 patet
776 1268 902 1326 maxime
912 1311 920 1341 ,
941 1285 1015 1345 quae
1026 1267 1120 1346 porro
1138 1260 1218 1344 apud
1236 1281 1302 1322 eum

80 1353 198 1415 Socrates
228 1357 265 1446 de
284 1369 470 1441 purgatione
498 1371 597 1422 citimi
624 1366 655 1424 in
685 1365 738 1426 hoc
765 1365 881 1447 dialogo
905 1364 1095 1446 persequitur.
1137 1354 1304 1443 Κάθαρσιν

81 1468 172 1532 vocat,
200 1477 286 1536 quam
304 1461 417 1540 saepius
445 1465 633 1540 memoravit,
647 1466 740 1526 animi
764 1487 780 1524 a
805 1485 922 1546 corpore
940 1465 1169 1550 separationem,
1192 1479 1224 1525 ut
1241 1467 1304 1547 ipse

79 1571 124 1632 per
140 1575 168 1612 se
189 1555 271 1616 virat
289 1573 430 1639 agatque,
456 1582 472 1619 a
499 1549 635 1644 corpore,
654 1577 791 1644 tanquam
810 1563 939 1626 vinculis
949 1608 957 1638 ,
978 1563 1106 1639 solutus,
1124 1565 1204 1622 utin
1224 1585 1305 1627 suam

79 1669 104 1706 sc
128 1656 267 1735 receperit
290 1655 463 1720 libertatem.
506 1661 591 1736 Quod
618 1677 650 1722 ut
678 1676 847 1724 consecutus
873 1663 981 1737 fuerit,
1009 1675 1037 1722 et
1058 1663 1209 1722 veritatem
1227 1681 1305 1734 asse-

79 1764 172 1826 quetur
199 1753 304 1829 facile,
335 1770 363 1817 et
382 1772 483 1839 sponte
503 1761 554 1820 sul
573 1761 733 1822 virtutibus
751 1762 917 1844 primariis,
934 1761 1098 1842 sapientia,
1117 1758 1304 1836 fortitudine,

79 1855 280 1932 temperantia,
297 1857 412 1936 justitia
428 1857 561 1920 excellet.
585 1858 614 1940 l)

173 2050 261 2132 Qua
291 2055 452 2115 tament
486 2066 659 2117 ratione
687 2058 737 2116 ad
768 2039 889 2119 varai
917 2066 1203 2118 sanititatem

400 2237 402 2242 Ι
443 2158 793 2236 perveniendum
823 2156 910 2216 eat?

112 2345 259 2420 Quantum
278 2349 316 2412 ad
336 2351 412 2412 vitae
430 2353 608 2413 sanctitatem
630 2352 692 2416 veri
712 2353 809 2416 studio
826 2375 859 2414 ac
876 2353 1034 2436 sapientiae
1048 2352 1184 2414 tribuerit
1202 2351 1307 2428 Plato,

79 2463 109 2500 ex
134 2445 210 2508 bisce
241 2447 367 2510 Socratis
394 2450 425 2509 in
455 2472 567 2512 carcere
587 2452 768 2514 sermonibus
785 2453 971 2534 intelligitur.
1013 2451 1252 2514 Animadvertcre
1272 2449 1307 2510 id

79 2541 231 2608 debuerant
260 2548 447 2631 philosophi,
474 2551 544 2630 qui,
569 2553 701 2631 quamvis
723 2573 760 2612 ex
780 2553 843 2633 ipsa
861 2550 1028 2634 philosophi
1047 2550 1145 2612 schola
1163 2549 1306 2628 profecti,

79 2652 163 2704 nmen
191 2667 250 2706 nec
272 2646 444 2729 disciplinas
468 2650 632 2728 graviores,
661 2670 734 2729 quae
758 2649 796 2710 ad
816 2650 965 2726 veritatem
984 2647 1117 2723 ducunt,
1133 2668 1188 2708 nec
1207 2649 1307 2723 virtu-

78 2750 114 2798 tes
140 2743 231 2822 adeo,
264 2767 334 2826 quas
363 2745 512 2826 diximus,
547 2761 687 2807 curarunt
714 2769 903 2830 magnopere,
934 2769 1021 2807 unam
1050 2747 1181 2822 scilicet,
1209 2747 1307 2806 nescio

81 2857 170 2920 quam,
197 2845 383 2904 sanctitatem
410 2845 581 2906 affectantes.
631 2847 673 2906 De
699 2848 841 2932 virtutum
858 2860 954 2907 autem
974 2867 1041 2906 cum
1060 2847 1137 2924 vitae
1154 2847 1307 2907 sanctitate

84 2943 286 3004 necessitudine
315 2944 446 3026 copiosus
473 2943 581 3006 deinde
609 2945 734 3006 Socratis
754 2959 796 3006 cst
815 2967 847 3005 ac
868 2945 1002 3006 sublimis
1021 2946 1053 3004 in
1073 2943 1174 3004 eodem
1191 2941 1307 3024 dialogo

83 3054 168 3102 sermo.
215 3063 230 3094 α
246 3043 428 3102 Caeterorum
456 3042 626 3120 hominnm,
657 3044 714 3128 ait,
734 3044 759 3103 si
782 3043 856 3124 velis
874 3043 1078 3104 fortitudinem
1094 3063 1127 3103 ac
1146 3057 1307 3124 temperan-

80 3133 140 3196 tiam
166 3139 353 3202 considerarc
362 3187 371 3216 ‚
399 3142 550 3233 videbitur
566 3143 622 3202 tibi
641 3143 694 3204 illa
708 3143 840 3204 absurda
858 3143 956 3224 plane.
997 3142 1121 3202 Mortem
1140 3141 1309 3202 existimant

79 3253 167 3300 omnes
196 3261 291 3300 unum
319 3261 335 3300 e
362 3242 496 3324 maximis
519 3243 603 3304 malis
631 3262 700 3304 esse.
750 3231 894 3321 Majorum
921 3255 1017 3302 autem
1043 3255 1122 3301 metu
1147 3240 1309 3317 malorum,
1358 3241 1362 3247 '

77 3336 240 3418 quicunque
260 3339 294 3398 in
311 3340 348 3400 iis
366 3340 454 3401 fortes
472 3354 541 3400 sunt
550 3385 559 3416 ,
580 3342 727 3402 sustinent
745 3355 866 3401 mortem
875 3385 884 3416 ,
911 3339 1029 3420 quando
1047 3340 1202 3400 sustinent.
1243 3337 1310 3400 Me-

76 3423 180 3498 tuendo
197 3437 292 3520 igitur
307 3459 339 3498 ac
357 3451 435 3498 metu
454 3438 542 3498 fortes
562 3459 661 3498 omnes
681 3452 763 3513 sunt,
784 3452 898 3521 praeter
915 3437 1116 3521 philosophos:
1138 3425 1309 3518 quamquam

76 3519 241 3596 absurdum
260 3551 320 3613 est,
348 3550 426 3596 metu
454 3537 581 3616 aliquem
608 3537 656 3598 vel
674 3535 831 3598 timiditate
850 3532 954 3596 fortem
973 3555 1041 3598 esse.
1083 3535 1141 3596 Sed
1160 3537 1210 3614 qui
1232 3537 1329 3594 inter·
1388 3581 1394 3590 .

75 3649 119 3690 eos
142 3645 338 3718 temperantes
366 3633 525 3712 dicuntur,
552 3656 651 3696 nonne
683 3636 772 3696 simili
800 3635 925 3716 quodam
950 3634 1035 3695 modo
1062 3655 1091 3694 se
1118 3633 1246 3710 habent,
1278 3645 1311 3692 ut
1339 3657 1343 3661 ·

75 3727 298 3815 intemperantia
326 3732 448 3813 quadam
477 3747 668 3816 temperantes
696 3735 776 3796 sint?
806 3755 979 3816 quamquam
1006 3733 1038 3794 id
1062 3733 1125 3792 ficri
1149 3753 1210 3792 non
1228 3752 1310 3823 posse

76 3826 200 3894 ridetur.
245 3833 443 3894 Veruntamen
471 3832 579 3895 accidit
607 3836 645 3894 iis
673 3833 768 3911 illud,
796 3835 830 3896 in
853 3835 934 3894 fatua
954 3834 1082 3915 ipsorum
1110 3832 1310 3913 temperantia.

75 3927 223 3992 Timentes
245 3932 374 4016 scilicet,
400 3954 438 3992 ne
464 3933 523 3993 suis
547 3945 664 4016 careant
693 3932 912 4015 voluptatibus,
933 3955 949 3992 a
974 3923 1262 4014 ceteris'abstinent,
1282 3942 1312 3990 et

75 4023 151 4088 hunc
183 4031 218 4090 in
247 4030 365 4092 modum
395 4031 471 4114 liunt
501 4053 553 4114 per
584 4033 836 4114 intemperantiam
862 4044 1063 4114 temperantes.
1123 4030 1211 4110 Atqui
1240 4027 1311 4088 haec

75 4123 299 4210 haudquaquam
319 4145 396 4192 reeta
416 4145 472 4208 est,
499 4135 539 4218 mi
566 4133 705 4209 Simmia,
725 4131 763 4193 ad
783 4134 921 4194 virtutem
941 4132 1004 4214 via,
1026 4130 1190 4213 voluptates
1209 4127 1311 4208 volup·

77 4321 334 4336 ῃ--ι-η-

109 4401 517 4497 mmmmm-mc
