2924 5132
597 303 600 308 <
677 267 736 327 too

6 439 9 448 ⁴
90 435 188 496 hendo
214 427 350 517 prodesse
378 435 488 494 aetati'
500 447 630 511 nostrae,
653 435 899 516 gravissimisque
922 436 983 514 ejus
1008 434 1115 540 caussis
1144 437 1326 517 prospicere,

89 535 186 618 quoad
206 538 268 614 eJ'us
287 533 350 592 fieri
366 527 486 626 potestq
502 534 638 594 nitamur.

121 732 406 809 Philosophia
435 739 589 790 suncti
607 732 854 808 divinique,
882 729 1296 807 ut'opudP‘lo‘to‘nem
1323 757 1355 770 ·’

535 840 616 905 ιιι,
643 835 883 907 principio.

130 1027 322 1088 Escendimus
341 1027 379 1086 ad
399 1027 545 1108 fastigium
566 1027 716 1100 doetrinae
736 1005 912 1084 Platonicae:
954 1025 1027 1083 Nam
1037 1039 1054 1100 ‚'
1066 1040 1098 1085 ut
1117 1025 1213 1106 pulcri
1233 1026 1329 1108 philo·

85 1127 191 1209 sophia
221 1125 308 1184 nobis
336 1125 472 1185 introitus
499 1127 574 1202 fuit,
595 1137 652 1206 quo
669 1122 767 1184 aditus
787 1122 986 1183 r'e'clude'ret'ur
1005 1122 1043 1182 ad
1060 1142 1179 1204 reguum
1200 1126 1330 1187 veritatis
1379 1170 1385 1179 ,

86 1248 122 1285 ac
150 1225 285 1298 virtutis,
314 1223 366 1282 ita*
383 1217 483 1299 nunc,
504 1227 688 1307 posteaquam
708 1222 741 1282 in
759 1220 969 1308 veri-justique
990 1221 1173 1304 philosophia
1193 1224 1279 1300 satis,
1298 1237 1330 1284 ut

85 1325 225 1397 videtur,
255 1320 323 1396 diu,
352 1321 390 1385 ad
417 1343 478 1382 eam
508 1325 584 1383 recte
612 1319 850 1404 percipiendam,
881 1320 986 1380 versati
1010 1341 1122 1396 sumus,
1153 1321 1223 1381 hinc
1245 1320 1333 1382 nobis

83 1422 208 1485 tandem
224 1420 263 1480 ad
283 1419 457 1482 initiationis
476 1422 564 1500 hujus
582 1421 698 1482 nostrae
722 1412 760 1479 toi
776 1412 860 1479 ottae
879 1417 928 1480 και
953 1412 1095 1480 incaseati
1113 1420 1333 1482 escendendum

85 1536 142 1582 est.
184 1519 243 1580 Neo
267 1532 363 1579 umen
383 1520 423 1578 sio
445 1518 608 1580 existimare
627 1538 680 1580 nos
702 1519 802 1597 dece't,
822 1506 905 1599 quasi
924 1543 1001 1582 nova
1020 1521 1070 1581 hic
1088 1522 1185 1580 omnia
1204 1533 1329 1579 contem·
1397 1519 1398 1522 ’

84 1618 199 1702 piaturi
228 1618 326 1706 simus.
373 1617 424 1677 Est
456 1618 526 1678 hacc
556 1610 737 1678 admirabilis
762 1618 904 1700 quaedam
933 1620 1135 1702 philosophiae
1163 1619 1331 1679 Platonicae

84 1713 295 1799 simplicitas,'
311 1730 362 1792 ut,
393 1709 467 1796 quae
495 1728 731 1798 praecesserunt,
761 1732 1013 1800 praeparentuos
1044 1718 1103 1778 fere
1131 1717 1169 1778 ad
1198 1717 1330 1798 proxima

84 1815 302 1896 intelligenda:
321 1799 397 1896 quae
421 1807 489 1877 ¹vero
505 1815 741 1894 subsequuntur,
762 1819 908 1903 superiora
928 1817 1096 1878 illustrent:
1115 1808 1257 1878 caeterum
1277 1815 1329 1876 vix

83 1913 248 1996 quidquam
280 1915 429 1989 occu1·rat','
460 1913 538 1994 quod
570 1928 644 1973 non'
661 1914 872 1992 quodammodo
907 1927 1051 1997 speratum
1078 1915 1332 1998 exspectatumque

80 2013 188 2075 fuerit.
231 2001 316 2086 Quod
347 2033 417 2088 uos,
445 2013 476 2071 ni
503 2013 651 2086 fallimur,
676 2027 816 2094 perpetuo
831 2015 867 2076 ,iu
887 2013 1140 2094 disquisitionibus
1158 2013 1265 2073 nostris
1279 2027 1331 2072 ‘re-

85 2133 158 2193 apse
189 2111 303 2192 experti
334 2133 440 2173 sumus.
482 2112 573 2186 Nam,
604 2111 700 2193 prouti
727 2112 797 2187 ille,
824 2113 875 2192 qui
903 2115 935 2172 in
947 2114 1051 2195 pulcri
1070 2111 1254 2196 philosophia
1276 2133 1329 2172 nos

84 2210 205 2284 tenuit,
226 2208 371 2270 Diotimae
390 2210 472 2270 de
443 2231 491 2273 ιιι
512 2208 549 2272 ιιι
569 2210 733 2292 pulcrum
725 2231 819 2324 rpspm
838 2233 890 2292 per
912 2233 942 2272 se
960 2207 1200 2310 conspiciendum
1219 2231 1331 2302 sermo,

83 2321 177 2388 aptos
197 2331 249 2370 nos
273 2310 359 2384 fecit,
386 2309 437 2412 qui
466 2319 552 2387 ocri,
578 2331 669 2369 uvroo
689 2308 745 2370 τοῦ
767 2301 869 2384 ὄντος,
889 2325 917 2372 et
936 2333 1003 2372 vero
1015 2319 1102 2390 justi
1122 2311 1183 2373 vim
1202 2330 1331 2389 asseque-

85 2406 267 2488 1·emur,l)
293 2409 332 2466 ita
359 2420 418 2467 tota
446 2422 541 2469 nostra
572 2410 711 2494 deinceps
741 2411 777 2472 de
798 2432 865 2472 vero
884 2427 912 2472 et
927 2413 1006 2490 justo
1024 2410 1183 2492 disputatio
1203 2428 1237 2468 eo
1251 2407 1330 2490 apud

86 2495 142 2565 nos
173 2453 290 2583 ιιιιιιῐι,Ι
308 2515 352 2566 ut
379 2519 408 2566 et
436 2519 527 2576 totum
559 2525 718 2571 sermonem
729 2509 836 2570 illurn
863 2524 891 2570 et
915 2531 985 2571 vero
1011 2508 1107 2591 pulcri
1131 2509 1195 2570 vim
1212 2507 1329 2585 ejusque

86 2625 157 2664 cum
172 2625 240 2664 vero
257 2619 286 2664 et
298 2608 377 2685 justo
397 2607 670 2668 necessitudinem
662 2610 785 2670 anterius
803 2611 1038 2690 perspiceremus.
1068 2609 1105 2668 Et
1122 2607 1230 2688 pariter
1249 2625 1329 2665 nunc

88 2703 177 2764 nobis
203 2718 231 2763 et
257 2704 376 2784 singula·
392 2716 430 2762 'et
445 2717 447 2722 “
463 2707 617 2783 universa,
634 2707 721 2786 *qu'a'o
755 2705 851 2766 adhuc
881 2706 1030 2781 vidimus,
1059 2703 1235 2781 sufficientj‘
1253 2716 1329 2765 ce'rte

88 2802 252 2883 proderunt
276 2814 362 2881 quam
389 2799 567 2884 plurimum,
588 2793 627 2864 ad
655 2805 783 2865 Platonis
810 2804 847 2865 de
869 2804 960 2864 'rebus
985 2804 1097 2866 divinis
1122 2805 1203 2865 effata
1220 2803 1322 2863 intelli-

91 2901 186 2980 genda
214 2907 300 2961 recte.
343 2889 469 2960 Naturae
483 2903 569 2963 'haec
597 2905 756 2978 ratioest,
777 2904 807 2962 in
827 2925 884 2982 qua
904 2917 970 2985 apta
988 2904 1101 2982 sibique
1118 2905 1243 2984 congrua
1262 2916 1337 2962 sunt.

95 2999 205 3074 omnia,
225 3000 270 3058 nil
290 2999 375 3060 nobis
393 3021 504 3060 novum
522 3002 809 3083 inexspectatumque
823 2987 953 3077 'eccidit-,
975 3002 1025 3086 sed
1043 2999 1168 3062 transitu
1187 3001 1329 3062 facillimo

92 3097 297 3175 lenissimoquo
326 3112 354 3157 ct
382 3099 504 3180 'singula'
529 3115 557 3160 et
587 3101 722 3161 universe
748 3103 904 3179 conjuncta
932 3115 1099 3182 apparent·
1118 3101 1225 3176 Quid?
1251 3100 1330 3179 quod

90 3195 352 3254 reveuimurvhte·
369 3211 471 3276 sponte
491 3198 539 3258 rud
567 3200 662 3280 ipsum
686 3198 723 3262 de
752 3199 849 3258 animo
877 3201 1069 3280 prooemium,
1095 3198 1174 3278 quod
1191 3211 1329 3278 tauquam

44 3335 47 3346 ,
88 3290 235 3375 τηλαυγὲς
261 3287 424 3376 πρόσωπον
446 3299 500 3357 toti
521 3296 724 3379 philosophiae
742 3299 889 3378 praemisit
908 3300 1014 3359 Plato?
1057 3297 1232 3358 Continebat
1251 3297 1330 3358 illud

88 3396 244 3478 pristinam
271 3397 382 3471 animi,
413 3395 583 3474 anteaquam
606 3395 661 3454 hoc
687 3395 966 3475 corpus'induerat‚
987 3397 1185 3458 conditionem
1203 3396 1330 3477 praecla-

88 3513 173 3570 ram,
199 3495 325 3556 utdeos
355 3501 485 3577 secutus,
515 3494 547 3553 in
560 3494 629 3552 loco
646 3485 851 3579 ὑπεροιρανίῳ
871 3494 1048 3576 pulcerrimo
1066 3495 1248 3577 spectaculo,
1268 3497 1330 3576 ipsi
1360 3501 1361 3504 ’

88 3592 251 3676 spectandi
270 3608 298 3653 et
317 3593 413 3675 pulcri
435 3608 462 3652 et
477 3591 549 3653 boni
571 3607 599 3652 et
613 3611 616 3616 ·
620 3595 713 3673 justi,
733 3596 791 3657 imo
809 3596 901 3656 sancti
921 3593 1075 3673 divinique
1091 3592 1219 3676 perle'cth
1237 3595 1331 3675 specie

88 3695 265 3767 frueretur:x
289 3693 382 3776 Quam
401 3693 492 3752 animi
510 3692 683 3772 pristinam,
702 3695 760 3755 imo
779 3693 942 3754 naturalem
961 3693 1159 3752 conditionem
1178 3693 1203 3752 si
1223 3692 1332 3774 illics)

88 3791 325 3874 perspexerimus
352 3805 449 3866 reete,
479 3790 528 3849 hio
550 3790 684 3853 divinam
703 3797 766 3874 ejus
784 3787 915 3854 iridolem
934 3792 1150 3870 rethiamque,
1169 3812 1226 3870 qua
1236 3837 1245 3867 ‚
1265 3791 1329 3873 phi·

88 3889 242 3970 losophiae
265 3889 375 3966 ductu,
405 3889 497 3965 illuc,
527 3890 607 3950 unde
635 3891 732 3974 lapsus
752 3905 822 3968 est,
847 3883 948 3950 reduci
973 3888 1096 3966 debeat,
1126 3903 1158 3948 ut
1177 3911 1192 3948 a
1211 3889 1335 3951 Platone

89 3989 287 4048 demonstrata
317 4002 372 4064 est,
386 3989 522 4067 assequi·
541 3987 682 4049 facillime
708 3985 879 4072 poterimus:
911 3990 974 4049 'Nec
988 4025 991 4032 .
1004 4009 1091 4064 vero,
1110 3988 1161 4047 ubi
1179 3987 1229 4057 hic
1248 3988 1332 4054 nobis

91 4086 131 4147 de
156 4085 259 4148 divina
290 4094 431 4162 natura,·
447 4083 491 4146 de'
510 4087 614 4148 mundi
635 4087 763 4170 opifioe',
791 4087 827 4159 de
852 4101 951 4150 rerum
978 4099 1082 4148 natura
1092 4119 1109 4163 ’,ι
1119 4088 1154 4154 ,ιιι
1175 4087 1331 4169 primisque

78 4429 82 4438 ·
131 4389 155 4466 ι)
175 4402 252 4453 rasse
268 4417 293 4468 p.
313 4399 370 4452 roo.

130 4485 427 4556 nmemm
