2898 5120
727 273 787 336 510

145 461 149 468 ·
177 444 264 521 Quod
290 453 384 500 mrtem
413 439 542 504 Platonis
571 441 676 502 attinet
704 441 881 518 consilium,
910 456 942 502 ut
972 463 1045 526 opus
1075 445 1164 506 ethici
1194 449 1361 528 argumenti,

136 546 308 628 proprieque
329 537 398 621 περὶ
429 541 486 605 τοῦ
506 536 621 604 dotuico
649 540 805 618 scriberet,
833 553 946 602 tantum
971 543 1070 620 abest,
1102 557 1136 603 nt
1158 546 1207 606 vel
1227 547 1361 628 politicam

136 671 196 709 non
225 650 395 726 attingeret,
426 643 473 704 vel
500 643 680 704 solummodo
709 642 746 701 ad
771 642 896 706 ethicam
925 643 1132 724 explicandam
1153 646 1315 722 adhiberet,
1334 661 1361 706 ct

136 748 283 808 verissima
302 747 341 803 ita
362 755 483 824 poneret
500 761 652 822 germanae
672 737 808 822 politicae
825 740 1027 804 fundamenta.

490 933 547 996 Da
575 939 765 1016 politico
796 936 1007 998 Plutonia.

172 1139 239 1199 Non
257 1134 310 1197 illc
328 1135 464 1215 quidem,
492 1134 573 1214 quod
592 1147 691 1214 postea
711 1133 780 1192 lecit
800 1133 960 1214 Polybius,
990 1136 1117 1194 mixtum
1135 1123 1263 1196 ciuitatis
1283 1157 1363 1217 genus

132 1250 266 1297 accurate
292 1235 443 1314 exposuit:
473 1253 646 1312 quamquam
677 1232 774 1312 attigit
811 1232 889 1292 illud
918 1232 1132 1311 quodammodo
1162 1235 1195 1293 in
1223 1255 1305 1316 opere
1333 1237 1363 1293 dr

133 1335 274 1416 Legibus.
303 1331 333 1415 1)
381 1332 508 1413 Per-spici
534 1330 566 1392 id
596 1332 804 1409 informarique
828 1343 891 1389 tum
913 1330 1030 1392 demum
1059 1353 1076 1391 a
1103 1331 1223 1394 Graecis
1245 1333 1365 1414 politicis

133 1435 242 1516 potuit,
267 1445 416 1514 postquam
446 1431 613 1489 innotuerat
637 1429 675 1488 iis
709 1429 838 1488 Romana
873 1427 1052 1509 respublica,
1089 1450 1179 1510 eaque
1202 1429 1319 1491 adrian
1340 1443 1364 1489 et

134 1535 262 1614 rigorem
290 1543 472 1612 pervenerat.
514 1527 575 1587 Vix
601 1527 761 1606 quidquam
789 1525 814 1583 ei
847 1527 943 1586 simile
969 1529 1159 1610 spectandum
1181 1528 1365 1610 praebuerant

133 1630 266 1692 civitates
282 1629 420 1688 Graecae.
463 1625 522 1687 Sed
546 1637 614 1684 ante
644 1624 799 1705 Polybium
828 1623 930 1699 Plato,
959 1626 1083 1702 ovillo,
1113 1627 1146 1686 ni
1165 1626 1270 1701 fallor,
1294 1627 1365 1684 intc-

133 1729 213 1802 rius,
232 1747 305 1807 quae
324 1726 418 1786 omnis
438 1738 533 1785 essent
556 1723 694 1805 politicae
719 1723 866 1804 principia
891 1723 1039 1784 verissima
1050 1769 1059 1799 ,
1077 1739 1271 1806 perspexerat.
1310 1723 1365 1782 Imo

134 1847 221 1902 vcro,
247 1825 380 1904 quamvis
405 1823 502 1903 magni
528 1835 593 1902 post
621 1819 777 1902 Polybium
806 1821 877 1882 iacti
903 1821 1015 1880 luerint
1037 1823 1160 1901 injuris
1176 1823 1289 1904 publici
1305 1821 1366 1881 doc·

104 1927 108 1932 ’
133 1925 212 1985 trina
231 1943 414 2005 progressus,
433 1921 487 1980 hac
510 1933 608 1980 nostra
630 1939 745 1998 quoque
764 1932 857 1981 aetate
876 1919 1016 1999 prolicere
1036 1920 1122 1980 nobis
1140 1939 1177 1978 ex
1195 1919 1297 1979 iisdem
1310 1919 1365 1978 illis

133 2021 300 2083 Platonicae
323 2021 461 2102 politicae
486 2018 643 2101 principiis
661 2005 739 2078 lieet.
780 2018 847 2078 Non
867 2015 956 2077 linxit
976 2017 1048 2094 ille,
1064 2019 1145 2097 quod
1165 2017 1365 2077 recentioribus

133 2121 261 2203 placuit,
290 2120 388 2178 nescio
416 2111 521 2198 quem,
550 2127 685 2177 noturus
711 2125 847 2191 nomm,
880 2135 896 2173 a
920 2137 978 2193 quo
1005 2116 1156 2191 homines,
1182 2119 1264 2195 quasi
1284 2125 1366 2198 pocta

135 2221 212 2278 inter
242 2237 270 2276 ae
294 2227 398 2278 memo
422 2217 516 2291 inito,
540 2215 578 2275 ad
607 2215 697 2276 vitam
725 2212 845 2272 civilem
874 2216 1015 2294 progressi
1046 2217 1114 2275 sint.
1157 2215 1255 2275 Missis
1283 2214 1363 2274 fictio·
1441 2215 1442 2236 *

136 2317 242 2389 nibus,
269 2335 304 2374 ex
335 2314 464 2392 antiquis
490 2311 714 2386 traditionibus,
743 2331 816 2389 quac
844 2312 906 2372 vita
930 2311 1083 2374 bominum
1107 2313 1232 2394 pristina
1253 2312 1363 2388 luisset,
1441 2329 1442 2350 ³

135 2413 297 2493 indagavit.
338 2410 425 2486 Quod
442 2412 475 2470 in
493 2409 623 2469 Politico
639 2407 671 2489 2)
690 2420 718 2467 et
739 2411 772 2468 in
790 2407 922 2489 Legibus
939 2407 972 2490 3)
990 2410 1080 2488 lecit,
1100 2409 1228 2490 indeque
1248 2411 1365 2492 origines

137 2513 310 2594 optimarum
338 2509 490 2568 civitatum
518 2506 616 2567 duxit.
659 2508 735 2566 Tum
764 2527 832 2568 vem
860 2509 893 2568 in
918 2499 1048 2589 politicis
1063 2510 1136 2588 justi
1153 2508 1303 2584 studium,
1321 2509 1365 2568 bo·

135 2611 210 2672 mini
238 2608 343 2668 natura
381 2608 547 2688 proprium,
578 2604 737 2667 celebravit
764 2607 907 2681 maxime,
939 2627 994 2666 nec
1022 2620 1118 2666 tamen
1147 2607 1266 2685 rejecit,
1299 2626 1365 2686 quac

133 2709 327 2789 indigentiam
358 2705 485 2765 bominis
508 2705 645 2784 vitaeque
668 2705 829 2763 communis
856 2725 890 2764 ac
925 2704 1068 2764 societatis
1100 2704 1282 2786 appetitum,
1311 2719 1364 2764 tom

131 2809 220 2868 ctiam
248 2803 383 2864 utilitatis
408 2823 488 2884 spem
514 2815 686 2884 spectarent.
729 2800 775 2861 ub
803 2801 851 2862 bis
877 2803 956 2861 enim
979 2803 1065 2862 initia
1088 2803 1243 2862 civitatum
1264 2819 1365 2885 repeta-

131 2903 200 2980 bat;
231 2902 324 2963 veluti
352 2902 385 2960 in
409 2901 471 2982 ipsa
497 2900 635 2976 Politia,
657 2899 709 2958 ubi
734 2901 883 2959 civitatem
908 2899 1034 2960 condere
1059 2901 1208 2975 instituit,
1226 2900 1364 2962 Socraten

130 3002 201 3063 baec
225 3003 315 3079 lacit,
353 3013 386 3058 ut
416 3000 545 3064 vidimus
575 2998 732 3058 dicentem.
774 2998 807 3058 Γ
803 2995 911 3079 irrasos
930 2998 1029 3061 τοίνυν
1048 2992 1150 3073 πόλις,
1174 2991 1215 3072 ὥς
1237 2991 1363 3085 ἐγῷμαι,
1440 3057 1441 3064 ,

128 3097 234 3186 ἐπειδή
260 3124 402 3183 τυγχανει
424 3095 515 3184 ἡμῶν
544 3096 666 3174 ἕκαστος
692 3093 744 3160 mix
767 3095 934 3186 αὐτάρκης,
969 3097 1045 3164 ἄλλο)
1065 3099 1187 3164 πολλῶν
1207 3097 1364 3184 ἐνδεής-ἢ

130 3201 186 3269 civ'
209 3200 262 3266 uiis
286 3198 386 3287 ‘istit
413 3197 509 3285 ἄλλην
530 3195 617 3264 πόλιν
645 3196 787 3277 οἰκίζειν,
815 3203 847 3286 l)
876 3206 924 3266 Sic
952 3205 1066 3266 scilicet
1094 3205 1253 3265 convenire
1277 3225 1363 3266 secum

130 3308 258 3369 invicem
283 3307 434 3380 homines,
455 3319 611 3384 mutuoque
635 3305 691 3364 sibi
715 3305 870 3386 prodesse,
894 3310 1014 3368 statuit:
1035 3327 1092 3388 qua
1119 3307 1152 3365 in
1177 3325 1208 3364 re
1225 3307 1322 3386 apium
1335 3323 1363 3364 ac

132 3407 316 3467 formicarum
343 3403 454 3464 similes
475 3416 552 3464 sunt.
595 3402 652 3463 Sed
675 3403 753 3464 idem
776 3404 814 3464 ab
839 3406 934 3466 initiis
956 3406 1036 3466 hisce
1063 3405 1209 3464 societatis
1229 3404 1321 3464 omnis
1336 3423 1363 3462 ac

129 3505 282 3564 civitatum
306 3501 385 3563 illud
415 3501 587 3583 distinguit,
616 3501 695 3581 quod
722 3523 775 3564 nos
802 3524 909 3565 vocare
932 3511 1125 3582 principium
1146 3511 1287 3564 civitatis
1300 3502 1362 3562 sole-

129 3624 201 3664 mus.
243 3604 294 3664 Est
322 3617 416 3662 autem
440 3600 473 3660 id
496 3601 569 3679 justi
595 3599 724 3682 bonique
751 3601 899 3680 studium,
927 3603 979 3663 nni
1004 3616 1124 3662 naturae
1143 3601 1287 3662 humanae
1306 3620 1362 3682 pru·

130 3703 247 3790 prium,
272 3700 368 3782 quod,
396 3721 454 3782 quo
473 3699 571 3780 *magis
585 3720 615 3759 se
642 3699 728 3760 homo
755 3701 897 3784 explicat,
930 3722 963 3761 eo
985 3700 1076 3780 magis
1108 3701 1140 3759 in
1171 3721 1206 3759 eo
1232 3711 1361 3778 apparet,

129 3797 278 3880 effecitque
298 3789 501 3860 in'bominum
519 3815 641 3878 genere,
666 3811 699 3858 ut
723 3799 800 3880 leges
824 3799 862 3860 ad
883 3800 955 3880 justi
975 3817 1105 3858 normam
1124 3811 1242 3856 exactae
1259 3794 1363 3855 conde·

132 3885 251 3982 rentur,
272 3912 357 3980 atquc
387 3897 558 3960 exsisterent
588 3895 628 3955 ita
647 3880 782 3959 ciuitates
790 3905 882 3977 juria
908 3919 1068 3974 consensu,
1087 3909 1119 3955 ut
1136 3896 1240 3956 Cicero
1265 3907 1362 3968 vocat,

136 4087 392 4096 -—--——-—-——-

163 4206 189 4273 1)
207 4209 236 4260 L.
250 4209 293 4262 Ill.
311 4204 372 4261 692.
388 4209 419 4262 Α.

162 4294 190 4359 a)
210 4295 307 4347 Potitio.
327 4294 386 4347 trs.

164 4378 191 4445 3)
209 4379 237 4431 L.
257 4381 297 4433 lll.
314 4379 373 4433 678.

163 4464 189 4530 d)
209 4467 246 4517 De
263 4467 324 4536 llcp.
344 4467 372 4521 ll.
386 4465 445 4520 369.
462 4465 491 4519 Β.
530 4466 578 4521 cu.
593 4467 671 4519 latitia
688 4483 714 4535 p.
731 4466 791 4520 ⁴68.
