2950 5134
421 1497 493 1564 Du
538 1497 1021 1565 PHILOSOPlel.

252 1849 484 1898 PROOEMIUM
518 1847 557 1895 ΙΝ
580 1849 886 1922 rultosorulam
918 1847 1189 1896 PLATONIGAM.

144 2431 334 2513 Philosophia
363 2420 474 2490 tametsi
502 2452 518 2490 a
544 2431 703 2493 cultissimo
731 2453 843 2513 quoque
872 2433 979 2515 populo
1007 2433 1130 2492 maxime
1161 2445 1189 2490 et
1206 2431 1284 2490 culta
1303 2429 1341 2488 sit

99 2547 132 2592 et
151 2531 315 2606 celebrata,
336 2544 431 2591 tamen
450 2531 528 2590 omni
546 2553 617 2593 aevo
635 2533 842 2614 vituperatores
862 2531 965 2590 habuit
986 2545 1013 2590 et
1033 2531 1210 2593 adversarios
1228 2529 1340 2610 gravis-

102 2632 204 2689 simos
234 2630 381 2690 Vocarunt
399 2650 460 2688 cam
479 2628 564 2688 multi
581 2631 754 2710 argutiarum
773 2619 800 2689 et
825 2630 958 2699 inanium
976 2631 1194 2689 contentionum
1213 2641 1340 2686 matrem.

103 2729 241 2787 Fuerunt
266 2728 338 2801 alii,
359 2728 409 2806 qui
435 2726 563 2786 moribus
591 2749 652 2786 eam
680 2741 708 2788 et
735 2730 877 2789 humanae
898 2729 1031 2788 felicitati
1050 2728 1240 2809 perniciosam
1259 2725 1341 2785 dice-

104 2837 196 2897 rent,
217 2838 313 2906 utpote
330 2825 478 2904 religionis
496 2826 589 2885 omnis
607 2840 634 2885 et
652 2847 801 2906 germanae
822 2828 938 2888 virtutis
959 2826 1147 2886 fundamenta
1168 2824 1341 2886 labefactan-

105 2939 179 2984 tem.
220 2922 321 2984 Exorti
348 2935 416 2984 suut
445 2925 531 3000 item,
552 2924 603 3003 qui
627 2941 790 3000 accuratas,
811 2947 883 3005 quae
913 2939 1070 2999 vocantur,
1092 2924 1238 2984 doctrinas
1257 2923 1342 2981 unice

107 3021 302 3097 admirantes,
329 3023 382 3082 rix
412 3020 530 3102 dignam
558 3043 619 3081 eam
631 3071 632 3075 ,
645 3022 802 3098 haberent,
823 3043 909 3102 quam
934 3024 1007 3082 serio
1025 3025 1249 3104 impugnarent,
1270 3043 1342 3080 cou—

108 3133 273 3180 temnerent
290 3140 358 3180 vero
383 3134 410 3179 et
434 3119 581 3196 riderent,
603 3135 635 3180 ut
658 3122 854 3181 doctrinarum
874 3117 1003 3180 omnium
1024 3120 1214 3195 levissimam,
1235 3121 1342 3200 quippe

110 3238 184 3298 quae
201 3217 322 3297 singulis
341 3219 401 3276 fere
420 3219 559 3278 aetatibus
584 3218 641 3276 alia
658 3219 787 3299 prodiret
808 3234 835 3279 et
856 3219 932 3280 norb
952 3220 1054 3301 specie,
1096 3219 1224 3306 Quarum
1244 3236 1343 3298 repre-

110 3316 284 3374 hensionum
313 3317 336 3376 si
365 3337 476 3376 caussas
500 3318 680 3397 quaerimus,
695 3317 781 3386 ,haud
808 3319 934 3398 prefecto
954 3313 1059 3398 positas
1078 3316 1143 3377 illas
1169 3316 1342 3396 reperiemus

112 3417 144 3474 in
163 3415 225 3494 ipsa
243 3414 425 3496 philosophia
434 3462 443 3492 ,
464 3416 561 3476 sedin
576 3415 726 3480 hominum
737 3419 822 3476 unice
842 3437 954 3491 errore,
975 3417 1025 3496 qui
1046 3415 1261 3478 confunderent
1278 3411 1341 3494 phi·
1434 3466 1443 3478 ,

113 3511 270 3592 losophiam
299 3534 364 3572 cum
392 3514 628 3596 philosophorum
648 3515 708 3575 sire
735 3515 854 3594 argutiis
874 3515 934 3574 sire
962 3514 1061 3595 impiis
1088 3510 1341 3585 cavillationibus,

112 3633 166 3671 nec
185 3630 266 3686 vero,
285 3611 358 3690 quid
377 3613 438 3693 ipsa
458 3625 530 3671 esset
546 3633 686 3691 quamque
703 3613 759 3672 late
777 3626 905 3693 pateret,
927 3625 991 3692 apte
1008 3612 1214 3693 perspicerent.
1244 3606 1341 3687 Vulgo

111 3711 190 3770 enim
208 3708 268 3768 dici
285 3708 441 3789 haberique
466 3709 537 3770 solet
559 3710 691 3770 doctriua
716 3713 776 3771 sive
794 3717 940 3786 seientia,
961 3731 976 3768 e
996 3709 1149 3790 principiis
1168 3707 1342 3787 quibusdam

111 3820 241 3868 accurate
260 3805 389 3866 definitis
408 3805 495 3866 dueta
519 3821 547 3867 et
570 3808 717 3888 explicita,
758 3808 859 3883 Qualis
878 3811 902 3868 si
927 3807 1062 3867 habenda
1083 3808 1118 3866 si't
1138 3805 1340 3888 philosophia,

112 3906 190 3965 idem
215 3926 282 3964 sane
310 3906 336 3965 ei
366 3907 481 3965 evenire
507 3905 628 3980 debeat,
657 3908 735 3985 quod
765 3907 856 3966 nullis
885 3929 945 3967 nou
974 3905 1131 3984 doctrinis,
1153 3905 1339 3986 quantumvis

111 4005 270 4080 accuratis,
308 4004 425 4064 evenire
452 4004 542 4078 solet,
574 4018 622 4080 ut,
653 4005 845 4089 labefactatis!
860 4005 1030 4087 principiis,
1061 4007 1122 4087 ipsa
1142 4016 1263 4065 corruat.
1305 4005 1342 4060 At

112 4125 180 4163 vero
205 4103 228 4162 si
253 4103 403 4182 antiquos,
429 4102 453 4160 si
477 4101 623 4162 Platonem
647 4103 797 4178 audimus,
827 4126 887 4163 non
907 4105 1027 4163 scientia
1051 4105 1103 4165 illa
1127 4100 1261 4163 habenda
1286 4112 1340 4174 est,

111 4199 163 4262 sed
181 4201 309 4260 studium
327 4201 482 4275 scientiae,
503 4222 564 4261 non
577 4201 722 4277 doctrina,
737 4202 788 4262 sed
803 4200 998 4264 doctrinarum
1013 4203 1142 4264 omnium
1161 4216 1189 4262 et
1205 4201 1337 4260 maxima-

112 4320 176 4359 rum
205 4300 309 4358 artium
331 4301 525 4380 procreatrix:
556 4291 733 4379 tantumque
751 4300 849 4374 abest,
871 4314 902 4359 ut
931 4321 1006 4360 vana
1029 4301 1066 4360 sit
1093 4314 1120 4359 et
1148 4301 1276 4372 incerta,
1307 4309 1339 4354 ut

112 4397 321 4459 fluctuantibus
349 4410 377 4456 et
406 4397 607 4458 corruentibus
634 4419 686 4478 per
714 4398 890 4459 saeculorum
924 4399 1083 4462 decursum,
1103 4394 1337 4480 philosophorum

111 4494 300 4580 opinionibus
319 4510 346 4555 et
366 4494 523 4572 doctrinis,
545 4497 605 4576 ipsa
624 4509 719 4556 tamen
740 4497 849 4575 integra
866 4511 979 4562 maneat
997 4510 1024 4556 et
1043 4494 1238 4558 immutabilis,
1260 4495 1336 4574 Ope-
