2872 5122
632 319 670 378 99

55 487 242 559 admonitum,
272 484 389 543 tandem
408 483 582 562 suspicatum
602 501 660 541 esse
671 529 679 556 ,
699 473 754 560 τήν
776 474 904 561 δημώδη
927 475 1083 563 μουσικήν,
1114 486 1269 566 vulgarem

54 593 190 644 musicam
209 604 225 643 a
244 583 304 642 Deo
323 580 494 662 significari,
515 600 631 659 eamque
650 594 771 641 tractare
787 583 953 644 instituisse.
974 581 1003 663 l)
1021 583 1175 665 Vulgarem
1188 584 1268 644 Plato

52 682 162 742 vocabat
180 681 336 754 musicam,
357 699 428 758 quae
453 677 620 758 Polymniae
639 694 711 738 esset
729 701 809 738 saera
820 695 857 739 *et
875 681 964 739 amori
984 681 1189 762 gratificaretur
1205 681 1269 742 vul·

52 781 122 862 gari,
143 799 238 840 veram
259 793 353 837 autem
372 792 400 837 et
420 797 577 851 summam,
599 798 670 856 quae
689 777 837 837 coelestem
861 779 893 836 in
917 779 1020 838 animis
1043 800 1164 838 amorem
1181 779 1270 839 aleret

51 892 76 937 et
92 879 201 937 Musam
220 890 383 955 sequeretur
402 875 560 948 Uraniam,
577 875 596 934 i.
617 897 640 934 e.
657 875 869 957 philosophiam
880 876 979 958 ipsam.
1001 878 1078 936 Haec
1089 879 1177 959 spirat
1186 878 1268 937 Musa

52 977 79 1034 in
97 977 221 1036 dramate
246 973 392 1048 Platonis,
413 972 490 1053 quod
520 975 642 1055 optimae
671 974 895 1033 vitae·imitatio
918 988 976 1049 est,
997 975 1129 1054 quodque
1152 976 1270 1034 verissi-

52 1094 117 1131 mam
143 1071 303 1154 appellavit
329 1070 520 1156 tragoediam:
543 1073 633 1154 spirat
651 1072 683 1130 in
702 1072 812 1130 Timaei
840 1074 985 1148 oratione,
1012 1073 1128 1152 quando
1155 1074 1218 1148 hic,
1239 1095 1270 1132 ea

52 1171 105 1250 ipsa
122 1171 275 1246 invocata,
295 1191 389 1228 rernm
410 1169 528 1250 exponit
556 1169 701 1250 principia
724 1184 752 1228 et
770 1170 874 1230 mundi
892 1170 1022 1252 opificem
1045 1170 1187 1232 celebrat:
1208 1185 1269 1230 tum

53 1289 113 1326 vero
140 1283 167 1328 et
196 1271 285 1352 spirat
309 1268 436 1328 omnium
466 1268 588 1340 maxime
617 1282 645 1326 et
666 1267 837 1334 dominatur
858 1269 891 1328 in
920 1269 1037 1328 sublimi
1066 1270 1193 1350 hymno,
1214 1291 1270 1348 quo

53 1387 166 1425 amorem
186 1367 345 1426 celebravit
372 1368 403 1425 in
428 1364 557 1424 Phaedro
578 1365 715 1425 Socrates.
757 1366 834 1425 Haec
865 1380 924 1441 est,
945 1388 1029 1446 quam
1056 1365 1135 1426 Plato
1162 1368 1269 1442 coluit,

54 1466 155 1543 poesis,
176 1464 251 1524 hanc
272 1465 356 1523 nohis
376 1463 495 1544 reliquit
514 1463 628 1546 scriptis
646 1485 807 1544 expressam
825 1465 891 1524 suis
1020 1455 1029 1482 i

83 1669 215 1736 ll'l’ltoed.
233 1673 277 1725 60.
343 1672 385 1724 61.
403 1673 433 1724 Α.
