2908 5114
738 271 798 330 340

147 453 240 498 autem
261 437 299 496 ad
320 438 395 497 vitae
416 433 592 493 honestatem
612 432 806 512 virtutemque
824 433 879 494 hoo
898 434 960 514 ipso
979 431 1077 492 studio
1086 449 1293 514 pervenerant,
1309 435 1364 492 illos

146 535 206 594 fere
223 537 369 617 appellare
388 523 495 604 καλοῦς
515 522 669 608 κᾶγαθοῦς
688 529 807 590 solebat.
850 531 1032 590 Enarrarunt
1053 532 1086 591 id
1111 533 1196 592 nobis
1222 533 1363 604 Socratici,

137 633 310 715 Xenophon
331 636 363 694 in
384 633 644 706 Memorabilium,
666 631 698 689 in
719 627 866 708 plerisque
889 625 1012 708 dialogis
1032 630 1132 704 Plato,
1160 631 1364 710 diligentissime

145 747 239 790 autem
258 732 522 810 studiosissimeque
540 728 725 809 Xenophon,
757 726 807 805 qui
839 726 901 805 ipse
929 726 1014 785 nobis
1044 727 1076 786 in
1104 730 1220 809 scriptis
1247 729 1365 788 omnibus

135 829 271 908 ,germani
290 829 449 905 Socratici,
470 830 528 888 imo
548 820 657 908 ἀνδρὸς
678 821 769 884 καλοῦ
789 843 821 882 τε
843 821 893 883 καὶ
914 817 1034 903 ἀγαθοῦ
1063 846 1198 906 expressa
1218 827 1306 904 imago
1323 839 1362 882 est.

143 927 242 1005 Itaque
261 927 429 1008 philosophi
448 928 494 987 illi
513 942 571 987 tam
599 929 631 987 in
649 924 817 985 hominibus
842 925 1017 1000 laudandis,
1038 946 1110 1004 quos
1139 922 1363 993 admirabantur,

143 1045 227 1102 quam
248 1025 280 1083 in
301 1023 540 1084 commendandis
565 1025 669 1086 studiis
698 1013 841 1100 rebusque
879 1023 1011 1104 optimis,
1042 1035 1197 1099 utrumque
1227 1021 1317 1093 illud,
1342 1032 1363 1076 et

140 1124 285 1198 pulcrum
304 1135 332 1180 et
351 1140 419 1182 vero
440 1123 546 1182 bouum
566 1119 764 1182 celebrabant.
807 1118 919 1200 Agatho
939 1120 1019 1199 apud
1038 1119 1207 1189 Platonem,
1230 1119 1279 1176 ubi
1298 1137 1363 1176 amo·

142 1239 221 1293 rem,
242 1218 338 1297 qualis
357 1220 411 1294 sit,
433 1221 631 1298 exquisiturus
648 1217 903 1295 descripturusque
933 1229 974 1274 est
985 1261 993 1289 ,
1019 1217 1243 1292 pulcerrimum
1269 1235 1328 1272 eum
1342 1226 1364 1270 et

141 1325 286 1394 optimum
301 1338 378 1393 esse,
399 1319 539 1381 continuo
559 1317 644 1377 dicit.
687 1310 773 1392 Φημὶ
794 1305 848 1373 οὖν
870 1307 946 1394 Spei,
963 1306 1082 1372 πάντων
1095 1312 1179 1372 θεῶν
1194 1305 1364 1390 εὐδαιμόνων

141 1406 249 1487 ὄντων,
269 1406 386 1496 Ἔρωτα
411 1415 450 1498 (εἰ
478 1409 571 1492 θέμις
597 1412 645 1474 καὶ
678 1408 858 1494 ἀνεμέσητον
886 1413 986 1498 εἰπεῖν)
1014 1408 1280 1492 εὐδαιμονέστατον
1304 1405 1364 1473 εἶναι

142 1509 254 1589 αὐτῶν,
275 1511 471 1579 κάλλιστον
492 1510 563 1578 iimo
583 1515 631 1576 καί
654 1510 822 1596 ἄριστον.
844 1519 938 1590 Tum,
962 1517 1056 1596 specie
1086 1501 1205 1575 laudata
1233 1517 1303 1590 Dei,
1335 1512 1363 1572 ad

142 1619 204 1694 ejus
225 1619 362 1678 virtutem
382 1619 533 1701 procedit:
556 1617 624 1702 περὶ
652 1615 709 1695 μὲν
740 1610 793 1679 οὖν
821 1609 988 1685 κάλλους
1017 1610 1073 1672 sori
1101 1613 1179 1674 θεοῦ
1207 1611 1255 1673 καὶ
1283 1610 1363 1674 ταῦτα

138 1707 237 1787 ἱκανοὶ,
267 1714 315 1775 καὶ
346 1711 388 1778 ἔτι
418 1714 512 1778 πολλα
538 1717 676 1780 λείπεται·
707 1717 775 1801 περὶ
805 1713 840 1777 δὲ
869 1706 1162 1795 α’ρετῆςἚρωτος
1187 1709 1263 1793 μετα
1283 1715 1363 1776 ταῦτα

141 1809 266 1901 λεκτέον.Ι
306 1817 463 1878 Celebrans
482 1834 577 1880 autem
594 1823 728 1880 Amorem
746 1834 778 1880 ut
798 1841 858 1878 non
876 1819 1101 1896 pulcerrimum
1120 1830 1235 1875 tantum
1243 1819 1362 1888 Deorum,

141 1917 192 1977 sed
213 1925 357 1995 optimum
377 1917 481 1994 etiam,
503 1921 626 1979 virtutes
647 1921 673 1978 ei
694 1918 842 1999 principes
862 1916 985 1974 tribuit:
1017 1935 1089 1992 quae
1119 1915 1271 1975 concludit
1297 1915 1362 1973 hunc

141 2016 173 2074 in
193 2015 327 2075 modum:
350 2005 445 2087 οὕτως
466 2013 535 2092 ἐμοὶ
557 2016 637 2077 δοκεῖ
650 2010 766 2098 Ἕριος,
789 2015 912 2095 πρῶτος
933 2005 1024 2084 αὐτοῖς
1046 2004 1087 2072 ὢν
1108 2007 1363 2086 κάλλιστοςκαὶ

139 2106 323 2193 ἄριστος,
345 2110 531 2194 persolverim
553 2121 617 2191 τοῖς
638 2111 735 2188 ἄλλοις
756 2109 853 2174 ἄλλων
877 2108 1019 2174 τοιούτων
1042 2109 1134 2188 αἴτιος
1155 2107 1236 2174 εἶναι.
1262 2115 1290 2196 l)
1309 2118 1363 2174 Poe

140 2215 197 2273 tice
214 2215 284 2274 haec
305 2217 424 2297 quidem
441 2221 571 2298 Agatho,
593 2233 625 2279 ut
646 2233 707 2277 tum
726 2216 1003 2290 animadvertimus,
1033 2236 1124 2293 quum
1144 2218 1176 2275 in
1192 2213 1363 2296 philosophia

139 2311 237 2392 pulcri
255 2315 442 2389 versabamur
453 2362 462 2390 ,
484 2317 631 2396 ipsiusque
645 2318 752 2395 pulcri
771 2328 902 2373 naturam
924 2312 1164 2393 explorabamus5
1187 2312 1219 2394 2)
1236 2325 1363 2374 verunta-

139 2429 206 2468 men
225 2409 266 2468 ita
287 2409 387 2470 laudat
408 2412 591 2492 celebratque
610 2415 643 2473 in
658 2414 705 2472 his
724 2416 877 2484 Amorem,
899 2424 949 2484 ut,
967 2410 1040 2488 quid
1061 2414 1133 2470 bon
1145 2434 1164 2468 α
1176 2434 1205 2469 m
1225 2408 1361 2488 Socratici,

140 2520 167 2565 et
185 2521 294 2585 quanto
315 2506 346 2565 id
359 2510 469 2584 pulcro
488 2513 682 2590 praestantius
701 2508 877 2582 habuerint,
899 2507 1103 2587 intelligatur3
1126 2511 1217 2589 ipsam
1232 2531 1265 2568 eo
1279 2516 1362 2566 cirtu-

139 2614 198 2662 οταν
220 2620 432 2685 expresserunt.
474 2606 532 2666 Sed
551 2609 595 2668 vis
612 2623 639 2668 et
658 2622 761 2667 natura
780 2604 834 2664 τοῦ
855 2597 977 2685 ἀγαθοῦ
996 2619 1094 2685 postea
1117 2607 1251 2687 apparuit
1280 2604 1362 2664 masi-

137 2722 183 2760 me
194 2748 202 2777 ,
223 2717 373 2782 postquam
393 2703 425 2763 id
446 2706 569 2786 Cynici,
591 2706 765 2784 tandemque
786 2705 874 2764 Stoici
889 2728 909 2765 a
927 2704 1032 2786 pulcro
1053 2717 1080 2762 et
1098 2703 1222 2778 decoro,
1243 2701 1362 2783 exemplo

139 2800 196 2880 ipsi
216 2821 285 2875 suo,
307 2802 430 2862 vivendi
461 2802 746 2885 philosophandiqne
775 2804 906 2878 ratione,
937 2802 1155 2881 disjunxerunt.
1197 2805 1269 2861 Nam
1296 2797 1362 2880 apud

129 2897 287 2977 'germanos
304 2897 463 2961 Socraticos
481 2904 521 2961 sic
542 2901 594 2959 illa
615 2903 771 2979 conjuncta
792 2901 927 2976 fuerant,
957 2915 989 2959 ut
1009 2921 1062 2958 neo
1083 2900 1219 2980 pulcrum
1245 2899 1361 2958 aestima·

140 3007 223 3068 rent,
245 2996 301 3056 nisi
322 2998 402 3076 quod
420 3000 546 3074 bonum,
567 3019 620 3058 nec
640 2998 760 3073 bonum,
781 3000 839 3058 nisi
857 2999 935 3078 quod
953 2999 1031 3058 idem
1041 2999 1175 3078 pulcrum
1185 3012 1266 3061 esset.
1286 2995 1361 3057 Unde

140 3093 277 3153 virtutem
297 3116 398 3156 vocare
417 3097 551 3158 amabant
573 3091 802 3178 καλοκάγαθίαν.
846 3097 903 3156 Sed
923 3097 1088 3178 Aristippus
1114 3111 1142 3156 ct
1167 3097 1315 3178 Cyrenaici
1332 3086 1361 3152 ui

139 3183 242 3264 καλδν,
277 3194 462 3254 Antisthenes
491 3210 519 3255 et
548 3200 673 3279 Cynici,
703 3221 717 3258 e
747 3217 870 3279 quorum
901 3208 975 3254 secta
1003 3194 1092 3254 Stoici
1123 3199 1313 3272 exstiterunt,
1331 3191 1360 3255 ro*

139 3284 261 3372 cipude
282 3293 387 3367 unice,
409 3292 485 3352 certe
502 3295 788 3377 maximesprosecuti
809 3307 896 3354 sunt:
919 3291 999 3370 quod
1015 3295 1130 3372 utrique
1148 3310 1175 3375 et
1192 3296 1296 3358 habitu
1313 3319 1359 3356 mo·

141 3393 279 3471 cibusque
297 3404 325 3450 et
344 3410 412 3450 vero
429 3391 545 3472 placitis
563 3381 777 3475 prodiderunt:
800 3391 904 3473 Cynici
923 3411 993 3451 vero
1013 3413 1045 3450 ac
1066 3391 1155 3452 Stoici
1180 3393 1235 3454 hoc
1263 3398 1321 3478 ipso
1338 3407 1361 3454 et

139 3491 333 3574 prodiderunt
351 3485 379 3547 ot
407 3489 586 3569 probarunt,
607 3515 680 3573 quae
700 3507 771 3554 esset
789 3491 844 3552 τοῦ
865 3484 988 3569 dystro&
1007 3509 1073 3548 cum
1093 3492 1270 3570 virtutibus,
1300 3513 1360 3574 quas

139 3591 251 3672 Agatho
279 3587 456 3662 celebravit,
478 3591 629 3666 maximis,
661 3613 727 3651 cum
753 3594 915 3676 sapientia,
945 3588 1135 3664 fortitudine,
1166 3595 1359 3674 temperantia,

135 3689 268 3768 justitia,
289 3686 408 3746 omnino
425 3707 490 3744 cum
508 3689 611 3748 morali
629 3692 649 3751 i.
671 3712 696 3753 c.
719 3696 827 3752 summa
846 3690 973 3750 hominis
1000 3689 1177 3770 perfectione
1204 3693 1359 3770 conjunctio

141 3800 170 3848 et
188 3786 268 3865 quasi
288 3783 429 3863 cognatio.
472 3783 590 3846 Factum
609 3789 648 3848 ita
671 3804 732 3866 est,
753 3805 786 3850 ut
804 3793 902 3849 bouu
914 3812 944 3847 m
966 3787 1020 3846 illa
1041 3801 1136 3863 secta,
1157 3809 1210 3848 nec
1232 3812 1298 3850 vero
1314 3789 1359 3848 illa

141 3896 253 3945 tantum
264 3929 272 3957 ‚
294 3882 344 3942 sed
362 3881 528 3942 Academici
549 3886 658 3965 pariter
676 3901 704 3947 et
723 3888 925 3971 Peripatetici,
959 3887 1015 3945 imo
1040 3907 1108 3947 vero
1135 3875 1288 3968 Epictirei,
1316 3886 1359 3964 qui

140 4003 156 4040 e
177 3981 344 4061 Cyrenaicis
364 3979 533 4057 fluxerunt,
554 4004 652 4044 omnes
667 3986 755 4066 igitur
776 4002 867 4048 sectae
887 3979 932 4045 τό
955 3977 1089 4064 οἷγαθό
1099 4008 1129 4059 ν,
1150 3990 1273 4061 bouum,
1292 3980 1359 4063 quod

140 4100 333 4138 summum
371 4080 512 4138 bouum
541 4081 748 4161 appellabant,
788 4085 989 4167 philosophiae
1017 4099 1216 4166 argumentum
1245 4083 1359 4145 omnium

136 4249 393 4265 ...----—--—-—»

173 4359 198 4422 ο)
217 4321 299 4426 ἐφη.
319 4355 377 4407 ros.
395 4355 551 4407 irc-197.
571 4357 599 4409 c.

171 4443 197 4506 2)
215 4445 292 4496 Initio
304 4458 329 4509 p.
348 4439 390 4491 9³.
431 4495 434 4510 ³
