2950 5134
661 277 697 336 13

89 443 231 504 uudiomm
252 441 350 520 generi
374 460 403 500 se
426 437 592 511 addiceret,
615 459 674 498 non
700 435 877 518 reperiebat:
895 435 950 498 sed
973 451 1115 498 errantem
1138 436 1239 498 diuet
1264 457 1301 498 ex

88 559 142 618 aliis
166 559 197 616 in
224 555 281 615 alia
309 547 419 615 incerto
439 567 606 634 vagantem,
632 557 715 613 ecoe!
742 553 837 613 subito
852 553 946 634 ipsum
964 555 1042 635 capit
1056 554 1089 613 in
1108 551 1302 634 Xenophonte

87 672 192 752 legendo
209 671 304 730 nescio
322 670 395 750 quid
411 668 579 730 suavitatis:
610 669 688 748 quod
708 669 770 750 ipse
794 669 867 728 mihi
885 689 968 751 saepe
988 669 1118 731 narrarit
1136 689 1249 744 coram,
1274 683 1302 730 et

87 785 188 868 publice
204 786 289 845 etiam
309 785 431 866 scripsit.
461 787 555 865 Atque
573 784 651 845 idem
669 781 747 842 illud
762 791 860 842 acacio
877 785 951 862 quid
969 791 1151 859 suavitatis,
1171 783 1250 864 quod
1269 785 1302 844 in

40 973 42 982 ,
88 900 263 981 Xenophonte
281 921 346 960 eum
364 900 499 975 tenebat,
519 912 552 958 ut
569 913 653 958 antea
671 898 900 974 Ruhnkenium,
920 900 960 958 ita
979 919 1058 958 nunc
1078 900 1173 980 ipsum
1190 902 1303 960 excita-

87 1017 139 1089 uit,
156 1030 185 1074 ut
201 1015 306 1096 legeret
325 1015 462 1096 deinceps
480 1014 629 1074 Platonem
642 1028 670 1074 et
684 1035 804 1089 omnes,
821 1015 854 1073 in
873 1013 979 1092 quibus
993 1012 1204 1095 Xenophonteo
1222 1016 1302 1075 ines-

36 1213 38 1218 Ι
87 1144 121 1189 set
136 1130 266 1192 suavitas.
297 1129 355 1190 Sed
375 1151 427 1189 nec
448 1150 528 1188 orsus
543 1141 604 1204 est,
623 1143 655 1188 ut
670 1129 738 1204 ille,
757 1151 774 1188 a
792 1128 902 1210 poitis,
920 1141 948 1188 et
966 1126 1161 1210 Xenophonte
1179 1129 1302 1213 legendo

87 1246 208 1320 interius,
230 1265 316 1324 quam
334 1243 403 1319 ille,
423 1243 456 1303 in
475 1243 688 1325 philosophiam
707 1243 881 1324 penetravit.

119 1360 198 1420 Haud
221 1355 368 1422 auersatus
396 1373 438 1419 est
468 1364 565 1440 poetas
594 1358 857 1439 Wyttenbachius,
881 1371 913 1417 ut
937 1358 1057 1418 fuerunt
1071 1359 1130 1438 ¹qui
1160 1360 1300 1423 dicerent.

86 1476 154 1555 Legit
170 1477 304 1554 antiquos
329 1495 443 1549 omnes,
464 1487 497 1533 ut
525 1474 631 1533 fecerat
658 1473 871 1534 Ruhnkenius:
893 1473 998 1568 legitl
1018 1474 1075 1533 imo
1093 1475 1196 1535 intimo
1216 1495 1301 1536 sensu

85 1592 198 1672 percepit
225 1591 349 1671 optimos
377 1609 522 1668 quosque,
553 1602 585 1648 ut
607 1588 640 1647 in
660 1587 793 1668 scriptis,
810 1588 856 1647 vin
882 1584 991 1647 'scholis
1019 1589 1163 1669 puhlicis,
1194 1593 1226 1651 in
1254 1593 1300 1652 la-

85 1705 178 1764 miliari
201 1705 280 1766 vitae
308 1703 517 1763 consuetudine
535 1701 707 1784 pulcerrima
735 1721 863 1782 quaeque
891 1717 920 1762 et
947 1703 1083 1764 sublimia
1111 1704 1173 1765 loca
1201 1719 1302 1787 sponte

84 1821 236 1881 adduceret.
259 1821 295 1879 ln
315 1799 413 1878 schola
437 1817 613 1898 aliquando,
643 1818 691 1876 cui
710 1818 882 1892 intereram,
896 1818 937 1877 sic
957 1819 1095 1880 recitabat
1113 1834 1141 1880 et
1157 1822 1303 1902 interpre—
1386 1894 1392 1899 ,

85 1936 157 1994 tahur
175 1935 298 1996 Horatii·
306 1934 399 1995 illud:
421 1934 596 1992 Pindarum
611 1940 748 2012 quiaquia
762 1935 863 1991 studet
882 1936 1034 1992 aemulari
1050 1969 1085 1980 ·-
1103 1949 1134 1995 ut
1151 1938 1202 2016 qui
1218 1953 1303 1998 natus

85 2064 145 2108 esset
157 2055 260 2130 potita,
280 2049 360 2109 haud
379 2049 533 2110 sublimius
551 2047 670 2107 Pindari
689 2047 894 2106 sublimitatem
911 2048 1070 2128 exprimere
1088 2052 1235 2130 potuisset.
1265 2053 1304 2113 Et

86 2163 232 2244 legentibus
255 2163 339 2223 nobis
357 2163 415 2230 viri
434 2149 558 2244 scripta,
579 2163 611 2222 in
631 2163 745 2242 primis,
765 2181 851 2241 quarn
865 2183 947 2244 saepe
959 2162 1177 2242 jamlaudavi,
1208 2175 1304 2226 eitum

88 2279 272 2353 Ruhnkenia',
301 2279 362 2360 ipse
390 2292 506 2353 auctor,
533 2278 665 2356 quamvis
683 2277 766 2359 prosi
794 2276 940 2352 scribens,
971 2277 1096 2340 subinde
1121 2281 1306 2345 Pindaricam

89 2415 136 2454 non
153 2395 312 2468 aemulari,
336 2393 387 2453 sed
411 2393 488 2452 ultro
510 2393 590 2472 sequi
616 2390 821 2451 sublimitatem
846 2391 971 2453 videtur.
1012 2392 1070 2453 Sed
1087 2395 1165 2474 quod
1186 2399 1306 2484 juvenis

88 2526 167 2590 egerat
185 2511 402 2584 Ruhnkenius,
421 2510 476 2569 hoe
493 2527 640 2588 nunquam
656 2507 783 2567 instituit
801 2485 1045 2586 Wyttcnhaehius
1054 2554 1064 2585 ,
1078 2522 1111 2569 ut
1123 2521 1228 2589 poe'toa
1248 2487 1305 2575 sibi

88 2627 252 2704 potissimum
272 2622 503 2704 interpretandos
518 2635 641 2682 sumeret
655 2635 683 2682 ct
702 2619 914 2694 emendandos,
929 2622 1024 2682 minus
1039 2626 1124 2702 etiam
1140 2642 1172 2687 ut
1187 2628 1306 2690 Bentle-

86 2741 137 2816 jum
152 2742 322 2802 imitaretur.
357 2740 429 2798 Nam
448 2738 486 2798 ad
503 2737 715 2819 philosophiam
734 2755 798 2794 eum
817 2733 942 2796 ducebat
961 2750 1083 2816 natura,
1104 2763 1164 2802 non
1183 2744 1221 2804 ad
1240 2748 1306 2826 poi·

89 2856 135 2915 sin.
160 2858 257 2916 luerat
277 2857 323 2932 ei,
347 2875 433 2935 quam
460 2853 541 2914 Plato
569 2867 671 2928 vocat,
703 2843 790 2932 φύσις
811 2843 988 2933 φιλόσοφος,
1016 2825 1129 2916 indoles
1156 2862 1196 2918 od
1209 2863 1306 2939 philo-

29 3009 33 3032 r
89 2973 208 3047 cophium
219 3018 227 3046 ,
239 2972 289 3030 cui
307 2963 524 3052 obtemperans,
544 2968 692 3049 degustata
702 2969 905 3051 Xenophontis
919 2967 1072 3045 suauitate,
1083 2991 1149 3032 mox
1159 2975 1307 3036 Platonem

89 3087 224 3166 amplexus
244 3099 287 3146 est
305 3099 332 3144 et
348 3106 406 3144 una
420 3059 485 3143 cum
494 3084 613 3143 Platone
622 3084 834 3166 philosophiam
853 3105 983 3145 amnem:
1006 3085 1139 3166 idemque
1155 3087 1305 3150 eademfa·

90 3200 187 3260 cilitate
202 3201 326 3282 logicam
352 3199 467 3280 scripsit
482 3219 518 3282 ex
532 3200 658 3279 antiquis
672 3199 802 3259 fontibus
822 3198 951 3276 ductam,
967 3222 1023 3280 qua
1039 3200 1147 3260 librum
1160 3220 1307 3264 commen-

90 3327 154 3376 tatus
171 3331 212 3377 est
231 3313 380 3375 Plutarchi
397 3315 432 3372 tle
450 3335 519 3373 aera
538 3322 675 3373 numinis
693 3317 838 3374 uindicta.
859 3311 896 3374 Et
916 3335 998 3390 vem,
1018 3330 1049 3375 ut
1069 3337 1167 3378 versus
1182 3334 1306 3379 contem·

91 3429 184 3504 uehat,
205 3430 307 3490 saltem
325 3451 384 3488 non
404 3448 575 3511 magnopere
589 3427 786 3488 admirabatur
799 3433 960 3510 poetarum,
979 3430 1158 3510 quipraeter
1176 3454 1306 3494 sonoram

92 3547 248 3605 suavitatem
269 3543 346 3603 nihil
364 3543 523 3618 haberent,
544 3565 601 3622 quo
623 3565 651 3604 se
670 3545 921 3620 commendarent,
943 3546 983 3605 ita
1011 3551 1109 3626 poetas
1136 3569 1252 3626 omncs,
1273 3553 1306 3611 in

92 3659 184 3735 quibus
199 3681 268 3721 vera
288 3661 392 3719 inesset
411 3657 572 3719 sublimitas
593 3673 621 3718 et
634 3659 685 3720 ris
708 3661 825 3720 omnino
844 3659 1042 3742 philosophiae
1073 3661 1232 3740 quaedam,
1254 3666 1308 3726 hos
1374 3681 1378 3689 '

92 3773 125 3830 sic
135 3774 348 3847 admirabatur,
367 3773 658 3854 sicinterpretabatur
673 3774 799 3848 eosdem,
817 3777 1102 3856 utpauci,quamris
1121 3779 1176 3859 ipsi
1196 3786 1305 3861 poetae.

92 3885 179 3968 ltaque
195 3891 228 3949 in
245 3889 318 3949 Odia
337 3889 521 3963 Horatianis,
542 3903 574 3949 ut
591 3890 652 3970 ipse
670 3911 714 3949 me
730 3911 823 3950 coram
838 3865 981 3950 fatebatur
995 3892 1138 3973 ingenue,
1160 3895 1306 3955 satisfece-

94 4017 131 4061 rat
148 4005 201 4064 sihi
221 4004 346 4064 subinde
365 4005 436 4064 locis
455 4003 637 4064 illustrandis
657 4023 692 4063 ex
715 4005 887 4065 Graecorum
906 4004 1062 4086 lyricorum
1081 4009 1258 4070 carminibus
1277 4025 1306 4070 et

96 4119 268 4198 fragmentis,
289 4140 410 4200 qnorum
429 4119 474 4181 ris
491 4118 619 4178 latuisset
637 4119 732 4179 adhuc
757 4121 934 4200 interpretes.
953 4095 1045 4195 'Quae
1066 4135 1097 4182 ut
1115 4123 1306 4203 aliquandoe

37 4313 41 4322 ι
97 4233 144 4292 viri
169 4255 256 4294 manu
279 4235 391 4315 scriptis
414 4235 446 4294 in
472 4233 566 4292 lucem
589 4233 730 4310 edantur,
759 4248 787 4294 et
806 4239 920 4315 poiseus
941 4250 968 4296 et
992 4229 1133 4298 bonarium
1156 4239 1304 4302 literarum

96 4351 183 4409 causei
200 4351 383 4412 vehementer
401 4363 540 4431 optamus.

131 4461 346 4547 Xenophontem
368 4462 562 4526 Ruhnkenius
586 4463 702 4542 ingenio
726 4463 884 4542 referebat3
906 4467 956 4528 sed
976 4465 1217 4547 wyttenbachius
1236 4471 1305 4532 Pla-
