2886 5118
693 243 752 304 442
769 300 774 310 .

104 401 210 478 facile,
239 401 348 483 quippe
377 401 409 462 in
438 423 546 464 summa
572 406 711 466 orationis
738 405 929 479 obscuritate,
956 425 1047 484 quam
1079 423 1163 464 nemo
1183 406 1346 487 intelligit,

105 500 284 561 reconditam
306 500 472 579 quandam,
501 503 526 560 si
546 502 599 562 Dls
619 503 733 584 placet,
753 503 924 583 sapientiam
944 503 1145 584 proferentes·
1175 505 1275 584 ltaque
1299 525 1347 565 ne·

106 601 197 680 glecta
217 598 304 659 bodie
326 613 527 680 contemtaque
553 599 741 682 philosophia
763 615 823 660 est:
853 622 886 661 ac
915 601 1029 660 malunt
1058 601 1206 660 erectioris
1234 600 1349 660 indolis

103 700 227 778 juvenes
245 697 293 759 vel
313 698 407 759 literis
426 700 474 760 vel
493 699 635 760 doctrinis
650 700 699 760 vel
718 675 839 758 daturae
849 701 1070 781 perscrutationi
1090 719 1206 780 operam
1223 719 1349 774 navam,

107 818 193 877 quam
212 797 276 856 istis
296 796 450 855 immisceri
471 795 654 879 philosophis
665 843 674 873 ‚
695 819 817 876 quorum
838 819 975 858 numerus
995 799 1026 857 in
1048 797 1112 857 dies
1131 796 1284 856 hominurn
1307 817 1350 876 ge·

109 883 177 954 nere
188 908 317 975 augetur,
327 915 385 972 qno
395 894 511 953 nullum
523 896 627 954 natura
637 896 725 976 magis
735 917 751 954 a
761 896 873 956 sincero
882 895 1083 978 philosophiae
1096 894 1193 954 studio
1203 894 1351 968 abhorret,

100 996 318 1070 fanaticorum
336 1006 364 1052 et
383 981 588 1072 myiticorum.
618 993 676 1053 Sed
696 1015 831 1074 praesens
840 993 1040 1076 philosophiae
1050 991 1183 1052 conditio
1192 992 1352 1070 majoribus

110 1093 196 1152 etiam
216 1090 353 1152 cladibus
373 1107 515 1174 prostrata
532 1095 619 1172 jacet.
662 1095 733 1153 Nam
752 1107 868 1175 patrum
887 1093 1022 1152 memorii
1033 1137 1042 1167 ,
1062 1107 1094 1152 ut
1112 1090 1263 1166 diximus,
1291 1110 1349 1148 una

111 1211 178 1250 cum
205 1189 458 1251 excellentissimis
478 1189 678 1274 philosophis,
699 1192 842 1273 sophistae
866 1192 978 1266 ubivis,
999 1191 1167 1272 praesertim
1188 1190 1220 1249 iu
1241 1188 1352 1267 Anglia

111 1304 139 1350 et
161 1289 295 1365 Francia,
318 1289 509 1370 prodierunt,
527 1291 578 1370 qui
600 1291 717 1351 moralis
738 1291 888 1352 doctrinae
895 1338 904 1366 ,
923 1311 1009 1370 quam
1029 1289 1105 1349 tueri
1123 1285 1349 1369 profitebantur,

112 1409 211 1470 reapse
231 1387 442 1448 labefactarent
461 1389 653 1468 fundamenta
669 1403 697 1450 et
716 1404 844 1450 sanctam
863 1389 1026 1450 doctrinam
1045 1400 1188 1460 nostram,
1207 1387 1295 1464 cnjus
1316 1406 1353 1444 as·

112 1486 192 1566 sequi
213 1486 424 1546 sublimitatem
445 1509 506 1548 non
519 1477 678 1570 poterant,
708 1487 840 1548 ludibrio
859 1487 1011 1547 haberent.
1052 1487 1182 1561 Quorum
1202 1484 1355 1544 doctrinae

112 1599 174 1645 tum
204 1584 322 1664 quidem
346 1569 506 1667 paucorum
524 1601 649 1646 mentem
670 1586 879 1661 adverterunt,
906 1585 957 1645 sed
976 1605 1089 1665 serpere
1109 1582 1248 1661 deinceps
1266 1579 1355 1637 latins
1432 1597 1433 1600 ’

113 1705 167 1765 per
184 1705 283 1743 omnes
303 1698 401 1763 gentes
422 1706 454 1744 ac
478 1684 561 1746 nulla
582 1707 641 1745 non
661 1681 814 1744 hominum
831 1702 936 1765 genera
953 1696 1120 1763 coeperunt.
1162 1679 1216 1756 Id,
1237 1680 1261 1738 si
1282 1675 1355 1757 quid

114 1780 216 1856 aliud,
245 1782 339 1842 labem
358 1782 499 1864 adspersit
518 1782 738 1865 philosophiae,
765 1797 797 1842 ut
818 1783 878 1842 sint
896 1781 1060 1861 hodieque,
1081 1781 1132 1859 qui
1153 1800 1215 1838 earn
1235 1799 1299 1837 non
1317 1795 1355 1834 so·

115 1880 178 1939 lum
205 1881 267 1943 sive
291 1895 413 1963 propter
432 1883 602 1961 jactantiam
633 1894 789 1962 spernant,
816 1882 878 1941 sire
903 1879 1088 1940 obscuritatis
1104 1877 1203 1938 caussi
1221 1876 1356 1956 fugiant,

118 1977 170 2038 sed
189 1979 350 2060 impietatis
367 1979 440 2042 adeo
468 1995 619 2056 accusent,
638 1994 723 2059 atquc
742 1979 930 2061 opinionum,
946 1999 1020 2057 quae
1038 1978 1166 2035 humano
1185 1973 1284 2054 generi
1297 1991 1356 2052 pes·
1437 2026 1438 2050 ,

115 2076 219 2136 tiferae
249 2077 327 2154 sint,
359 2093 479 2140 matrem
506 2079 644 2140 habeant.
687 2079 752 2152 Quo
781 2077 869 2158 magis
900 2077 1049 2156 acriusque
1076 2074 1198 2133 fanatici
1224 2070 1355 2129 homines

116 2196 245 2236 caussam
260 2179 404 2259 suscipere
423 2178 592 2260 religionis,
609 2176 661 2237 scd
680 2178 730 2236 sui
740 2221 749 2252 ,
770 2175 881 2251 idest,
910 2175 1009 2256 ineptit
1032 2191 1206 2255 prorsusque
1225 2167 1355 2249 perversi

16 2330 23 2342 ,
116 2275 228 2334 ratione
248 2276 416 2346 instituunt.

158 2373 311 2447 Quaerunt
329 2374 420 2454 igitur
439 2374 524 2435 multi
542 2376 721 2456 temporibus
738 2375 818 2435 hisce
838 2371 944 2432 nostris
954 2416 962 2445 ,
985 2365 1228 2449 quemadmodum
1247 2363 1357 2424 restitui

118 2471 151 2530 in
176 2469 349 2551 dignitatem
373 2493 453 2532 suam
480 2473 635 2554 pristinam
659 2474 914 2550 auctoritatemque
932 2467 1119 2550 philosophia
1141 2464 1256 2525 debeat.
1298 2463 1357 2536 Qua

120 2569 157 2629 de
186 2586 217 2630 re
248 2569 322 2630 aliae
351 2585 420 2631 suut
438 2571 562 2632 aliorum
581 2574 762 2652 maximeque
784 2561 917 2631 diversae
934 2565 1105 2634 ,sententiae
1148 2559 1294 2622 Nonnulli
1314 2578 1359 2617 re·

120 2667 318 2729 suscitandam
348 2670 606 2750 uniuscujusdam
626 2672 687 2734 sive
708 2670 813 2732 veteris
832 2668 894 2729 sire
906 2661 1091 2734 recentioris
1103 2661 1272 2743 philosophi
1292 2657 1360 2716 doc·

120 2767 228 2826 trintun
257 2781 381 2849 putant,
409 2786 496 2849 quam
515 2769 673 2852 diligenter
692 2770 773 2831 vitiis
791 2779 945 2849 purgemus
964 2762 1150 2840 inventisque
1172 2758 1361 2840 posteritatis,

116 2859 151 2924 ¹et
170 2866 275 2925 uostris
295 2867 460 2928 mehercule
482 2871 566 2944 item,
587 2883 751 2950 augeamus.
784 2865 845 2928 alii
864 2865 1005 2943 longeque
1023 2859 1144 2941 plurimi
1159 2875 1197 2916 ex
1215 2854 1361 2926 omnihus,

123 2985 197 3044 quae
219 2966 396 3027 exstiterunt
415 2983 563 3048 unquam,
592 2967 833 3050 philosophorum
854 2963 938 3024 sectis
958 2961 1067 3042 optima
1086 2975 1218 3038 quaeque
1235 2945 1363 3012 delibare

124 3062 239 3124 malunt
258 3075 343 3144 atque
361 3067 395 3125 ih
416 3066 567 3146 doctrinae
587 3065 742 3126 formulam
761 3063 901 3145 redigere.
944 3059 1020 3119 Sunt
1041 3058 1128 3129 item,
1148 3055 1200 3133 q'di
1221 3053 1364 3111 instaura-

125 3174 217 3221 torem
247 3162 469 3246 philosophiae,
499 3166 595 3227 nescio
616 3186 722 3245 quem,
753 3156 804 3223 scd
824 3163 929 3224 divino
947 3159 1044 3219 sirum
1063 3153 1204 3234 ingenio,
1221 3151 1272 3228 qui
1291 3164 1363 3207 nora

122 3262 224 3319 omnia
252 3273 342 3342 genus
370 3263 520 3324 homiuum
547 3264 669 3338 doceat,
701 3273 877 3344 exspectent.
921 3255 1084 3337 Equidem,
1114 3251 1184 3310 siis
1203 3245 1365 3328 apparuerit

128 3359 161 3415 in
188 3369 292 3437 genere
322 3360 472 3438 humano,
503 3361 582 3422 nihil
603 3365 732 3445 profecto
753 3357 831 3440 quod
850 3355 1013 3417 desiderem
1033 3350 1148 3412 habebo
1158 3394 1168 3425 ,
1187 3343 1274 3406 inodo
1293 3363 1366 3403 nora

129 3453 183 3515 illa
194 3501 203 3531 ,
230 3466 303 3536 qnae
321 3459 472 3536 attulerit,
493 3445 565 3523 vera¹
578 3463 638 3522 sint
658 3458 745 3522 shnul
766 3473 794 3518 et
812 3453 984 3516 mortalibus
1005 3449 1152 3524 salutaria.
1195 3441 1273 3518 Sed,
1300 3441 1367 3500 dunt

133 3555 239 3615 frustra
260 3573 458 3641 exspectamus
478 3562 565 3621 talem
585 3561 696 3620 scilicet
716 3551 937 3640 philosophum,
955 3549 1046 3610 nolim
1067 3546 1114 3608 vel
1129 3549 1230 3625 jurare
1241 3543 1274 3602 in
1286 3539 1368 3646 nnius

132 3653 302 3738 philosophi
323 3657 411 3722 verba
422 3708 431 3736 ,
453 3659 501 3719 t'el
512 3706 521 3734 ,
540 3658 676 3739 eligendo
696 3678 711 3716 e
732 3653 873 3736 singulis,
895 3651 1030 3711 universa
1041 3692 1049 3721 ,
1070 3645 1157 3704 sicuti
1175 3641 1227 3716 fir,
1246 3655 1369 3711 cornute·

133 3759 207 3813 cere.
250 3756 460 3818 Commis‘erunt
475 3757 508 3820 id
525 3757 604 3818 omni
624 3775 695 3818 aevo
714 3753 844 3815 eclectici
853 3798 862 3827 ,
880 3751 930 3830 qui
950 3743 1070 3806 inerunt
1088 3744 1149 3802 fere
1167 3737 1259 3799 iidem
1276 3732 1369 3816 appel·

135 3852 245 3933 latique
266 3871 335 3916 sunt
357 3864 581 3937 syncratirtira':
600 3840 693 3933 'eoque
713 3852 792 3913 nihil
811 3855 939 3930 unquam
960 3843 999 3904 ad
1016 3837 1258 3904 confundendam
1273 3834 1369 3894 obsco·

137 3952 314 4033 caudamque
343 3953 558 4038 philosophiam
591 3953 686 4015 valuit
715 3951 814 4031 magis.
867 3943 1003 4024 Persequi
1033 3939 1133 4000 malim
1160 3949 1189 3995 et
1217 3932 1370 4042 perlicere,

138 4051 285 4132 ‘inidquld
310 4068 408 4136 patres
436 4057 527 4117 nostri
557 4054 595 4114 ad
622 4070 720 4114 veram
747 4044 967 4133 provehendam
993 4033 1196 4122 philosophiae
1222 4031 1371 4137 utilitatem

140 4149 337 4228 inchoarunt,
355 4149 434 4214 illud
451 4173 520 4215 vero
544 4169 626 4234 agere
647 4149 846 4233 potissimum,
867 4141 947 4223 qued
965 4138 1051 4200 uobis
1069 4123 1271 4196 commendare
1291 4141 1373 4186 ettam

145 4261 230 4329 atque
265 4253 352 4314 etiam
385 4246 535 4328 solebant,
556 4255 599 4310 'ut
635 4248 728 4308 nullis
761 4262 822 4306 raca
852 4239 958 4303 studiis
996 4237 1103 4298 nostris
1132 4235 1278 4302 criticae,
1309 4237 1375 4332 un·-

143 4367 231 4426 quam
251 4352 314 4413 veri
342 4347 494 4426 obrussae,
528 4347 717 4410 adhibeamus
745 4340 939 4424 diligentiam.
982 4336 1030 4396 Sic
1049 4334 1186 4406 demum,
1213 4341 1272 4407 quo
1290 4335 1377 4398 uagis

146 4446 280 4524 prodesse
300 4447 534 4530 philosophando
553 4447 652 4527 generi
672 4445 800 4505 humano
820 4439 978 4522 possimus,
997 4431 1135 4516 proficere
1159 4449 1196 4487 ex
1223 4437 1376 4504 tempotum
