2886 5118
732 343 792 400 390

134 519 247 584 grantes
267 505 322 584 ipsi
351 505 409 564 veri
439 523 552 578 amore,
581 503 635 564 hoc
666 523 806 563 summum
837 501 1040 583 philosophiae
1062 503 1243 584 principium
1258 506 1288 562 in
1307 507 1363 586 ipso

135 603 251 663 homine
270 601 420 682 explorare
438 601 637 681 gestiebamus.
680 603 765 662 Nunc
787 620 872 676 vero,
890 612 1042 680 postquam
1059 611 1094 660 et·
1106 600 1161 661 hoc
1171 601 1363 684 philosophiae

133 701 311 782 principium
331 712 359 758 et
384 697 576 780 disciplinas,
603 700 710 779 quibus
738 699 808 758 haec
838 718 891 758 nos
909 696 948 756 ad
974 696 1035 756 veri
1053 698 1204 758 scientiam
1225 700 1322 776 ducit,
1340 716 1364 760 et

133 797 348 881 exploravimus
358 810 387 856 et
405 795 634 873 declaravimus,
646 817 767 876 cumque
774 800 835 876 jam
845 797 933 854 simus
954 793 991 853 de
1011 794 1074 875 ipso
1092 796 1294 880 philosophiae
1312 798 1363 856 fine

132 899 244 974 acturi,
273 917 371 970 nunc,
404 896 542 975 inquam,
562 919 622 958 non
648 910 760 957 tantum
784 917 844 956 non
873 891 1028 972 rejiciendi
1049 892 1095 953 illi
1116 895 1203 956 nobis
1221 909 1304 971 sunt,
1321 895 1364 954 sed

133 997 166 1056 in
181 995 337 1055 consilium
356 991 428 1053 adeo
449 993 613 1057 adhibendi
633 993 784 1055 videntur.
826 993 899 1052 Nam
918 990 1051 1070 quamvis
1070 992 1151 1072 apud
1170 1015 1223 1054 nos
1242 993 1279 1053 de
1302 994 1363 1052 insi·

135 1109 164 1154 to
183 1092 238 1153 illo
267 1092 353 1154 nobis
378 1090 438 1154 veri
458 1113 552 1150 amore
577 1090 670 1171 deque
700 1090 925 1172 disciplinarum
947 1087 977 1149 vi
994 1101 1022 1147 et
1042 1087 1214 1152 efficacitate
1233 1091 1272 1154 ad
1290 1091 1363 1151 alen·

133 1191 204 1251 dum
223 1191 303 1253 hunc
314 1210 438 1251 amorem
447 1235 456 1266 ,
474 1191 677 1271 hominemque
696 1192 729 1251 in
748 1187 892 1252 mundum
914 1179 1034 1267 νοητόν,
1050 1189 1083 1248 in
1101 1208 1223 1268 regnum
1241 1189 1361 1251 veritatis

133 1287 318 1352 evehendum
348 1301 473 1366 constet,
491 1290 517 1349 si
537 1309 591 1348 nec
610 1289 731 1349 scientia
743 1288 805 1349 ulla
824 1300 868 1348 est
886 1308 939 1347 nec
958 1288 1066 1349 veritas
1080 1306 1146 1346 cum
1161 1288 1284 1348 scientia
1301 1308 1363 1348 con·

128 1363 232 1465 juncia
242 1432 252 1464 ,
268 1387 351 1449 irrita
368 1387 453 1448 nobis
471 1400 557 1448 erunt
566 1431 575 1463 ,
593 1406 667 1467 quae
684 1393 742 1446 tam
762 1384 907 1463 studiose,
927 1399 985 1446 tam
1007 1385 1094 1467 longo
1112 1398 1141 1445 et
1159 1382 1252 1444 arduo
1270 1385 1362 1444 itinere

133 1485 276 1566 persecuti
295 1507 402 1546 sumus.
444 1487 636 1566 Assequemur
655 1487 733 1544 enim
744 1505 796 1566 pro
813 1485 933 1546 scientia
943 1529 952 1559 ,
969 1505 1057 1562 quam
1071 1485 1190 1563 jamjam
1211 1481 1362 1542 nobisatti-

134 1583 207 1664 gisse
222 1582 414 1658 videbamur,
433 1581 605 1665 opinionem
624 1577 736 1643 seilicet
746 1627 756 1658 ,
785 1600 882 1644 reram
908 1583 1025 1643 sortasse
1044 1579 1126 1640 illam
1136 1620 1149 1656 ,
1167 1594 1200 1641 ut
1218 1577 1363 1662 perhibent

136 1679 184 1740 illi
192 1725 202 1756 ,
212 1695 289 1741 certe
304 1681 486 1765 probabilem
498 1696 526 1741 et
536 1682 598 1743 veri
619 1681 815 1755 simillimam,
833 1679 885 1740 sed
905 1689 1071 1760 opinionem
1088 1691 1206 1755 umen,
1223 1701 1297 1760 quae
1307 1682 1362 1739 item

136 1797 196 1837 esse
215 1777 289 1838 falsa
307 1792 409 1860 potest
452 1778 642 1840 Redeamus
634 1779 724 1859 rgitur'
745 1779 777 1840 in
797 1779 851 1838 hoc
871 1780 954 1838 exitu
972 1777 1187 1857 disquisitionis
1206 1791 1318 1837 nostrae
1332 1775 1363 1836 ad

137 1873 330 1955 sophistarum
349 1876 468 1939 illorum
487 1876 683 1956 similiumque
701 1876 956 1987 philosophorum
963 1875 1120 1936 doctrinas.
1162 1873 1194 1933 Si
1211 1874 1363 1956 probahili-

121 1983 181 2054 ,ter
194 1992 254 2031 non
284 1985 416 2050 tantum,
437 1975 489 2038 sed
509 1995 576 2036 vere
597 1973 634 2034 de
659 1975 798 2055 opinione
827 1974 937 2036 dixisse
966 1972 1165 2048 videbuntur,
1167 1950 1363 2035 assentiemur

136 2069 190 2130 iis:
212 2089 280 2127 nam
310 2069 388 2150 quod
409 2071 527 2131 ridetur
547 2072 749 2148 verissimum,
775 2084 837 2131 tum
867 2070 1042 2150 quidem,
1020 2091 1044 2130 si
1071 2069 1193 2132 scientia
1215 2070 1300 2130 nulla
1317 2072 1362 2143 sit,

138 2166 223 2226 unice
236 2167 472 2250 amplectendum
490 2168 555 2229 erit.
597 2168 651 2228 Sin
669 2190 737 2232 vero
761 2169 935 2230 sententiam
946 2167 1030 2228 nohis
1050 2187 1130 2228 suam
1147 2189 1209 2227 non
1226 2189 1363 2252 persuase-

138 2263 216 2339 rint,
240 2261 272 2322 id
293 2264 397 2322 lucrati
412 2265 536 2341 crimus,
559 2279 590 2324 ut
608 2265 761 2325 scientiam
780 2265 817 2324 ab
838 2265 995 2348 opinione,
1015 2262 1093 2346 quod
1115 2263 1200 2324 nobis
1221 2289 1300 2327 nunc
1319 2287 1363 2348 po-

138 2359 286 2432 tissimum,
300 2359 444 2439 agendum
464 2382 522 2419 esse
543 2361 700 2439 duximus,
718 2376 795 2422 recte
811 2361 1000 2422 didicerimus
1018 2362 1215 2443 distinguere:
1238 2378 1363 2428 tumvcrc

139 2457 285 2516 nobismet
302 2458 372 2538 ipsis
404 2461 628 2537 percusserimus
657 2461 766 2542 plene,
797 2481 889 2522 unum
909 2481 967 2520 esse
987 2460 1208 2542 philosophiae,
1235 2463 1362 2528 eundem·
1436 2497 1437 2531 ι

93 2569 95 2576 ·
139 2573 195 2632 que
215 2567 326 2618 certum
346 2572 374 2618 et
395 2555 607 2617 immutabilem
628 2557 740 2632 finem,
757 2559 818 2620 reri
841 2561 903 2620 sire
923 2558 977 2622 soei
998 2551 1082 2634 ὄντος
1102 2561 1264 2626 scientium

143 2750 463 2830 Comparantur
484 2776 573 2816 ouer
594 2763 801 2818 urriesrsu
831 2757 905 2814 boc
936 2757 1144 2819 Platonis
1173 2759 1363 2815 doctrine

254 2853 548 2930 sophistarum
566 2860 894 2932 priscorumque
916 2857 1266 2934 pbilosophorum

524 2952 988 3028 despicioneplacs'te.

181 3147 222 3205 Ut
242 3141 300 3206 desi
321 3145 405 3206 benc
427 3159 517 3206 totam
547 3146 584 3206 de
615 3146 799 3230 philosophia
831 3147 892 3207 veri
922 3146 1193 3226 disquisitionema
1222 3150 1364 3220 Theaeteto

141 3242 272 3304 Plutonis
288 3265 404 3318 summ,
425 3244 466 3306 ita
483 3243 522 3306 ad
541 3258 715 3324 postremum
728 3246 790 3322 jam
807 3247 968 3325 argumenti
978 3245 1074 3306 locum
1084 3246 1289 3308 accedentibus
1296 3244 1362 3304 idem

128 3330 225 3398 'nohis
240 3339 374 3422 dialogus
400 3343 610 3423 praecaeteris
632 3341 828 3404 attendendus
856 3343 921 3403 erit.
962 3341 1086 3402 Socratis
1106 3343 1186 3402 enim
1209 3345 1244 3405 in
1261 3365 1293 3404 eo
1307 3361 1362 3401 cum
1434 3323 1435 3406 l

140 3435 295 3498 Theaeteto
313 3440 495 3500 adolescente
519 3453 550 3501 et
567 3439 721 3504 Theodoro
738 3460 882 3504 sermones
902 3433 1134 3522 ἐπιστήμην,
1153 3443 1245 3522 ipsam
1264 3443 1362 3520 deque

139 3555 219 3594 nune
235 3537 347 3618 agimus
363 3545 610 3614 seientiam,
621 3540 769 3600 materiam
786 3539 904 3602 hahent.
947 3541 1005 3602 Scd
1020 3555 1081 3602 tum
1099 3543 1279 3630 potissimum
1296 3561 1362 3620 pss-

138 3653 208 3693 rum
232 3634 320 3695 hunc
330 3636 585 3714 consideravimus,
604 3659 659 3699 ror
682 3632 821 3721 εὐμαθῆ,
841 3634 1081 3724 respectasset,
1103 3663 1160 3704 τοι
1181 3636 1268 3722 φύσει
1289 3628 1362 3719 qiid-

137 3749 244 3813 σοφον,
266 3755 323 3813 quo
342 3736 431 3816 magis
448 3736 481 3794 in
500 3737 681 3817 explorando
702 3742 765 3802 veri
789 3763 884 3804 amore
911 3745 1027 3804 insitam
1049 3745 1132 3806 illam
1150 3741 1264 3804 homini
1281 3738 1360 3822 philo
1433 3775 1434 3798 ι

137 3833 268 3914 sophiam
287 3833 342 3894 hoc
361 3834 495 3914 exemplo
516 3833 739 3900 declararemus.
764 3838 794 3920 1)
814 3842 898 3906 Nunc
918 3843 1014 3923 ipsum
1043 3843 1128 3904 nobis
1147 3842 1257 3922 dialogi
1275 3860 1358 3920 arge-

137 3943 272 3995 msntum
293 3932 538 3994 considerandum
556 3936 674 4016 proprie
693 3939 757 3999 erit.
799 3941 871 3999 Nam
889 3941 1016 4022 pertinet
1035 3940 1154 4021 quidem
1172 3941 1296 4002 maxime
1314 3936 1359 3996 die

137 4031 249 4111 putatio
267 4031 371 4092 illaad
390 4025 560 4113 μωειιτιιιήν
581 4031 754 4102 Socraticam
773 4036 951 4115 dramatice,
972 4053 1004 4099 ut
1022 4039 1297 4112 animadvertimus,
1315 4035 1360 4094 lee-

136 4128 249 4189 toribus
268 4122 506 4212 properieudam:
535 4131 724 4196 definitiones
750 4137 931 4216 argumenti,
959 4157 1029 4217 quas
1056 4139 1167 4220 profert
1184 4137 1359 4204 Theaetetus,
1432 4153 1433 4200 ἰ

136 4248 152 4286 a
171 4225 286 4288 Socrate
307 4229 498 4313 explorentur
515 4244 543 4290 et
562 4232 765 4293 confutantur.
807 4233 865 4295 Sed
878 4237 1012 4314 quamvis
1030 4234 1137 4295 iccirco
1155 4235 1246 4316 magis
1262 4234 1292 4292 in
1301 4231 1356 4289 dia-

137 4323 317 4405 logohocce,
334 4328 407 4406 quid
428 4350 488 4392 non
509 4329 546 4392 sit
566 4330 687 4392 seientia
698 4376 707 4406 ,
726 4346 811 4414 quam
831 4333 903 4414 quid
922 4333 978 4408 sit,
999 4330 1186 4409 ostendatur,
1207 4333 1260 4396 hoc
1278 4333 1358 4412 ipsum

55 4479 58 4486 i
166 4513 199 4578 ·1)
217 4519 295 4570 letitie
310 4537 334 4590 p.
357 4519 413 4572 124.
