2908 5114
720 225 781 286 828

131 395 221 456 tionis
250 389 466 452 mathematicae
487 387 563 468 leges
580 385 788 467 adstringenda
808 400 837 446 et
856 385 935 447 hunc
956 389 988 448 in
1004 383 1127 448 'modum
1151 385 1362 469 interpretanda

131 490 313 554 viderentur.
355 485 456 546 Noluit
474 485 552 545 illud
571 486 721 564 vetuitque
736 485 798 566 ipse
816 485 1024 568 philosophus,
1045 487 1155 567 quippe
1173 488 1239 564 qui,
1256 488 1363 566 quoties

132 587 170 650 de
199 586 286 646 rebus
312 585 390 646 hisce
420 582 596 642 sublimibus
624 595 660 653 et¹
682 581 795 644 divinis
813 599 874 646 erat
894 597 1027 659 aeturus,
1049 583 1197 644 auditores
1215 582 1362 658 monebat,

69 751 72 764 ι
133 698 166 745 nt
184 695 373 766 reputarent,
393 695 422 742 et
442 701 508 740 eum
526 682 576 760 qui
596 678 707 739 diceret
726 694 754 741 et
775 682 851 763 ipsos
867 683 917 762 qui
934 682 1071 743 audirent
1090 681 1225 742 mortales
1245 703 1320 741 esse:
1338 678 1364 760 1)

133 782 284 841 scientiam
312 780 416 839 harum
445 799 541 837 rerum
561 779 621 839 Deo
639 799 698 838 esse
719 781 884 860 propriam,
905 781 1032 842 hominis
1056 801 1125 842 vero
1144 800 1203 840 esse
1222 781 1364 858 inquirere

134 877 368 956 inquirendoque
398 874 437 936 ad
465 877 635 952 scientiam,
661 875 758 956 quoad
786 879 848 957 ejus
876 877 940 937 fieri
967 879 1075 959 possit,
1101 877 1257 938 accedere:
1277 878 1365 936 Deum

133 976 247 1038 novisse
275 975 399 1048 iccirco,
430 993 520 1050 num,
549 995 622 1054 qnae
652 987 724 1034 esset
741 972 892 1050 dicturus,
912 969 1112 1050 vera'essent,
1135 995 1165 1034 se
1185 995 1275 1049 vero,
1295 994 1363 1053 quae

133 1073 190 1154 ipsi
220 1071 392 1132 viderentur
421 1092 507 1146 vera,
537 1072 717 1152 prolaturum
748 1093 817 1132 esse.
870 1073 1062 1149 Quamobrem
1094 1072 1200 1148 nobis,
1229 1071 1365 1152 siquidem

133 1181 210 1229 recte
239 1168 364 1229 velimus
394 1168 522 1230 Platonis
550 1168 659 1250 placita
689 1170 893 1250 interpretari,
924 1170 962 1230 ab
992 1171 1072 1232 omni
1101 1170 1170 1232 data
1188 1170 1275 1251 operi
1290 1189 1364 1248 argn-

134 1265 329 1342 mentatione,
349 1286 423 1346 quae
442 1266 529 1346 vulgo
547 1266 739 1346 intelligitur,
760 1266 985 1346 abstinendum,
1006 1270 1175 1348 minusque,
1196 1266 1295 1348 quales
1313 1267 1365 1324 sint

134 1362 215 1444 apud
249 1364 399 1423 Platonem
437 1363 537 1439 ideae,
565 1383 669 1443 quarn,
698 1386 755 1444 qno
783 1364 853 1424 haec
883 1379 992 1452 spectet
1020 1365 1189 1448 philosophi
1219 1364 1364 1437 doctrina,

135 1460 334 1541 quaerendum
362 1461 498 1522 videtur:
525 1461 689 1522 cavendum
716 1476 812 1522 autem
840 1464 965 1523 maxime
989 1465 1064 1538 erit,
1085 1483 1138 1538 ne,
1159 1485 1217 1542 quo
1232 1482 1366 1522 commcn-

136 1557 245 1618 dantur
275 1559 327 1618 illa
357 1558 438 1640 apud
465 1559 615 1620 Platonem
649 1558 782 1621 sublimis
816 1565 931 1642 poiseos
960 1560 1073 1638 colore,
1101 1561 1183 1622 hunc
1213 1556 1366 1642 argutando

137 1676 363 1737 corrumpamus.

236 1849 317 1931 Quo
346 1861 520 1911 monime
548 1861 721 1930 spectat
747 1862 880 1913 omnis
909 1855 1019 1930 opud
1049 1853 1280 1912 Plutonem

506 1952 549 2010 de
579 1951 696 2010 ideis
717 1951 1006 2029 disquisitio?

181 2136 267 2203 ’lidos
297 2142 375 2226 apud
404 2145 553 2205 Platonem
584 2157 739 2224 usurpatur
759 2143 806 2203 =de
835 2147 924 2204 relius
955 2145 1108 2219 universe,
1138 2144 1200 2203 sive
1228 2141 1266 2202 de
1284 2159 1368 2201 rerum

140 2243 315 2324 generibus,
336 2256 367 2302 ut
386 2244 419 2302 in
439 2242 504 2300 his:
525 2233 570 2300 dre
592 2233 680 2321 ἡμῶν
702 2237 735 2301 ἒν
756 2234 871 2328 ἑκάστῳ
895 2234 951 2304 tio
974 2236 1036 2304 τινέ
1056 2239 1142 2302 ἐστον
1164 2235 1231 2300 ide'o
1251 2229 1368 2321 ἄρχοντε

115 2339 189 2401 ’καὶ
217 2332 328 2419 dyona.
350 2339 383 2420 2)
422 2339 633 2422 Intelliguntur
661 2363 725 2418 res,
747 2345 860 2424 negotia
879 2346 1032 2421 universe,
1053 2366 1114 2404 non
1134 2341 1273 2402 definitae
1291 2339 1368 2420 signi·

143 2440 308 2500 litationis:
339 2437 533 2513 vertendum,
563 2440 621 2498 duo
648 2443 730 2500 nodis
759 2449 885 2518 insunt,
916 2465 992 2521 quoe
1019 2449 1174 2519 imperant
1197 2449 1228 2498 si
1250 2440 1368 2497 ducunt.

142 2528 261 2620 Proprie
291 2550 387 2598 autem
415 2535 469 2594 hac
497 2555 568 2595 voce
597 2537 731 2598 notiones
760 2539 966 2621 exprimuntur
993 2538 1162 2618 qualitatis,
1189 2535 1368 2616 quantitatis,

141 2635 364 2718 magnitudinis.
384 2631 416 2714 3)
456 2633 492 2692 In
511 2633 665 2695 Phaedone
685 2632 762 2696 iderti
782 2637 844 2698 sive
860 2636 928 2718 aidp‘
945 2637 1086 2697 dicuntur
1105 2629 1140 2694 ad
1167 2629 1243 2709 ἴσον,
1271 2627 1306 2694 sd
1325 2653 1369 2692 so·

142 2728 208 2808 tio,
236 2727 273 2794 eo*
301 2725 432 2811 dyo-Pria,
458 2724 496 2791 sti
525 2723 614 2798 ὅσιον.
636 2732 668 2815 lt)
708 2736 851 2797 Nationes
881 2738 970 2818 igitur
1000 2744 1161 2795 univorsos
1192 2747 1279 2810 sunt,
1309 2752 1369 2812 quas

144 2835 201 2896 uisi
238 2834 276 2895 ad
310 2832 495 2914 cogitandum
521 2833 773 2914 judicandumque
802 2834 970 2894 adhibuerit
999 2847 1080 2894 me'ns
1109 2847 1225 2909 nostra,
1255 2832 1369 2912 cogitare

143 2932 196 2993 illa
224 2947 275 2992 aut
295 2929 428 3010 judicare
457 2952 517 2992 non
548 2943 650 3012 potest.
693 2931 751 2992 Sed
779 2932 862 2993 aliud
891 2933 976 2992 etiam
995 2930 1094 3015 cadem
1113 2953 1184 2994 voce
1202 2929 1368 3010 intelligitur

145 3031 297 3093 notionum
325 3037 432 3110 genus,
462 3049 560 3087 earum
590 3027 729 3090 videlieet
758 3051 830 3109 quac
856 3030 894 3090 ad
923 3029 1092 3090 faciendum
1115 3029 1230 3109 aliquid
1249 3028 1311 3089 sive
1328 3027 1369 3084 irr-

145 3127 332 3189 lormandum
348 3111 512 3186 'necessaria
528 3140 606 3186 sunt.
648 3126 823 3206 Hujusmodi
844 3130 952 3204 lectos,
975 3149 1092 3204 menso,
1114 3126 1220 3186 similia
1241 3125 1368 3186 dicuntur

144 3227 177 3284 in
207 3224 292 3284 libris
320 3226 355 3282 de
385 3225 559 3300 republica,
586 3222 637 3282 ubi
657 3224 769 3304 pictor,
792 3238 824 3284 ut
843 3226 1082 3301 memoravimus,
1105 3221 1136 3304 5)
1166 3224 1253 3284 tertio
1272 3223 1369 3282 dieitur

145 3323 208 3382 loco
229 3345 245 3382 a
264 3322 384 3382 veritate
403 3319 520 3379 abesse:
542 3342 609 3380 nam
629 3318 736 3382 lectum
756 3342 785 3383 v.
807 3342 831 3384 e.
853 3325 993 3404 pingens,
1015 3321 1047 3381 id
1065 3322 1179 3405 pingit,
1200 3320 1279 3400 quod
1296 3319 1367 3379 faber

145 3421 231 3480 fecit:
253 3419 450 3478 laborantem
472 3417 510 3477 ad
531 3418 667 3480 divinum
686 3417 755 3479 lecti
775 3421 940 3502 exemplum
960 3421 1068 3480 lectum
1087 3419 1234 3480 informat.
1276 3419 1369 3478 Excm·

144 3519 225 3599 plum
240 3517 324 3613 l¹¹¹¹d
343 3517 424 3576 Plato
444 3507 523 3590 εἶδος
541 3518 603 3580 sive
621 3509 862 3596 idiompaciem
873 3564 882 3595 ,
895 3521 1036 3595 sororem
1055 3531 1147 3580 vocat.
1169 3513 1201 3596 6)
1245 3509 1369 3578 «ohan

178 3744 205 3808 1)
228 3746 286 3796 Tim.
305 3745 346 3797 29.
368 3747 397 3798 C.

179 3826 206 3892 2)
224 3830 332 3881 Pisaeis.
351 3831 410 3883 237.
429 3831 460 3882 lt.
478 3831 583 3884 Pariter
599 3834 629 3884 de
648 3834 709 3902 liep.
730 3831 760 3883 V.
783 3831 843 3884 507.
864 3829 894 3882 E.

180 3911 207 3978 3)
225 3914 283 3965 vid.
304 3915 370 3992 disp.
390 3917 502 3970 Socratis
521 3918 547 3969 in
566 3917 697 3969 Phaedone
715 3916 773 3970 100.
793 3917 823 3968 Β.
842 3913 952 3966 -105.

180 4005 207 4072 s)
225 4009 317 4062 raca.
336 4009 378 4062 rr.
396 4011 427 4062 u.
447 4020 477 4088 er
492 4011 532 4063 ts.
552 4012 613 4063 rtem
632 4011 690 4062 too.
710 4011 739 4062 a.
767 3999 817 4064 καὶ
846 3994 914 4078 εἶμι
932 3993 1019 4060 πάλιν
1045 3993 1091 4058 ἐπ’
1115 3996 1212 4062 ἐκεῖνα
1232 3993 1268 4059 ri
1289 3999 1368 4059 noto

144 4084 318 4172 tpittqra,
345 4089 393 4149 καὶ
419 4083 553 4172 ἄρχομαι
582 4085 633 4153 a’n’
659 4091 788 4170 ἐκείνων,
816 4088 1003 4173 ὑποθέμενος
1028 4087 1104 4156 εἷναί
1127 4117 1155 4155 τι
1182 4087 1276 4155 nativ
1302 4080 1366 4152 αὐτό

144 4186 216 4254 καθ’
236 4185 311 4252 otiati
332 4190 382 4253 stoi
403 4186 524 4273 dyadis
544 4192 593 4254 stoi
614 4189 693 4276 μέγα
713 4195 762 4258 καὶ
782 4189 875 4258 τᾶλλα
896 4191 1002 4258 nivea.

179 4292 206 4356 5)
224 4295 301 4347 loits'u
314 4295 343 4362 pi
353 4293 411 4346 319.
982 4298 985 4306 ’

177 4377 710 4458 ummrmn-mn
