2908 5114
670 287 730 348 343

78 470 207 518 accurate
224 475 290 516 cum
310 453 406 529 visui,
427 475 484 532 quo
513 456 658 514 cernimus
678 450 795 524 omnia,
815 437 870 510 τδν
892 447 978 526 νοῦν,
1008 461 1070 512 tum
1099 445 1186 504 rebus
1214 445 1315 526 adspe-

80 556 255 630 ctabilihus,
285 573 356 632 quas
377 552 441 613 visu
459 552 654 633 percipimus,
687 544 725 610 rol
754 545 861 631 toperi,
889 566 950 611 turn
969 547 1055 608 etiam
1075 545 1155 619 luci,
1176 545 1239 604 sinc
1259 563 1315 623 qua
1359 525 1367 540 ’

78 655 159 714 cerni
177 649 386 732 adspectabilia
406 670 467 708 non
486 665 623 730 possunt,
641 644 697 730 τήν
717 644 865 732 ἀλήθειαν
885 665 970 730 atque
991 635 1159 724 ἐπιστήμην
1179 639 1315 702 contulit.

79 753 125 812 Sic
146 751 264 810 demum
274 794 283 824 ,
305 745 453 827 explicitis
473 747 551 823 illis,
572 749 646 809 lucis
663 753 807 832 genitori,
831 752 885 813 soli
909 747 978 806 huic
1000 760 1117 820 nostro,
1141 740 1207 802 idel
1225 739 1317 812 boni,

79 871 164 928 quam
185 845 332 927 spectabat
352 845 495 919 maxime,
516 851 696 926 comparata,
726 850 815 930 hujus
837 869 909 929 qnae
938 847 976 904 sit
1005 841 1198 924 praestantia,
1224 858 1318 918 augu-

79 946 203 1007 randum
224 943 309 1002 nohis
328 942 456 1020 reliquit.

118 1042 246 1104 Juvahat
260 1041 300 1099 ita
320 1059 356 1098 ex
374 1041 437 1120 ipso
453 1040 559 1098 ducere
585 1041 730 1104 Socratico
749 1045 828 1105 fonte
844 1028 999 1103 sublimem
1019 1037 1096 1098 hanc
1126 1033 1255 1096 Platonis
1282 1031 1320 1090 de

80 1145 148 1200 hono
177 1139 358 1212 doctrinam,
380 1138 531 1218 ipsumque
550 1159 586 1197 ex
607 1143 732 1201 auctoris
750 1155 847 1201 mente
864 1153 892 1199 et
920 1135 1043 1199 c'onsilio
1071 1131 1237 1215 explicare,
1268 1125 1320 1188 sed

81 1253 167 1298 restat
196 1235 281 1296 nobis
306 1234 535 1310 declarandum,
566 1237 640 1317 quid
669 1239 746 1298 illud
776 1241 832 1314 sit,
864 1238 942 1318 quod
972 1235 1089 1308 statuit,
1110 1231 1183 1291 boni
1204 1227 1318 1298 ideam,

81 1337 149 1396 solis
169 1337 278 1407 instar,
310 1334 428 1392 caeteris
454 1332 527 1394 ideis
545 1337 696 1396 veritatem
707 1383 716 1413 ,
746 1351 884 1417 tanquam
905 1335 1017 1407 lucem,
1050 1327 1208 1390 effundere.
1250 1323 1322 1383 Nam

81 1435 160 1494 dicat
181 1433 298 1491 fortasse
319 1429 444 1509 aliquis,
465 1433 615 1493 veritatem
634 1435 714 1515 apud
734 1435 883 1493 Platonem
903 1449 1013 1490 summo
1042 1449 1101 1486 esse
1130 1425 1212 1484 loco:
1244 1423 1321 1480 hanc

82 1533 172 1611 igitur
193 1549 269 1602 esse,
291 1548 365 1606 quae
383 1527 489 1588 efficiat
500 1576 508 1604 ,
531 1545 563 1590 ut
581 1532 736 1613 pulcrum,
757 1535 869 1610 justum
888 1532 1039 1610 ipsumque
1058 1525 1169 1584 bonum
1188 1521 1220 1580 id
1248 1517 1321 1576 fiant

82 1628 158 1708 quod
180 1640 258 1703 sunt,
279 1639 308 1686 et
328 1627 390 1686 veri
408 1625 519 1686 lumine
539 1628 675 1707 luceant;
699 1653 759 1689 non
782 1649 851 1690 vero
871 1640 986 1699 contra,
1007 1623 1079 1683 boni
1106 1621 1201 1680 ideam
1218 1616 1323 1677 verita·

82 1730 119 1786 tis
148 1726 321 1784 effectricem
348 1743 417 1783 esse.
458 1725 517 1784 Nec
548 1745 616 1786 vcro
646 1727 771 1786 deerunt
782 1773 791 1800 ,
818 1725 924 1800 credo,
955 1723 1006 1803 qui
1022 1719 1155 1782 veritatis
1174 1737 1240 1776 cum
1258 1713 1324 1772 luce

83 1823 325 1904 comparationem
353 1823 454 1901 poe'sin
483 1823 591 1902 magis,
630 1844 716 1902 quam
755 1821 972 1904 philosophiam
1004 1809 1105 1879 decere
1134 1811 1323 1874 contendant.

84 1920 252 1982 Iterandum
272 1919 321 1977 hlc
353 1918 437 1978 nohis
457 1933 518 1995 est,
549 1922 628 1998 quod
657 1943 744 2002 supra
774 1921 924 1994 diximus,
956 1936 1058 1978 verum
1078 1935 1095 1974 a
1113 1913 1234 1972 Platone
1262 1928 1324 1966 non

84 2020 157 2079 ideis
176 2016 340 2090 accenseri,
361 2017 419 2075 acsi
438 2017 482 2076 ita
500 2039 515 2075 a
534 2018 638 2098 pulcro
655 2034 683 2078 et
702 2017 781 2078 bono
800 2032 828 2077 et
853 2019 932 2094 justo
960 2009 1203 2091 distinguendum
1233 2017 1305 2065 esset
1317 2049 1326 2077 ,

86 2131 116 2176 ut
135 2117 208 2176 haec
226 2133 287 2172 ase
307 2113 434 2174 invicem
454 2113 685 2194 distinguuntur.
709 2113 739 2194 l)
759 2116 920 2175 Veritatem
946 2106 1036 2191 igitur
1063 2108 1144 2168 ideas
1172 2105 1324 2184 ipsumque

85 2216 195 2274 bonurn
224 2211 390 2286 illustrare,
421 2212 518 2271 dicere
545 2235 606 2272 non
634 2228 747 2295 poterat
764 2211 966 2294 philosophus.
1009 2206 1067 2267 Sed
1086 2201 1257 2263 addendum
1277 2197 1326 2256 his

86 2311 164 2370 illud
187 2323 247 2382 est,
278 2306 358 2386 quod
386 2309 419 2366 in
437 2321 497 2368 tota
516 2309 570 2368 hac
589 2312 651 2388 veri
672 2310 831 2390 disciplina
850 2307 1051 2387 gravissimum
1070 2301 1197 2364 videtur.
1239 2291 1326 2370 Quod

87 2409 165 2468 omni
187 2426 257 2467 aevo
277 2405 484 2483 quaesiverunt
504 2407 693 2488 philosophi,
714 2407 787 2487 qnid
807 2413 923 2464 νινίιιιι
941 2405 996 2477 sit,
1023 2395 1218 2480 comparando
1248 2405 1326 2474 pate·

87 2507 157 2565 lecit
178 2503 268 2562 Plato.
310 2503 453 2581 Opposuit
482 2504 508 2562 ei
537 2504 590 2580 id,
620 2505 699 2584 quod
726 2505 902 2578 videratur,
933 2522 994 2560 non
1022 2509 1097 2558 estet
1107 2519 1121 2568 ;
1151 2493 1230 2575 quod
1258 2510 1327 2552 vero

88 2611 184 2676 asset,
215 2620 308 2678 neque
336 2619 395 2658 esse
426 2603 614 2678 videreta&
631 2602 685 2663 hoc
716 2621 817 2664 verum
842 2599 938 2658 dixit:
970 2618 1028 2676 qua
1056 2597 1155 2668 inre,
1187 2591 1211 2650 si
1230 2590 1328 2647 minus

89 2697 328 2782 philosophorum
347 2698 540 2774 sententiam,
571 2713 600 2758 at
619 2699 770 2759 hominum
791 2717 874 2755 usum
894 2708 922 2755 et
942 2694 1023 2772 quasi
1043 2711 1143 2753 vocem
1164 2685 1329 2748 assentien-

89 2812 144 2857 tem
174 2795 231 2854 sibi
260 2791 405 2869 hahebat,
436 2815 493 2872 qua
522 2795 601 2876 apud
628 2797 752 2856 Graecos
779 2794 830 2869 id,
861 2791 940 2872 quod
965 2812 1073 2850 revera
1103 2786 1239 2869 pulcrum
1268 2795 1330 2856 est,
1382 2804 1384 2810 ’

90 2893 141 2980 τῷ
168 2887 254 2955 ὄντι
274 2884 364 2951 καλόν
384 2889 417 2970 2)
437 2893 585 2974 appellare
603 2893 744 2954 solebant.
769 2893 871 2970 Itaque
891 2888 972 2947 ideas
991 2888 1043 2946 ille
1064 2885 1212 2948 verissima
1232 2899 1328 2940 rerum

91 2994 287 3076 exemplaria,
307 2983 354 3052 τιὶ
374 2981 466 3049 ὄντα
488 2990 642 3066 universe,
663 2990 888 3072 singulatimque
915 2985 1050 3066 pulcrum
1078 2995 1106 3043 et
1135 2981 1263 3052 bonum,
1284 2995 1327 3038 τι

91 3087 213 3168 ὅντως
235 3086 270 3154 ὃν
289 3086 381 3154 καλόν
401 3112 432 3152 τι
453 3088 503 3150 καὶ
524 3082 661 3169 ἀγαθόν,
692 3087 772 3168 qnod
791 3085 843 3170 τῷ
864 3076 949 3144 ὄντι
979 3083 1113 3164 pulcrum
1141 3091 1190 3137 aut
1218 3077 1330 3137 bonum

92 3209 164 3256 esset
175 3241 184 3270 ,
214 3196 340 3256 vocavit.
381 3191 522 3253 Effectrin
552 3192 645 3270 igitur
670 3187 801 3246 idearum
829 3197 951 3246 nonest
980 3180 1106 3254 veritas,
1147 3173 1198 3235 sed
1228 3175 1332 3250 ideae,

93 3296 202 3374 quippe
219 3311 292 3372 quae
312 3292 465 3350 continent
483 3310 603 3364 verum,
624 3284 756 3348 veritatis
775 3284 861 3343 nobis
880 3280 1036 3342 effectrices
1056 3289 1133 3336 sunt.
1176 3275 1257 3348 Quae
1267 3293 1334 3332 curn

96 3393 134 3450 ita
163 3393 242 3466 sint,
264 3411 325 3449 non
344 3388 534 3461 mirabimur,
556 3387 678 3467 opinor,
700 3383 759 3441 luci
781 3382 948 3454 Platonem,
978 3397 1050 3457 quae
1071 3372 1167 3434 arole
1193 3371 1333 3432 diffundi·

97 3504 159 3564 tur,
182 3474 354 3561 veritatem,
384 3486 496 3566 ipsique
520 3483 574 3543 soli
604 3476 660 3563 τήν
680 3479 736 3541 τοῦ
757 3474 880 3560 ἀγαθοῦ
911 3471 1012 3551 ἰδέαν,
1043 3472 1174 3554 ἰᾶειιιιιιι]
1204 3469 1333 3528 omnium

97 3607 253 3660 summam,
274 3604 460 3666 comparasse.
501 3582 697 3664 Intelligimus
716 3583 787 3640 hinc
808 3581 897 3654 item,
933 3596 1020 3656 quare
1041 3560 1254 3650 ὑπερονράνιος
1283 3565 1343 3625 ille·

98 3687 129 3744 in
148 3684 279 3746 Phaedro
298 3675 391 3754 τόπος
412 3688 556 3740 veritatis
583 3702 708 3757 campus
738 3691 875 3737 vocetur:
896 3675 928 3756 3)
957 3674 1088 3734 idearum
1118 3668 1250 3740 scilicet,
1279 3664 1337 3722 imo

100 3785 247 3859 veritatis,
276 3803 349 3863 quae
379 3781 449 3840 inde
478 3779 673 3852 diffunditur,
701 3775 857 3858 splendore
883 3775 962 3832 lucet
990 3767 1117 3828 mundus
1146 3764 1208 3824 ille.
1250 3757 1337 3836 Quod

100 3895 193 3940 autem
213 3879 345 3961 p'rocedit
364 3879 453 3938 altius
474 3877 560 3936 etiam
578 3874 789 3957 philosophus,
808 3873 961 3949 dixitque,
980 3865 1077 3948 prouti
1096 3862 1139 3922 sol
1166 3863 1199 3922 in
1227 3857 1339 3919 mundo

101 3977 251 4059 spectabili
270 3999 330 4038 non
349 3977 441 4036 solum
464 3989 496 4034 ut
514 3987 690 4048 cernantur,
711 3971 761 4032 sed
783 3971 869 4030 etiam
889 3982 919 4028 nt
937 3966 1010 4026 liant
1028 3963 1144 4038 omnia,
1157 3974 1188 4020 ut
1200 3967 1340 4027 crescant,

138 4289 167 4352 l)
186 4290 262 4340 loitt'o
281 4306 306 4356 p.
327 4285 384 4338 133.
721 4331 724 4336 .

137 4373 168 4437 2)
188 4374 290 4442 Belgica
307 4373 401 4424 eodem
418 4369 497 4421 modo
512 4369 602 4419 dicitur
628 4367 790 4433 weacnlp'p'k
814 4366 912 4415 scheon

138 4457 169 4521 3)
187 4459 294 4510 Phaedr.
313 4456 372 4507 248.
395 4455 423 4504 B.
448 4453 476 4506 G.
