2950 5134
688 272 705 329 7

96 435 225 510 sticantes
242 447 392 514 perpetuos
411 431 598 493 miscebamus
616 451 768 492 sermones.
805 433 886 506 Quin
907 433 1083 494 instabamus
1101 435 1226 496 subinde
1244 438 1320 518 ipsas

96 547 260 615 Ruhnkenii
280 547 362 608 aedes
372 593 381 624 ,
402 548 454 607 ubi
473 548 590 608 comiter
607 547 772 626 blandeque
791 568 843 606 nos
861 548 1024 628 excipiebat
1040 549 1154 630 elegans
1171 551 1318 632 elegantis·

95 664 154 723 simi
173 663 232 723 viri
250 661 327 737 filia,
350 657 513 723 lubcus'de
528 676 607 744 patre
626 683 747 726 narrans
770 675 799 720 et
823 661 860 721 de
883 663 955 723 viris
978 663 1190 741 celeberrimis,
1211 667 1262 746 qui
1287 667 1319 726 in

96 779 152 859 ipso
169 777 225 837 illo
241 777 393 853 conclavi,
414 777 551 838 ubieram
560 823 569 853 ,
590 796 655 836 oum
674 777 851 838 Ruhnkenio
868 777 998 838 luissent.
1030 779 1137 840 Vivere
1151 780 1224 840 mihi
1239 780 1320 844 vide·

94 892 142 951 bar
160 913 246 953 aureo
265 891 388 972 quodam
409 893 532 954 saeculo.
572 891 629 952 Sed
648 890 725 972 quod
744 892 848 950 mirum
866 891 1018 968 videatur,
1039 908 1181 954 ettamen
1207 897 1319 958 verissi-

95 1027 165 1066 mum
189 1021 250 1082 est,
281 1007 444 1067 memoriam
467 1009 507 1068 sic
528 1007 665 1067 recolenti
685 1026 858 1066 summorum
877 1008 1023 1084 virorum,
1044 1023 1072 1069 et
1097 1009 1235 1070 recolenti
1254 1027 1319 1070 cum
1379 1051 1382 1058 .

56 1183 61 1188 ,
94 1121 316 1203 Wyttenbachio
324 1167 333 1198 ,
354 1141 451 1183 eorum
464 1142 636 1198 successore,
657 1122 710 1182 vix
724 1120 797 1180 mihi
810 1096 843 1184 in
858 1135 981 1182 mentem
996 1123 1150 1200 veniebat,
1165 1145 1230 1184 cum
1239 1139 1320 1186 tauto

94 1258 133 1296 me
151 1237 214 1296 viro
233 1236 323 1316 loqui.
363 1237 473 1298 Absens
496 1251 592 1318 postea
616 1238 649 1298 in
669 1235 826 1296 beatissimi
849 1239 983 1316 temporis
1001 1239 1165 1299 memoriam
1184 1239 1319 1315 rediens,

94 1352 210 1433 cogitavi
238 1371 351 1410 mecum
376 1372 598 1433 saepenumero,
618 1371 683 1415 cum
701 1351 753 1412 illo
773 1371 817 1410 me
835 1364 896 1411 tum
916 1351 952 1412 de
971 1352 1118 1412 literarum
1135 1355 1319 1435 principibus

93 1467 192 1546 egisse,
212 1467 267 1546 qui
288 1466 366 1526 nulli
394 1485 490 1526 corum
513 1466 626 1527 cederet
645 1467 705 1547 ipsc
716 1512 724 1541 ,
745 1486 830 1546 quem
853 1468 1002 1528 amavisset
1023 1468 1251 1545 Valckenarius,
1275 1470 1317 1531 di·

94 1581 202 1641 lenisset
221 1580 435 1656 Ruhuhcnius,
457 1596 664 1643 venerarentur
681 1595 819 1661 quotquot
838 1582 870 1641 iu
893 1581 1023 1662 Europae
1042 1583 1207 1662 regionibus
1224 1584 1318 1646 litera-

94 1717 150 1755 rum
166 1697 256 1756 laude
275 1696 418 1757 dolerent.
448 1696 505 1756 Sed
525 1717 658 1777 praesens
675 1696 729 1756 illo
748 1709 892 1776 tempore,
913 1696 1046 1756 mirabile
1066 1696 1166 1759 dictu!
1189 1702 1319 1778 quamvis

93 1812 155 1871 haec
173 1810 306 1891 quotidie
331 1811 428 1892 legens
451 1813 484 1872 in
508 1820 573 1869 aito
597 1811 792 1886 Ruhnkem‘t',
824 1812 876 1872 vix
895 1810 1170 1878 animadverteram:
1192 1815 1318 1895 colloqui

93 1927 156 1986 nihi
175 1928 259 1988 visus
283 1927 392 2004 ¹fueram
415 1946 476 1985 non
499 1947 565 1984 cum
588 1927 700 1987 aemulo
723 1947 819 1986 eorum
842 1927 989 2002 omnium,
1011 1926 1061 1986 scd
1079 1949 1144 1987 cum
1163 1928 1316 2011 discipulo.

93 2043 136 2102 Est
153 2041 206 2101 hoc
223 2040 355 2117 scilicet,
377 2043 513 2101 Creuzere
522 2087 531 2115 ,
552 2042 663 2121 magnis
678 2041 802 2122 ingeniis
824 2042 972 2122 proprium
982 2087 993 2117 ,
1011 2043 1098 2120 quod¹
1109 2065 1145 2102 no
1166 2047 1318 2126 suspican-

93 2170 133 2216 tur
149 2157 270 2236 quidem
295 2154 426 2216 homines
455 2155 533 2217 leves
559 2170 587 2215 et
613 2157 702 2232 vani,
724 2170 756 2215 ut
784 2157 892 2228 lateant
914 2158 1037 2216 maxime
1056 2171 1135 2235 tum,
1153 2180 1242 2238 quom
1269 2162 1317 2220 isti

96 2273 209 2330 maxime
227 2271 402 2351 splendent,
423 2270 456 2330 id
476 2285 517 2330 est
527 2317 535 2346 ,
548 2249 644 2351 'quum
661 2285 812 2338 sermoest
830 2270 866 2331 de
883 2273 993 2352 magnis
1013 2273 1094 2334 viris.
1124 2274 1331 2350 Quodautem‘

96 2399 121 2445 tu
136 2387 296 2468 scripsisti,
316 2385 390 2445 lecto
411 2385 631 2466 Wyttenbacbii
656 2386 732 2446 libro
756 2385 937 2446 absterritum
952 2402 987 2446 -te
1005 2391 1093 2470 magis
1116 2391 1204 2450 fuisse
1227 2391 1316 2450 conti·

34 2523 37 2532 ⁴
96 2523 163 2577 uuo,
181 2521 272 2582 quam
297 2499 451 2576 allectum,
472 2503 599 2582 perlecta
621 2500 674 2560 illa
698 2501 798 2560 Critici
822 2501 964 2581 imagine:
985 2517 1014 2562 et
1037 2504 1239 2587 bocpariter,
1260 2507 1318 2566 imo

95 2618 174 2678 multo
192 2617 284 2696 magis
303 2616 388 2675 etiam
406 2629 434 2676 ct
450 2615 551 2675 merito
561 2661 570 2691 ,
591 2591 689 2678 evenit
707 2614 788 2676 mibi.
819 2615 937 2676 Leidam
952 2617 1077 2697 reliqui,
1098 2633 1130 2678 ut
1150 2634 1216 2680 ante
1236 2620 1316 2682 bien·

96 2732 166 2790 nium
189 2732 245 2790 illa
268 2730 385 2810 vesperi
409 2730 525 2790 domum
559 2731 797 2811 Wyttenbachii,
823 2733 948 2812 primum
976 2733 1078 2794 hilaris
1107 2756 1191 2794 seusu
1219 2749 1247 2794 et
1271 2757 1317 2795 re-

94 2847 253 2908 cordatione
285 2859 434 2926 perceptae
468 2845 658 2928 qoluptatis,
673 2845 723 2905 sed
754 2859 876 2906 moestus
909 2846 1016 2908 deinde
1046 2863 1073 2909 et
1109 2849 1181 2908 mihi
1211 2849 1318 2931 displi-

95 2981 162 3022 cens.
190 2934 302 3022 Vebum
328 2961 406 3020 euim
433 2959 512 3020 baud
531 2975 635 3021 temere
654 2975 681 3020 et
699 2961 777 3020 bunc
797 2961 868 3021 mihi
887 2960 1014 3022 dolorem
1032 2965 1169 3042 injecerat
1188 2965 1317 3026 Socrates

95 3073 139 3133 ille
162 3095 253 3136 mens.

130 3192 244 3250 Annum
266 3189 374 3250 deinde
389 3193 488 3268 „mansi
518 3191 741 3268 Amstelodami,
770 3193 877 3273 quippe
890 3179 1155 3274 jurisprudentiae,
1180 3209 1217 3253 ut
1235 3194 1316 3270 dixi,

100 3319 205 3385 epatre
230 3305 400 3365 destinatus.
441 3307 477 3366 Et
500 3306 640 3366 habebam
658 3306 721 3366 illic
740 3308 844 3367 amicos
862 3311 1126 3386 conjunctissimos,
1147 3310 1318 3390 quibuscum

97 3433 183 3496 postea
192 3420 425 3498 conjunctissime
435 3423 511 3508 viri:
529 3421 671 3482 habebam
684 3423 934 3502 Hieronymum
950 3425 1150 3500 Bosohium‚
1162 3425 1317 3506 elegantis·
1356 3476 1358 3484 .

98 3533 191 3594 simum
208 3537 321 3609 virum,
341 3537 397 3614 qu'o
416 3549 490 3594 terra
509 3557 569 3596 non
587 3537 656 3596 tulit
674 3536 871 3597 candidiorem
877 3541 1012 3619 ‚quique
1029 3561 1072 3600 me
1091 3553 1122 3599 ut
1139 3540 1232 3599 lilium
1249 3539 1316 3600 dili·

99 3647 188 3726 gebat:
210 3664 239 3710 et
261 3669 328 3710 vero
345 3648 436 3709 claros
454 3651 594 3711 habebam
612 3628 807 3734 praeceptores
832 3656 1007 3714 Crassium
1016 3702 1026 3736 ,
1055 3655 1298 3715 Swindcnium
1309 3703 1317 3730 ,

100 3760 306 3846 Lennepium
329 3765 416 3840 item,
446 3767 496 3844 qui
510 3766 594 3827 modo
607 3766 838 3847 Wyttenbachio,
852 3785 1038 3828 successerat:
1061 3791 1228 3850 quamquam
1238 3789 1239 3796 ¹
1249 3771 1316 3846 hic,

100 3896 144 3955 pro
161 3879 298 3960 singulari
313 3880 370 3940 viri
384 3879 575 3957 humanitate,
591 3882 682 3942 amico
698 3903 742 3940 me
753 3882 894 3960 malebat,
913 3905 999 3964 quam
1009 3883 1171 3967 discipulo,
1188 3888 1239 3948 uti.
1262 3887 1317 3946 Ve-

101 4007 241 4054 runtamen
265 3995 522 4075 Wyttenbachium
540 4019 633 4056 meum
648 3984 897 4079 semper'cogitans
915 4013 942 4058 et
962 4000 994 4059 in
1013 4001 1104 4061 oculis
1122 4003 1216 4062 ferens
1228 4049 1236 4077 ,
1266 4004 1315 4062 im-

103 4109 202 4184 patiens
220 4131 331 4186 motae,
345 4111 519 4192 Lugdunum
537 4112 653 4172 tandem
671 4110 796 4183 discessi.

124 4223 179 4282 ab
195 4225 248 4285 hoc
268 4240 359 4286 autem
378 4241 504 4308 tempore
522 4229 610 4308 magis
629 4227 765 4309 deinceps
783 4229 843 4289 sive
858 4230 1084 4292 animadvertere
1100 4233 1160 4294 sive
1177 4235 1315 4313 suspicari

105 4339 193 4416 coepi,
213 4362 282 4419 qnae
306 4339 422 4403 tandem
445 4357 516 4403 esset
536 4343 757 4424 Wyttenbaohii
775 4347 958 4425 praestantia.
999 4349 1070 4406 Nam
1089 4361 1187 4421 antea,
1209 4361 1240 4406 ut
1261 4349 1330 4408 fert.

104 4447 232 4522 juvenilis
253 4471 346 4532 aetas,
371 4457 528 4528 admiiatus
556 4461 665 4520 suerum
694 4459 807 4534 virum,
833 4459 883 4522 sed
908 4462 960 4522 hae
989 4463 1097 4522 fueram
1127 4462 1317 4524 admiratione
