2838 5120
759 270 819 330 224

178 433 279 491 metica
308 450 423 510 magnos
452 430 551 488 fecisse
580 449 762 509 progressus:
792 451 858 491 nam
887 433 1025 490 acerrimo
1053 453 1115 490 eam
1135 432 1229 492 studio
1246 434 1374 508 colebant,

176 531 283 611 qnippe
312 549 444 588 numeros
472 541 674 608 prosequentes
691 527 807 592 'divino
835 529 961 588 bonore:
992 530 1152 610 iisdemque
1173 530 1299 592 videntur
1316 533 1374 592 adeo

171 651 289 690 suarum
319 626 542 707 disciplinarum
571 626 656 684 initia
685 625 819 702 debuisse
847 626 1065 688 Alexandrinae
1092 630 1193 689 aetatis
1221 630 1373 690 celeberrimi

174 729 346 801 astronomi,
376 726 510 807 physici,
540 723 711 804 geographi5
744 726 824 785 Plato
854 745 923 786 vero
952 725 1027 786 hanc
1045 729 1186 808 spectavit
1206 729 1374 812 arithmeticae

174 827 347 902 utilitatem,
379 846 434 904 qua
464 844 532 884 sane
562 824 651 900 major
665 843 729 892 ,esse
750 823 860 884 homini
883 824 934 884 vix
955 823 1016 883 ulla
1033 840 1145 907 potest,
1177 840 1209 885 ut
1227 829 1376 886 dialecticae

99 923 105 930 ¹
171 925 385 1007 applicaretur,
407 924 486 996 sive,
506 919 585 1000 quod
604 920 682 980 idem
703 923 794 981 estin
817 923 1001 1001 antiquorum
1020 924 1122 1005 lingua
1142 926 1376 1008 philosophorum,

172 1025 365 1084 discernendi
378 1022 600 1099 judicandique
618 1020 785 1078 facultatem
807 1019 923 1078 eliceret
944 1021 1162 1102 erierceretque,
1185 1027 1377 1104 atqueitapro-

171 1124 264 1204 posito
284 1123 476 1182 satisfaceret:
499 1119 606 1199 quippe
629 1111 780 1198 μάθημα,
803 1112 929 1179 ἑλκτικὸν
950 1113 984 1194 dr
1005 1115 1171 1182 παντάπασι
1192 1145 1267 1204 προς
1286 1117 1376 1182 οὐσίαν.

170 1222 206 1281 Id
225 1242 294 1282 vero
313 1220 429 1301 privum
452 1219 656 1298 propriumque
676 1221 732 1279 lbit
752 1220 886 1296 Platoni,
909 1243 1002 1301 neque
1020 1222 1058 1280 ab
1067 1224 1140 1296 ,ullo
1161 1239 1229 1284 ante
1249 1221 1307 1284 eum
1321 1225 1375 1306 phi-

170 1319 290 1401 losopho
319 1331 504 1398 usurpatum,
537 1329 567 1374 ut
591 1318 651 1398 ipse
672 1331 714 1376 est
733 1319 858 1399 ingenue
878 1321 1041 1401 professus,
1072 1343 1138 1380 cum
1157 1321 1268 1383 diceret
1286 1323 1317 1382 de
1333 1323 1372 1380 loc

168 1413 343 1502 μαθήματι·
370 1408 524 1476 κινδυνεύω
550 1415 611 1476 τῶν
635 1409 712 1494 notit
737 1411 792 1497 triv
817 1411 917 1499 νόησιν
943 1411 1075 1498 ἀγόντων
1102 1414 1189 1502 φύσει
1210 1412 1281 1481 εἶναι
1301 1416 1371 1500 itq-

167 1524 282 1601 τοῦμεν·
327 1520 496 1601 χρῆσθαι
524 1512 552 1577 δ’
573 1512 695 1592 οὐδεὶς
717 1515 813 1604 αὐτῷ
834 1515 972 1599 ὀρθῶς·
995 1544 1052 1600 quo
1077 1523 1215 1582 barbaros
1244 1545 1301 1582 non
1323 1537 1376 1580 tan-

167 1640 229 1685 tum
250 1625 427 1705 respexisse,
449 1621 498 1680 sed
519 1621 594 1702 ipsos
615 1622 701 1680 etiam
718 1623 909 1703 Pythagoreos
927 1623 1054 1684 videtur.

208 1726 245 1784 Et
275 1724 315 1782 sic
345 1721 462 1800 quidem
491 1720 674 1799 pervenimus
702 1721 839 1795 tandem,
860 1743 916 1800 quo
934 1703 1046 1780 dudum
1063 1721 1264 1800 perreximus,
1285 1733 1314 1778 ut
1328 1740 1377 1776 me·

168 1823 317 1884 morabilis
342 1820 429 1897 liujus
457 1819 615 1878 sententiae
643 1820 703 1877 vim
731 1834 758 1878 et
783 1820 942 1880 ubertatem
971 1809 1188 1897 assequamur.'
1214 1820 1308 1898 Ipsum
1328 1819 1376 1894 jan

168 1922 318 1982 audiamus
347 1919 491 1978 Socratem
521 1917 591 1976 haec
620 1917 763 1998 simplici,
793 1919 843 1977 sed
872 1916 1024 1990 accurate,
1053 1916 1105 1975 sed
1129 1919 1266 1978 interiore
1285 1916 1376 1974 ratione

168 2033 370 2104 exponentem.
403 2014 581 2089 «conabor,
601 2015 715 2094 inquit,
734 2015 766 2074 id
787 2015 956 2095 quodmihi
978 2013 1111 2090 videtur,
1131 2016 1287 2075 declarare.
1314 2015 1374 2086 Quae

167 2124 245 2181 enim
273 2121 333 2200 ipse
363 2137 473 2174 mecum
501 2114 633 2194 reputavi
660 2113 798 2192 ejusmodi
827 2135 904 2188 esse,
925 2127 957 2172 ut
976 2129 1101 2173 mentem
1120 2114 1158 2172 ad
1180 2134 1275 2174 rerum
1296 2106 1377 2172 ossib

166 2221 334 2291 adducant,
364 2234 491 2292 quaeque
521 2234 580 2271 non
600 2232 658 2270 esse
681 2211 847 2290 hujusmodi
867 2211 1040 2285 videantur,
1061 2211 1132 2270 haec
1151 2226 1183 2270 tu
1203 2233 1311 2272 mecum
1329 2234 1375 2293 spe·

166 2334 248 2378 ctans
271 2315 360 2397 proba
380 2311 428 2371 vel
448 2331 538 2391 nega,
559 2332 616 2389 quo
634 2311 739 2369 clarius
758 2310 972 2390 dignoscamus,
994 2330 1065 2368 num
1084 2309 1191 2369 sithoc
1211 2312 1288 2387 tale,
1307 2311 1374 2391 quale

166 2417 318 2480 vaticinor.
341 2443 372 2452 -
394 2413 439 2468 Tu
468 2431 536 2492 vero
566 2407 693 2470 ostende.
716 2437 748 2446 -
769 2409 897 2468 Osteudo
923 2407 1074 2487 equidem,
1098 2408 1219 2467 videsne
1238 2431 1300 2485 res,
1319 2429 1374 2487 quac

165 2513 297 2573 sensibus
313 2523 432 2591 patent,
446 2507 550 2588 partim
569 2527 627 2564 non
646 2527 762 2566 evocare
781 2520 904 2564 mentem
923 2506 968 2564 ad·
977 2508 1104 2586 ipsarum
1121 2506 1375 2571 considerationem

164 2614 272 2692 qnippe
302 2611 364 2690 ipso
392 2625 476 2666 sensu
500 2605 567 2663 satis
585 2619 751 2684 perceptas:
773 2605 876 2685 partim
897 2604 1015 2662 omnino
1035 2619 1158 2664 mentem
1178 2626 1295 2666 evocare
1313 2627 1374 2666 eam·
1409 2583 1410 2674 l

164 2733 219 2791 que
244 2709 346 2787 jubere
373 2706 448 2786 ipsas
474 2701 640 2777 attendere,
654 2704 769 2783 *quippe
786 2723 870 2761 sensu
890 2700 935 2760 nil
953 2703 1014 2762 veri
1035 2703 1283 2762 annunciantelu
1331 2703 1373 2760 Hic

164 2809 324 2890 suspicatur
343 2804 454 2864 Glauco
474 2816 501 2861 et
520 2822 572 2860 nos
591 2802 657 2860 item
677 2801 763 2859 facile
779 2801 970 2880 suspicemur,
992 2821 1036 2858 res
1052 2799 1211 2879 significari
1227 2823 1242 2859 a
1258 2801 1371 2872 Socrate,

164 2929 235 2988 qnae
251 2927 266 2964 e
282 2904 440 2984 longinquo
455 2914 613 2981 apparent,
635 2899 682 2958 vel
702 2900 805 2960 leviter
824 2897 1010 2957 adumbratae
1031 2911 1116 2971 sunt,
1137 2921 1266 2978 quaeque
1286 2901 1371 2959 iccirco

162 3027 244 3087 aegre
270 3004 494 3074 discernuntur,
515 3011 548 3056 ut
567 2998 657 3078 ipsius
676 2998 781 3056 mentis
800 3019 872 3077 opus
891 2998 947 3071 sit,
968 2996 1005 3055 ad
1025 3017 1071 3054 eas
1089 2998 1293 3078 percipiendas
1310 2998 1369 3078 ,iudi-

161 3105 344 3180 caudasque,
374 3099 541 3158 attentione.
594 3095 722 3155 Socrates
749 3115 817 3154 vero
856 3116 942 3154 ‹tnon
971 3115 1163 3175 magnopere,
1194 3097 1308 3176 inquit,
1335 3095 1369 3161 id,

160 3204 238 3284 quod
265 3201 350 3274 dico,
384 3197 551 3275 assequeris.
598 3195 726 3254 Mentem
753 3194 902 3254 advertere
931 3193 982 3252 illa
1010 3213 1100 3273 nego,
1130 3185 1202 3273 qliae
1222 3217 1283 3254 non
1302 3191 1369 3254 simul

158 3301 335 3362 contrarium
353 3317 466 3356 sensum
485 3307 619 3354 movent:
641 3313 713 3370 quae
733 3312 800 3351 vero
818 3306 954 3365 movent,
975 3292 1045 3350 haec
1065 3291 1131 3350 dico
1146 3291 1287 3352 advocare
1305 3313 1369 3353 men·

156 3415 249 3460 tem.»
284 3400 354 3458 Rem
382 3394 513 3474 exemplo
540 3392 675 3452 illustrat.
710 3390 794 3464 «Hi,
815 3390 931 3468 inquit,
952 3389 1095 3464 dicimus,
1116 3403 1174 3450 tres
1193 3405 1262 3449 sunt
1284 3390 1366 3470 digim

156 3501 310 3571 minimus,
339 3493 500 3566 sccundus,
530 3490 651 3550 medius.
693 3490 802 3548 Horum
833 3489 1029 3567 unusquisque
1055 3489 1164 3568 pariter
1191 3490 1308 3570 digitus
1324 3506 1366 3547 esse

155 3600 272 3659 videtur
301 3609 329 3654 et
357 3594 410 3652 bac
430 3594 509 3650 inre
529 3612 588 3649 non
608 3587 722 3663 differt,
745 3602 840 3646 utrum
860 3588 893 3646 in
912 3585 1009 3646 medio
1028 3609 1066 3646 an
1087 3587 1118 3646 in
1137 3601 1279 3667 postremo
1295 3593 1365 3668 appa·

154 3711 232 3772 reat,
255 3710 349 3754 utrum
369 3691 513 3752 candidus
533 3689 626 3747 sitan
645 3689 746 3766 niger,
767 3707 876 3746 crassus
893 3705 931 3744 an
951 3685 1064 3744 tenuis:
1086 3683 1133 3744 bis
1152 3687 1231 3744 enim
1251 3684 1366 3746 omnibus

154 3817 213 3854 nou
233 3795 344 3874 cogitur
362 3793 475 3852 animus
494 3801 617 3849 mentem
638 3787 831 3866 interrogare,
852 3784 924 3863 quid
944 3783 980 3843 sit
997 3781 1123 3862 digitus:
1146 3805 1287 3863 nusquam
1297 3782 1364 3876 'enin

153 3895 231 3953 visus
250 3891 443 3973 significavit,
466 3888 589 3968 digitum
609 3884 706 3944 adesse
727 3899 754 3944 et
768 3884 945 3943 contrarium
962 3881 1058 3942 adesse
1077 3882 1179 3962 digito.
1213 3883 1288 3964 Ergo
1304 3874 1362 3961 quod

151 3992 208 4052 tale
237 4005 296 4066 est,
326 4000 449 4049 mentem
469 4007 528 4046 non
549 3983 681 4046 evocabit
701 3983 748 4043 vel
769 3982 929 4058 excitabit,
950 3975 1079 4060 νοήσεως
1100 3976 1151 4044 oda
1173 3976 1210 4042 dv
1231 3983 1360 4064 παρακλη-

150 4085 228 4151 τικόν
250 4085 313 4150 oc'd'
333 4081 478 4169 ἐγερτικὸν
499 4079 553 4164 εἴη.
589 4083 668 4158 Quid
689 4084 780 4142 vero?
802 4083 1031 4162 magnitudinem
1050 4101 1147 4150 eorum
1167 4100 1195 4144 et
1211 4089 1358 4167 parvitatem

149 4196 254 4253 satisne
283 4195 344 4273 ipse
373 4211 425 4271 per
455 4209 483 4247 se
513 4187 591 4247 visus
618 4183 783 4267 dispecuit?
819 4182 1009 4261 similiterque
1045 4182 1196 4240 mollitiem
1226 4205 1317 4243 eorum
1340 4189 1358 4233 tl

149 4292 285 4352 duritiem
316 4291 433 4350 tactus?
463 4309 501 4345 an
530 4305 599 4346 vero
626 4283 657 4340 in
689 4281 736 4340 his
765 4282 902 4339 contrarii
932 4295 1000 4340 sunt
1028 4279 1155 4358 ejusdem
1184 4284 1226 4340 rei
1255 4274 1356 4341 sensus?

148 4391 262 4471 Digltus
282 4389 392 4448 scilicet
412 4399 529 4466 apparet
547 4403 681 4462 magnus,
702 4392 820 4459 apparet
839 4381 906 4438 item
926 4401 1051 4460 parvus,
1072 4379 1168 4438 mollis
1187 4401 1244 4439 esse
1262 4377 1356 4438 videtu

148 4492 271 4568 itemque
310 4486 409 4545 durus.
467 4485 569 4542 Nonne
605 4482 693 4560 igitur
719 4478 815 4536 animo
844 4479 1029 4538 nunciabunt
1058 4499 1175 4554 sensus,
1215 4477 1288 4538 idem
1313 4469 1352 4531 sibi
