2872 5122
750 246 790 306 tt

150 409 258 491 quibus
278 431 410 492 expressa
430 422 498 468 sunt
516 408 624 489 plane,
645 421 677 467 ut
704 409 745 468 ait
766 408 933 489 Longinus,
953 409 1001 487 qui
1028 407 1099 470 haec
1125 409 1209 470 nobis
1237 411 1368 484 servarit,

151 503 190 570 roi
211 505 409 589 συμβαίνοντα
428 510 493 582 ταῖς
514 504 668 588 ἐρωτικαῖς
687 503 805 586 μανίαις
825 500 1001 589 παθήματα.
1024 507 1053 590 l)
1072 507 1157 570 Unde
1176 509 1322 570 Horatius:
1423 561 1424 570 ,

371 610 433 670 Nec
443 657 452 687 ‚
473 618 502 670 ιε’
520 610 594 688 quid
611 611 682 670 olim
697 611 774 670 lucit
793 608 971 686 Anacreon,

266 785 268 788 Ι
371 711 481 770 dotavit
495 718 598 768 cetae:
628 716 691 786 epi
701 718 773 767 rut
798 711 896 774 adlatae
917 729 1016 784 umor,

270 795 273 804 ¹
349 837 355 854 ·
450 816 489 868 oi
499 831 515 866 ο
528 829 577 866 απ
588 817 684 886 tque
704 814 858 880 commissi*
874 810 984 866 colores

490 905 614 966 Aeoliae
623 908 743 984 fidibus
757 907 890 984 puellae.
913 904 945 987 2)

153 1002 231 1062 Hinc
250 1016 344 1063 autem
364 1025 424 1064 non
443 1004 529 1064 facile
557 1006 622 1084 quis
649 1005 814 1079 dubitabit,
835 1005 907 1084 quin
930 1003 1049 1064 colorem
1072 999 1210 1062 duxerint
1236 999 1371 1060 Platonica

153 1100 224 1177 illa,
244 1123 315 1180 quae
333 1103 435 1162 Latine
449 1104 510 1180 jam
530 1105 766 1164 memoravimus:
793 1096 812 1164 o‘
838 1099 874 1164 δὲ
901 1095 1058 1184 α’ρτιτιλής,
1081 1092 1100 1160 o‘
1119 1097 1182 1160 coir
1202 1091 1271 1159 τότε
1292 1099 1343 1156 πολ
1359 1131 1372 1140 -

154 1193 298 1278 θεάμων,
329 1192 403 1262 ὅταν
432 1196 564 1276 θεοειδὲς
589 1195 750 1284 πρόσωπον
776 1199 829 1291 ἴδῃ
851 1242 891 1253 -
913 1204 1029 1288 πρῶτον
1054 1198 1108 1282 μὲν
1132 1195 1257 1283 ἔφριξε
1282 1197 1329 1260 καὶ
1350 1221 1373 1258 τι

152 1301 214 1364 τῶν
234 1295 302 1363 τότε
322 1296 457 1384 ὑπῆλθεν
478 1297 570 1365 αὐτόν
589 1298 750 1382 δειμάτων·
772 1301 836 1369 εἶτα
856 1306 1045 1390 προσοραῖν
1063 1299 1104 1380 ὠς
1119 1297 1195 1384 θιδν
1212 1298 1325 1384 σέβεται
1340 1339 1372 1346 -
1424 1325 1425 1328 ’

154 1398 259 1468 ἰδόντα
284 1400 320 1466 δὲ
347 1401 450 1481 αὐτόν,
478 1398 540 1496 οἷον
561 1405 593 1468 ἐν
614 1406 669 1489 τῆς
690 1405 799 1490 φρίκης
818 1399 966 1492 μεταβολή
989 1432 1019 1471 τι
1040 1407 1084 1470 ναὶ
1105 1405 1141 1468 id
1147 1401 1196 1488 ρο)
1203 1430 1218 1481 ς
1237 1405 1288 1468 καὶ
1308 1410 1373 1484 θερ-

153 1502 252 1590 μότης
272 1502 376 1591 α’ήθης
396 1504 545 1590 λαμβάνει.
567 1510 598 1571 Α
608 1514 620 1569 l
628 1533 671 1569 aa
685 1525 780 1570 autem
790 1513 869 1595 apud
878 1514 1024 1574 Platonem
1033 1531 1141 1593 prorsus
1151 1511 1252 1592 poesin
1264 1503 1373 1591 spirant.

155 1611 244 1671 Affert
262 1611 333 1672 adeo
353 1612 480 1672 Socrates
500 1607 721 1672 Homer-idanum
743 1631 877 1687 versum,
898 1634 953 1692 quo
973 1632 1048 1671 amor
1062 1611 1171 1670 dicitur
1194 1609 1230 1668 ab
1255 1609 1374 1668 homini-

155 1709 210 1770 bus
231 1702 320 1790 ἔρως,
341 1732 357 1769 a
384 1712 447 1770 Diis
470 1733 538 1772 vero
558 1711 654 1769 vocari
674 1703 810 1791 πτέρως,·
831 1706 881 1771 διδ
909 1703 1095 1793 πτεροφύιορ’
1116 1702 1305 1790 ἀνάγκην-3)
1325 1708 1374 1766 Nee

155 1807 443 1890 praetermittendum
462 1824 522 1885 est,
542 1807 588 1893 τῷ
608 1804 703 1895 ἱμέρῳ
725 1799 868 1890 maxime,
893 1815 913 1875 i.
945 1835 968 1873 e.
998 1814 1129 1890 cupidini
1153 1813 1214 1871 rim
1235 1808 1327 1868 tribui
1345 1803 1375 1863 ad

57 1921 60 1929 '
155 1908 267 1968 alarum
293 1909 541 1991 germinationem.
584 1913 759 1994 Cupidinem
787 1927 882 1972 autem
907 1918 1004 1994 poetae
1031 1911 1080 1970 alis
1102 1912 1323 1980 instruxerunt,
1351 1915 1376 1959 ut

156 2007 235 2088 apud
258 2011 465 2068 Anacreontem
493 2012 618 2070 occurrit
644 2015 740 2071 Amor.
763 2009 794 2091 lr)
820 2009 907 2070 Haud
934 2010 1083 2071 defuerunt
1113 2008 1189 2094 adeo
1203 2006 1374 2086 antiquitus,

154 2107 206 2185 qui
224 2105 348 2168 Socratis
371 2099 529 2193 ἑρωτικῂν,
550 2109 594 2169 uti
613 2109 692 2190 apud
712 2109 861 2168 Platonem
882 2123 990 2185 exstat,
1011 2129 1071 2167 eum
1079 2105 1213 2188 Sapphus
1223 2118 1251 2163 et
1262 2107 1375 2164 Anacre-

52 2206 56 2216 ’
156 2205 233 2263 ontis
251 2207 396 2267 amoribus
414 2221 620 2289 compararent.
642 2207 754 2268 Laudat
763 2228 860 2266 eorum
869 2208 1012 2266 Maximus
1021 2207 1123 2287 Tyrius
1133 2203 1294 2278 nonnulla,
1312 2217 1376 2280 quae

155 2301 306 2363 Socraticis
325 2326 357 2364 ac
376 2305 533 2366 Platonicis
551 2307 737 2366 conveniant.
779 2306 815 2365 In
838 2305 943 2385 quibus
967 2305 1082 2385 singulis
1101 2302 1288 2362 conferendis
1302 2297 1377 2379 judi-
1425 2337 1426 2348 .

155 2400 233 2458 cium
251 2400 355 2480 aliquis
372 2404 489 2462 fortasse
510 2403 654 2464 desideret
670 2405 811 2478 auctoris,
834 2425 886 2463 nec
905 2419 997 2463 tamen
1012 2403 1093 2477 haec,
1110 2416 1141 2461 ut
1156 2400 1288 2474 videtur,
1308 2418 1377 2457 com-

156 2512 306 2578 paraturus
323 2501 441 2577 fuisset,
463 2503 520 2586 nisi
541 2501 679 2562 nonnihil
697 2503 729 2561 in
745 2503 780 2561 iis
794 2504 949 2562 exstitisset
961 2501 1165 2561 similitudinis.
1186 2496 1217 2579 5)
1238 2500 1378 2558 Caeterum

155 2617 228 2675 quae
244 2596 453 2678 elegantissima
473 2613 540 2660 sunt
559 2601 591 2660 in
611 2599 665 2658 hac
682 2599 876 2681 descriptione
893 2601 971 2662 loca:
991 2593 1145 2678 δεξάμενος
1164 2591 1222 2679 γδρ
1243 2595 1300 2657 τοῦ
1316 2587 1378 2658 κᾶλ-

150 2683 224 2768 ’λοος
254 2689 310 2773 τήν
340 2691 488 2781 ἀπορροήν
518 2692 567 2761 δια
598 2697 659 2758 τοῖν
685 2691 843 2776 ὀμμάτων·
866 2737 906 2749 -
930 2694 997 2763 ὅταν
1016 2698 1077 2780 μὲν
1102 2694 1154 2761 οὖν
1179 2693 1329 2780 βλέπουσα
1351 2685 1379 2775 l

156 2790 258 2880 ψυχή)
288 2793 365 2881 πρδς
394 2794 432 2860 τι)
463 2800 518 2863 τοῦ
541 2795 649 2874 παιδδς
680 2794 798 2877 κᾶλλος,
829 2799 971 2887 δεχομένη
997 2798 1051 2870 adr
1076 2801 1181 2886 ἵμερον
1206 2839 1247 2848 -
1276 2798 1378 2889 θεῖιδι

157 2899 298 2962 ποθοῦσα
329 2893 405 2963 ὅπου
435 2897 471 2964 ἂν
501 2899 597 2986 οἴηται
628 2897 762 2982 ὄψεσθαι
791 2899 846 2967 τδν
878 2901 981 2989 ἔχοντα
1006 2903 1042 2970 τι)
1072 2901 1192 2980 κάλλος·
1220 2903 1327 2965 ἰδοῦσα
1351 2895 1379 2961 δὲ

126 3089 130 3098 ,
157 3000 207 3063 καὶ
236 3000 487 3088 ἒπθλὲΐὲνσαμὲνη
515 3003 681 3089 ἵμερον-
705 3004 737 3087 6)
770 3009 818 3069 vel
846 3010 950 3087 fallor,
981 3011 1027 3072 rel
1055 3010 1091 3071 ab
1121 3008 1281 3090 Euripidae
1308 3007 1378 3066 sonte

159 3104 326 3166 fluxerunt:

194 3354 219 3420 1)
237 3348 304 3431 περὶ
324 3342 378 3427 dur.
401 3378 423 3415 c·
443 3360 484 3412 to.

193 3447 220 3514 2)
236 3451 321 3504 Cum.
340 3453 382 3505 lV.
400 3452 425 3504 9.
444 3450 468 3501 9.
1298 3509 1301 3516 ⁴

193 3533 219 3600 3)
238 3554 263 3604 p.
288 3537 339 3590 252
358 3538 386 3592 C.
404 3538 443 3590 De
467 3539 514 3589 hac
537 3537 596 3589 lect.
614 3536 667 3589 vid.
684 3538 773 3590 Heind.
793 3547 819 3590 et
835 3539 887 3591 Act.
907 3539 930 3590 h.
948 3538 965 3590 l.
984 3537 1023 3590 Cf.
1042 3537 1135 3601 Grues,
1154 3535 1266 3602 Prosop.
1285 3551 1311 3602 p.
1330 3529 1380 3584 169.

193 3618 219 3686 tl
238 3622 295 3675 vid.
314 3624 403 3692 Eurip.
422 3623 518 3692 Hippoi.
544 3640 584 3675 vs.
603 3622 677 3675 tarr.
697 3633 724 3675 et
741 3625 835 3676 Heleno
851 3640 889 3676 vs.
907 3624 963 3676 stt.
984 3622 1026 3677 Cf.
1045 3622 1111 3674 Plut.
1131 3622 1212 3672 Amat.
1232 3620 1291 3672 763.
1317 3619 1344 3670 F.

194 3715 220 3781 5)
239 3717 315 3778 Quod
326 3727 439 3771 amantes
451 3725 526 3787 rogat
535 3717 663 3769 Vulcanus
675 3726 701 3768 et
714 3734 740 3784 p.
749 3716 783 3766 6⁷
793 3717 868 3770 nobis
879 3718 980 3770 allatum
988 3725 1041 3769 est:
1050 3705 1081 3770 τί
1100 3701 1168 3768 ἔσθ’
1189 3702 1210 3767 δ
1229 3700 1368 3786 βούλεσθε
1372 3745 1381 3773 ,

161 3800 188 3869 ὦ
208 3803 376 3893 ἅνθρωποι,
397 3805 467 3889 ὑμῖν
488 3803 557 3892 παρ’
571 3803 705 3890 ἀλλήλων
719 3804 871 3890 γενέσθαι,·
885 3843 917 3852 -
932 3804 1022 3894 ἆράγε
1043 3810 1130 3872 τοῦδε
1147 3807 1333 3888 ἒπιθομεῖτι;
1345 3839 1380 3850 —-

161 3911 278 3963 similiter
302 3914 413 3965 sonasse
439 3914 540 3965 ductum
566 3929 598 3964 ex
623 3913 740 3980 Sapphus
765 3915 813 3965 odo
827 3916 856 3965 ιἰι
877 3915 1034 3982 Venerem'p.
1052 3914 1078 3966 8.
1098 3914 1181 3979 Wolf,
1200 3913 1244 3964 ubi
1261 3914 1381 3965 Venerem

160 3995 195 4048 ad
213 4000 364 4051 sevenisse
383 3999 445 4051 dicit
462 4007 610 4068 rogantem:

518 4121 559 4130 —
581 4077 644 4144 ὅττι
669 4077 696 4164 y‘
719 4076 758 4166 ἦν
777 4077 814 4146 ro*
835 4078 971 4147 πέπονθα
993 4122 1032 4132 -

466 4181 492 4247 κ’
512 4179 576 4248 ὅττι
597 4184 664 4272 ἐμῷ
682 4181 798 4266 μάλιστ’
818 4182 917 4250 ἐθέλω
938 4182 1074 4269 γενέσθαι

467 4283 594 4374 μαινόλᾳ
614 4283 716 4375 θύμῳ.

162 4390 261 4444 Pariter
278 4400 349 4444 certe
366 4392 391 4442 in
410 4391 481 4444 hisco
499 4393 594 4444 amoris
613 4409 763 4460 expressum
781 4401 821 4446 est
838 4393 1002 4446 desidorium.

196 4475 222 4541 6)
240 4477 346 4530 Ρλαισν.
365 4475 423 4528 251.
441 4475 460 4527 B
482 4507 512 4519 -
530 4477 560 4528 E.
