2908 5114
626 269 689 328 383

47 457 87 498 σιν
98 427 183 518 ε’γγός
194 455 221 494 τι
242 422 314 490 εῖναι
336 429 397 489 ταῖν
416 429 471 490 τοῦ
492 422 634 509 σώματος
647 459 681 470 --
696 429 741 515 τρῖ
762 421 823 490 όντι
845 422 902 511 γάρ
918 425 971 492 οὐκ
985 429 1102 494 ἐνοῦσαι
1111 431 1276 522 πρότερον,

45 533 159 618 ὕστερον
180 533 368 613 ἐμποιεῖσθαι
390 525 479 593 ἔθεσί
488 553 519 592 τε
540 530 590 593 καί
610 525 765 614 οἷσκήσεσιν
780 525 852 614 -ή
874 529 910 592 δὲ
930 532 986 594 sod
1007 535 1155 617 φρονῆσαι
1169 534 1281 614 παντός

46 640 149 718 μᾶλλον
169 629 325 716 θειοτέρου
346 624 427 708 τινός
448 627 602 714 τυγχάνει,
626 627 670 707 αἶς
691 629 781 696 ἔοικεν
786 682 796 709 ,
813 627 902 708 οὖσα,
919 631 939 696 δ
950 626 1007 717 την
1021 634 1078 716 μὲν
1088 632 1216 718 δύναμιν
1226 636 1279 703 ov’-

48 739 143 805 δέποτε
160 733 332 811 α’πόλλυσιν,
348 725 407 800 ὑπό
430 733 465 796 δὲ
484 737 541 818 τῆς
559 738 749 820 περιαγωγῆς
769 731 922 819 χρήσιμόν
935 760 966 799 τε
986 737 1035 800 καί
1050 734 1214 821 ω’φέλιμον,
1231 745 1280 806 καλ

48 839 191 926 ἄχρηστον
204 833 244 902 ud
257 839 306 902 καὶ
316 833 465 922 βλαβερόν
472 836 609 920 γίγνεται·
627 834 648 921 ἢ
663 834 746 902 σε’ίπω
764 834 948 931 ἐννενόηκας,
963 840 1024 902 τῶν
1042 840 1207 924 λεγομένων
1222 845 1280 926 μὲν

48 948 149 1028 σοφῶν,
163 942 304 1024 πονηρῶν
317 939 367 1016 δὲ,
386 941 415 1022 1)
432 934 473 1015 ω’ς
484 935 577 1024 δριμδ
590 938 646 1020 μὲν
661 936 760 1022 βλέπει
787 935 825 1002 τό
838 931 1007 1022 ψυχάριον,
1024 942 1072 1003 καί
1086 939 1177 1022 όξίως
1193 926 1293 1036 διορηῖ

49 1050 132 1109 ταῦτα
147 1041 196 1127 ἐφ’
206 1042 226 1106 ἃ
236 1040 411 1128 τέτραπται,
428 1037 469 1118 ως
483 1038 519 1104 cd
535 1038 652 1125 φαύλην
662 1036 799 1125 ἔχοντην
816 1037 905 1119 ὅφιν,
922 1042 1008 1129 κακίᾳ
1022 1035 1051 1106 δ’
1061 1041 1281 1129 ἠναγκασμένον

49 1145 205 1232 ὑπηρετεῖν,
223 1141 299 1210 dors
314 1140 376 1232 ὅτῳ
396 1140 433 1208 dc
448 1139 587 1224 όξότερον
601 1141 710 1232 βλίπγγ,
731 1139 863 1229 τοσούτῳ
872 1143 961 1207 πλείω
977 1144 1051 1208 nond
1067 1146 1282 1234 ἕργαζόμενσν;

51 1264 174 1311 σιτίοισι
195 1261 275 1310 onim
295 1257 394 1308 animi
415 1270 490 1327 quoe
510 1251 660 1307 dicuntur
680 1257 827 1322 virtutos,
856 1252 970 1310 similes
991 1254 1201 1330 quodammodo
1222 1279 1283 1316 osse

52 1360 173 1429 corporis
191 1353 362 1409 virtutibus
383 1349 546 1406 videntur:
568 1371 640 1406 nom
670 1371 739 1406 cum
761 1371 819 1406 non
839 1355 939 1406 insint
958 1358 987 1408 ei
1005 1373 1109 1430 reapse
1123 1362 1283 1433 primum,

48 1461 139 1527 posteo
168 1449 386 1508 consuetudins
407 1456 437 1502 ci
465 1449 735 1504 coercitationiiu's
761 1448 997 1519 adsciscuntur;
1027 1453 1183 1532 cogitandi
1212 1475 1280 1512 τινα

53 1557 142 1606 virtus
167 1549 331 1606 divinioris
350 1545 536 1620 csqq'usdcm„
550 1555 586 1602 ut
609 1547 734 1602 uidetur
744 1589 753 1618 ,
784 1554 918 1604 noturus
937 1557 999 1622 est,
1020 1571 1096 1627 quae
1115 1559 1175 1608 oim
1192 1572 1282 1610 snam

55 1655 161 1706 omittit
187 1666 364 1736 nunquam,
392 1650 582 1702 conversione
611 1665 680 1705 τινα
711 1645 802 1702 utilis
832 1654 862 1701 et
890 1646 1041 1705 solutoris
1067 1670 1103 1706 oc
1124 1658 1215 1708 nocio
1226 1651 1285 1728 fit.

56 1744 218 1804 Nondumno
240 1743 508 1814 animadvertisti,
536 1741 686 1799 malorum
715 1743 888 1815 ¹hominum,
918 1744 969 1802 sed
996 1752 1050 1823 qui
1073 1748 1210 1806 sollertes
1228 1751 1287 1806 ίισ-
1341 1783 1346 1794 ·
1429 1781 1430 1792 ι

57 1847 165 1918 dentur,
177 1865 268 1922 qucm
287 1849 491 1898 contecernot
508 1841 664 1912 animula,
684 1861 831 1916 quamquo
852 1841 995 1899 celeriter
1015 1852 1130 1917 omnio,
1149 1848 1190 1904 cd
1209 1867 1287 1922 quas

59 1953 96 2000 ssi
113 1962 253 2001 conversa
263 1985 272 2014 ‚
288 1944 459 2017 perspiciat
470 1981 478 2010 ,
500 1944 608 2014 quippo
627 1944 725 1995 visum
753 1959 811 1995 non
830 1939 946 1995 πισίαπι
965 1939 1094 2014 habens,
1115 1941 1166 1999 scd
1177 1950 1289 2020 pruci-

59 2048 111 2097 toii
128 2048 242 2099 servire
263 2048 384 2110 coacto,
414 2045 451 2092 ut
478 2056 533 2111 quo
564 2041 687 2093 acutius
713 2043 833 2109 cernit,
858 2058 889 2093 eo
910 2037 985 2112 plus
1003 2040 1078 2095 moli
1096 2040 1287 2116 perficiat?’'

59 2137 162 2198 Sursum
177 2141 267 2219 igitur
281 2155 362 2194 mens
382 2132 509 2191 hominis
528 2153 543 2188 a
564 2146 664 2191 tenera
682 2132 754 2192 inde
769 2146 860 2192 aetate
878 2133 1015 2212 erigenda
1028 2137 1287 2216 ,convertendique

60 2236 91 2295 od
108 2241 255 2298 veritatem
273 2248 324 2294 est.
351 2229 474 2290 «Τοῦτο
495 2223 597 2307 μέντοι
618 2224 656 2290 τό
677 2228 732 2310 τῆς
752 2223 891 2309 τοιαύτης
920 2223 1053 2310 φόσεως,
1075 2231 1102 2292 εἰ
1124 2230 1156 2293 ἐκ
1178 2232 1289 2308 παιδός

61 2327 134 2407 εόθδς
152 2327 345 2411 κοπτόμενον,
367 2324 522 2412 περιεκόπη
545 2325 584 2390 τοὶ
605 2329 660 2411 τῆς
681 2326 819 2410 γενέσεως
830 2329 967 2411 ξυγγενῆ,
980 2325 1075 2416 ὥςπερ
1089 2333 1286 2415 μολυβδίδας,

62 2431 141 2518 δίδη
163 2435 294 2508 ἐδωδαῖς
315 2455 346 2494 τε
367 2431 417 2493 καὶ
437 2431 499 2493 τῶν
525 2426 667 2492 τοιούτων
693 2427 817 2520 η’δοναῖς
843 2454 874 2493 τε
896 2431 945 2493 καί
967 2433 1104 2514 λιχνείαις
1124 2441 1291 2524 προσφυεῖς

64 2532 216 2616 γιγνόμεναι
239 2535 307 2612 περί
326 2529 457 2596 τδκότω
481 2528 642 2615 στρέφουσι
664 2528 720 2615 την
740 2535 795 2614 τῆς
813 2533 920 2615 ψυχῆς
942 2529 1027 2612 ὄψιν·
1053 2529 1095 2597 ὦν
1117 2535 1290 2598 εἷειίπαλλα-

64 2635 107 2716 γὲν
130 2634 354 2720 περιεστρέφετο
380 2635 420 2709 είς
441 2630 582 2717 τάληθῆ,
604 2634 653 2696 καί
675 2633 769 2696 ε’κεῖνα
791 2629 828 2695 δν
851 2629 888 2695 τό
911 2629 987 2696 aiod
1008 2637 1095 2698 τοῦτο
1111 2638 1175 2699 τῶν
1190 2634 1291 2701 αὐτοῖν

65 2735 216 2822 ἀνθρώπων
240 2733 372 2810 όξότατα
393 2732 488 2819 idon,
512 2733 611 2819 ὥσπερ
633 2735 682 2798 καὶ
704 2731 753 2817 ἐφ’
775 2732 795 2797 ιλ
816 2737 867 2798 νῦν
888 2731 1061 2818 τέτραπται·
1084 2743 1303 2816 hujuscemodi·

67 2855 186 2919 notura,
206 2845 312 2903 sollers
330 2842 449 2927 quidem
465 2841 522 2897 illo
532 2885 540 2913 ,
560 2841 610 2898 sed
628 2841 668 2898 od
681 2860 780 2918 proco
799 2860 940 2898 conversa
950 2884 958 2913 ,
978 2848 1006 2899 si
1025 2862 1044 2897 c
1068 2851 1175 2898 tenero
1191 2849 1289 2898 conti-

68 2963 117 2998 nuo
133 2954 227 3001 aetate
250 2949 292 2999 sic
305 2943 425 3016 fuisset
441 2940 525 2995 culto
535 2984 544 3012 ,
564 2949 600 2995 ut
619 2947 794 3015 consputatus
815 2946 848 2995 in
859 2958 893 2994 ea
914 2949 1012 3012 essent
1031 2949 1163 2998 naturae
1183 2939 1292 3019 affines

67 3043 255 3116 cupiditates,
276 3059 351 3116 quae
370 3040 598 3096 comestionibus
617 3038 826 3113 similibusque
846 3038 1051 3112 voluptatibus
1068 3043 1129 3115 ipsi
1147 3038 1292 3095 adhaese-

69 3148 134 3194 runt
149 3149 178 3196 et
196 3149 345 3214 tanquam
360 3137 500 3213 plumbeo
518 3135 799 3213 pondero‘deorsum
811 3157 876 3193 com
886 3145 1048 3212 promunt,
1063 3143 1293 3213 ejusquecciom

71 3237 102 3293 od
118 3239 265 3310 inseriorc
285 3243 429 3292 vertunt:
447 3233 495 3291 lois
512 3240 615 3314 igitur
635 3235 765 3291 liberato
784 3241 811 3292 si
831 3235 871 3292 cd
889 3255 961 3291 vcro
981 3236 1293 3309 converteretur,illu

72 3355 168 3392 rursus
187 3336 290 3392 eudem
316 3339 490 3390 acutissimo
516 3339 717 3409 perspiceret,
747 3339 843 3391 sicuti
873 3354 954 3391 nunc
977 3341 1145 3412 perspicit,
1162 3335 1202 3392 od
1220 3355 1297 3412 quoe

73 3453 141 3490 nunc
158 3444 200 3491 est
214 3451 367 3490 convorso.
406 3425 458 3488 ¹Sic
479 3443 573 3488 autem
594 3428 701 3489 eruditi
721 3431 850 3492 civitatis
877 3445 991 3490 nostrae
1012 3432 1234 3512 gubernatores,
1252 3433 1294 3491 sic

74 3529 104 3588 od
115 3531 256 3590 veritatem
266 3574 275 3604 ,
287 3527 324 3587 ad
343 3529 437 3608 ipsum
448 3531 553 3587 bonum
564 3529 697 3587 conversi
708 3574 716 3603 ,
735 3528 982 3589 administrabunt
997 3551 1057 3589 eom
1079 3544 1175 3590 rectos
1187 3531 1297 3604 Quam-

75 3627 159 3688 obrem
175 3622 319 3710 ημίτερον
341 3620 381 3706 δη
403 3619 563 3708 ἕργσνταῖν
573 3624 721 3700 οἰκιστῶν,
737 3620 791 3699 τάς
807 3649 837 3686 τε
853 3624 1006 3705 βελτίστας
1021 3622 1123 3710 φύσεις
1137 3620 1299 3709 οἷναγκόσα,

76 3718 223 3806 donicens
244 3718 323 3811 πρός
334 3722 370 3790 τό
375 3723 513 3811 μάθημα
531 3724 648 3814 δὲντρῖ
666 3722 804 3811 πρόσθεν
827 3722 941 3810 ἔφαμεν
962 3724 1033 3790 είναι
1051 3724 1203 3810 μέγιστον,
1226 3728 1301 3792 ἰδεῖν

77 3850 101 3888 τε
113 3825 146 3890 τό
165 3825 295 3912 α’γαθόν,
312 3829 361 3891 καί
381 3826 533 3913 ἀναβῆναι
547 3829 658 3912 ἐκείνην
676 3826 733 3913 την
755 3825 910 3911 οίνιίβασιν·
944 3843 1083 3892 nostrum
1102 3842 1226 3915 igitur,
1246 3840 1301 3912 qui

78 3934 250 3998 condidimus
261 3941 417 3993 civitatem
427 3981 435 4010 ,
453 3935 586 4014 officium
605 3942 681 4009 erit,
701 3946 737 3993 ut
754 3944 881 4014 optimos
900 3954 1032 4012 quosque
1050 3943 1302 4010 noturasstper-

79 4040 169 4090 venire
187 4055 326 4114 cogamus
345 4034 385 4090 od
404 4053 487 4107 eam,
507 4055 597 4111 quom
618 4055 678 4092 esse
697 4043 864 4093 monimum
883 4035 1035 4107 dicimus,
1060 4033 1256 4110 disciplinam
1273 4039 1303 4088 et

81 4127 173 4189 honum
192 4153 316 4210 cernere
336 4133 437 4190 stillo
454 4135 537 4191 modo
555 4133 595 4190 cd
615 4139 773 4209 superiora
793 4133 976 4192 oscendcrs.'’
998 4130 1031 4211 2)

111 4301 137 4366 1)
151 4305 191 4356 Sic
203 4305 340 4376 legendum
357 4323 417 4358 esse
435 4306 497 4358 mihi
513 4309 644 4374 persuasis
664 4307 770 4373 juvenis
790 4311 918 4376 optimus,
936 4325 1037 4361 mecum
1053 4309 1118 4361 haec
1132 4306 1248 4360 Platonis
1263 4305 1299 4356 le·

85 4402 154 4453 gens,
170 4390 199 4440 P.
212 4393 237 4444 J.
254 4393 396 4444 Schelsnno.
417 4392 500 4444 Ficini
516 4394 640 4445 versione
654 4392 789 4446 emendate
803 4393 881 4446 lectio
902 4387 1075 4447 confirmatur.

113 4471 140 4535 2)
158 4475 192 4524 De
209 4478 272 4545 Rip.
290 4478 343 4530 VH.
365 4477 414 4529 518
431 4475 549 4530 c.-5¹9
561 4478 593 4530 D.
