<?xml version="1.0" encoding="UTF-8"?>
<!DOCTYPE html PUBLIC "-//W3C//DTD XHTML 1.0 Transitional//EN"
    "http://www.w3.org/TR/xhtml1/DTD/xhtml1-transitional.dtd">
<html xmlns="http://www.w3.org/1999/xhtml" xml:lang="en" lang="en">
 <head>
  <title>
</title>
<meta http-equiv="Content-Type" content="text/html;charset=utf-8" />
  <meta name='ocr-system' content='tesseract 3.04.00' />
  <meta name='ocr-capabilities' content='ocr_page ocr_carea ocr_par ocr_line ocrx_word'/>
</head>
<body>
  <div class='ocr_page' id='page_1' title='image "./initiaphilosoph02heusgoog_0326.png"; bbox 0 0 2838 5120; ppageno 0'>
   <div class='ocr_carea' id='block_1_1' title="bbox 616 240 714 304">
    <p class='ocr_par' dir='ltr' id='par_1_1' title="bbox 616 240 714 304">
     <span class='ocr_line' id='line_1_1' title="bbox 616 240 714 304; baseline 0 0"><span class='ocrx_word' id='word_1_1' title='bbox 616 259 623 273; x_wconf 91' lang='lat'><strong>·</strong></span> <span class='ocrx_word' id='word_1_2' title='bbox 654 240 714 304; x_wconf 75' lang='grc'><strong>305</strong></span> 
     </span>
    </p>
   </div>
   <div class='ocr_carea' id='block_1_2' title="bbox 64 374 1294 496">
    <p class='ocr_par' dir='ltr' id='par_1_2' title="bbox 64 374 1294 496">
     <span class='ocr_line' id='line_1_2' title="bbox 64 374 1294 496; baseline 0.002 -36"><span class='ocrx_word' id='word_1_3' title='bbox 64 417 147 462; x_wconf 88' lang='lat' dir='ltr'><strong>mus:</strong></span> <span class='ocrx_word' id='word_1_4' title='bbox 168 399 379 484; x_wconf 75' lang='lat' dir='ltr'><strong>distinguamus</strong></span> <span class='ocrx_word' id='word_1_5' title='bbox 407 403 549 463; x_wconf 76' lang='lat' dir='ltr'><strong>mutinae</strong></span> <span class='ocrx_word' id='word_1_6' title='bbox 568 399 606 460; x_wconf 90' lang='lat' dir='ltr'><strong>ab</strong></span> <span class='ocrx_word' id='word_1_7' title='bbox 627 404 839 482; x_wconf 81' lang='lat' dir='ltr'><strong>Agamemnone</strong></span> <span class='ocrx_word' id='word_1_8' title='bbox 863 400 1026 476; x_wconf 77' lang='lat' dir='ltr'><strong>Achillem,</strong></span> <span class='ocrx_word' id='word_1_9' title='bbox 1047 399 1085 461; x_wconf 88' lang='lat' dir='ltr'><strong>ab</strong></span> <span class='ocrx_word' id='word_1_10' title='bbox 1102 413 1222 496; x_wconf 81' lang='lat' dir='ltr'><strong>nanque</strong></span> <span class='ocrx_word' id='word_1_11' title='bbox 1242 374 1294 462; x_wconf 36' lang='lat' dir='ltr'><strong>Ne..</strong></span> 
     </span>
    </p>
   </div>
   <div class='ocr_carea' id='block_1_3' title="bbox 32 498 1335 3496">
    <p class='ocr_par' dir='ltr' id='par_1_3' title="bbox 63 498 1335 1749">
     <span class='ocr_line' id='line_1_3' title="bbox 65 498 1297 580; baseline 0 -22"><span class='ocrx_word' id='word_1_12' title='bbox 65 514 187 574; x_wconf 87' lang='lat' dir='ltr'><strong>starem,</strong></span> <span class='ocrx_word' id='word_1_13' title='bbox 206 501 244 576; x_wconf 83' lang='lat' dir='ltr'><strong>ab</strong></span> <span class='ocrx_word' id='word_1_14' title='bbox 273 501 319 561; x_wconf 91' lang='lat' dir='ltr'><strong>his</strong></span> <span class='ocrx_word' id='word_1_15' title='bbox 337 500 446 560; x_wconf 89' lang='lat' dir='ltr'><strong>deinde</strong></span> <span class='ocrx_word' id='word_1_16' title='bbox 464 498 653 575; x_wconf 83' lang='lat' dir='ltr'><strong>Diomedem,</strong></span> <span class='ocrx_word' id='word_1_17' title='bbox 673 499 828 580; x_wconf 76' lang='lat' dir='ltr'><strong>Ulyssem,</strong></span> <span class='ocrx_word' id='word_1_18' title='bbox 848 500 976 579; x_wconf 87' lang='lat' dir='ltr'><strong>aliosque</strong></span> <span class='ocrx_word' id='word_1_19' title='bbox 999 498 1176 560; x_wconf 81' lang='lat' dir='ltr'><strong>Graecorum</strong></span> <span class='ocrx_word' id='word_1_20' title='bbox 1191 501 1297 562; x_wconf 88' lang='lat' dir='ltr'><strong>duces:</strong></span> 
     </span>
     <span class='ocr_line' id='line_1_4' title="bbox 64 596 1297 679; baseline 0.001 -23"><span class='ocrx_word' id='word_1_21' title='bbox 64 611 126 656; x_wconf 88' lang='lat' dir='ltr'><strong>tum</strong></span> <span class='ocrx_word' id='word_1_22' title='bbox 144 618 161 654; x_wconf 90' lang='lat' dir='ltr'><strong>a</strong></span> <span class='ocrx_word' id='word_1_23' title='bbox 179 596 300 658; x_wconf 88' lang='lat' dir='ltr'><strong>Graecis</strong></span> <span class='ocrx_word' id='word_1_24' title='bbox 324 599 460 658; x_wconf 89' lang='lat' dir='ltr'><strong>omnibus</strong></span> <span class='ocrx_word' id='word_1_25' title='bbox 483 596 637 671; x_wconf 90' lang='lat' dir='ltr'><strong>Paridem,</strong></span> <span class='ocrx_word' id='word_1_26' title='bbox 656 598 829 672; x_wconf 82' lang='lat' dir='ltr'><strong>Hectorem,</strong></span> <span class='ocrx_word' id='word_1_27' title='bbox 850 598 1004 658; x_wconf 86' lang='lat' dir='ltr'><strong>Priamum.</strong></span> <span class='ocrx_word' id='word_1_28' title='bbox 1045 597 1094 656; x_wconf 85' lang='lat' dir='ltr'><strong>Fit</strong></span> <span class='ocrx_word' id='word_1_29' title='bbox 1113 600 1172 672; x_wconf 91' lang='lat' dir='ltr'><strong>ita,</strong></span> <span class='ocrx_word' id='word_1_30' title='bbox 1193 613 1226 658; x_wconf 94' lang='lat' dir='ltr'><strong>ut</strong></span> <span class='ocrx_word' id='word_1_31' title='bbox 1241 599 1297 679; x_wconf 91' lang='lat' dir='ltr'><strong>ipsi</strong></span> 
     </span>
     <span class='ocr_line' id='line_1_5' title="bbox 63 692 1297 774; baseline 0.002 -22"><span class='ocrx_word' id='word_1_32' title='bbox 63 695 212 774; x_wconf 88' lang='lat' dir='ltr'><strong>singulos,</strong></span> <span class='ocrx_word' id='word_1_33' title='bbox 241 709 317 756; x_wconf 89' lang='lat' dir='ltr'><strong>recte</strong></span> <span class='ocrx_word' id='word_1_34' title='bbox 346 718 362 755; x_wconf 89' lang='lat' dir='ltr'><strong>a</strong></span> <span class='ocrx_word' id='word_1_35' title='bbox 390 717 420 754; x_wconf 91' lang='lat' dir='ltr'><strong>se</strong></span> <span class='ocrx_word' id='word_1_36' title='bbox 449 696 576 755; x_wconf 83' lang='lat' dir='ltr'><strong>invicem</strong></span> <span class='ocrx_word' id='word_1_37' title='bbox 603 693 763 767; x_wconf 84' lang='lat' dir='ltr'><strong>discretos,</strong></span> <span class='ocrx_word' id='word_1_38' title='bbox 783 692 991 772; x_wconf 86' lang='lat' dir='ltr'><strong>dijudicemus:</strong></span> <span class='ocrx_word' id='word_1_39' title='bbox 1012 696 1085 755; x_wconf 88' lang='lat' dir='ltr'><strong>alios</strong></span> <span class='ocrx_word' id='word_1_40' title='bbox 1102 695 1297 771; x_wconf 83' lang='lat' dir='ltr'><strong>admiremur,</strong></span> 
     </span>
     <span class='ocr_line' id='line_1_6' title="bbox 66 791 1298 871; baseline 0.001 -19"><span class='ocrx_word' id='word_1_41' title='bbox 66 794 262 870; x_wconf 83' lang='lat' dir='ltr'><strong>vituperemus</strong></span> <span class='ocrx_word' id='word_1_42' title='bbox 282 794 368 853; x_wconf 91' lang='lat' dir='ltr'><strong>alios:</strong></span> <span class='ocrx_word' id='word_1_43' title='bbox 391 793 453 852; x_wconf 91' lang='lat' dir='ltr'><strong>illis</strong></span> <span class='ocrx_word' id='word_1_44' title='bbox 472 793 620 852; x_wconf 74' lang='lat' dir='ltr'><strong>faveamus</strong></span> <span class='ocrx_word' id='word_1_45' title='bbox 640 794 673 851; x_wconf 93' lang='lat' dir='ltr'><strong>in</strong></span> <span class='ocrx_word' id='word_1_46' title='bbox 694 791 780 850; x_wconf 90' lang='lat' dir='ltr'><strong>rebus</strong></span> <span class='ocrx_word' id='word_1_47' title='bbox 800 792 942 871; x_wconf 87' lang='lat' dir='ltr'><strong>agundis,</strong></span> <span class='ocrx_word' id='word_1_48' title='bbox 963 792 1010 852; x_wconf 91' lang='lat' dir='ltr'><strong>his</strong></span> <span class='ocrx_word' id='word_1_49' title='bbox 1029 794 1202 852; x_wconf 88' lang='lat' dir='ltr'><strong>irascamur:</strong></span> <span class='ocrx_word' id='word_1_50' title='bbox 1224 793 1298 853; x_wconf 89' lang='lat' dir='ltr'><strong>duos</strong></span> 
     </span>
     <span class='ocr_line' id='line_1_7' title="bbox 64 889 1300 971; baseline 0.004 -25"><span class='ocrx_word' id='word_1_51' title='bbox 64 911 82 946; x_wconf 87' lang='lat' dir='ltr'><strong>a</strong></span> <span class='ocrx_word' id='word_1_52' title='bbox 102 893 225 950; x_wconf 88' lang='lat' dir='ltr'><strong>caeteris</strong></span> <span class='ocrx_word' id='word_1_53' title='bbox 244 891 380 951; x_wconf 88' lang='lat' dir='ltr'><strong>omnibus</strong></span> <span class='ocrx_word' id='word_1_54' title='bbox 399 890 632 971; x_wconf 86' lang='lat' dir='ltr'><strong>distinguamus,</strong></span> <span class='ocrx_word' id='word_1_55' title='bbox 652 889 801 970; x_wconf 88' lang='lat' dir='ltr'><strong>principes</strong></span> <span class='ocrx_word' id='word_1_56' title='bbox 815 890 953 964; x_wconf 77' lang='lat' dir='ltr'><strong>carminis</strong></span> <span class='ocrx_word' id='word_1_57' title='bbox 971 891 1073 950; x_wconf 87' lang='lat' dir='ltr'><strong>heroas</strong></span> <span class='ocrx_word' id='word_1_58' title='bbox 1082 935 1092 964; x_wconf 95' lang='lat'><strong>,</strong></span> <span class='ocrx_word' id='word_1_59' title='bbox 1111 890 1256 950; x_wconf 81' lang='lat' dir='ltr'><strong>Achillem</strong></span> <span class='ocrx_word' id='word_1_60' title='bbox 1270 906 1300 951; x_wconf 89' lang='lat' dir='ltr'><strong>et</strong></span> 
     </span>
     <span class='ocr_line' id='line_1_8' title="bbox 65 985 1299 1066; baseline 0.003 -22"><span class='ocrx_word' id='word_1_61' title='bbox 65 987 228 1047; x_wconf 87' lang='lat' dir='ltr'><strong>Hectorem.</strong></span> <span class='ocrx_word' id='word_1_62' title='bbox 259 986 325 1063; x_wconf 88' lang='lat' dir='ltr'><strong>Fit,</strong></span> <span class='ocrx_word' id='word_1_63' title='bbox 347 1002 379 1048; x_wconf 91' lang='lat' dir='ltr'><strong>ut</strong></span> <span class='ocrx_word' id='word_1_64' title='bbox 389 1033 398 1062; x_wconf 90' lang='lat'><strong>,</strong></span> <span class='ocrx_word' id='word_1_65' title='bbox 418 987 493 1046; x_wconf 91' lang='lat' dir='ltr'><strong>lecto</strong></span> <span class='ocrx_word' id='word_1_66' title='bbox 510 988 658 1060; x_wconf 88' lang='lat' dir='ltr'><strong>carmine,</strong></span> <span class='ocrx_word' id='word_1_67' title='bbox 678 988 719 1046; x_wconf 89' lang='lat' dir='ltr'><strong>sic</strong></span> <span class='ocrx_word' id='word_1_68' title='bbox 739 1001 768 1044; x_wconf 89' lang='lat' dir='ltr'><strong>ct</strong></span> <span class='ocrx_word' id='word_1_69' title='bbox 786 987 843 1066; x_wconf 90' lang='lat' dir='ltr'><strong>ipsi</strong></span> <span class='ocrx_word' id='word_1_70' title='bbox 858 985 1024 1064; x_wconf 89' lang='lat' dir='ltr'><strong>judicemus</strong></span> <span class='ocrx_word' id='word_1_71' title='bbox 1042 985 1079 1046; x_wconf 89' lang='lat' dir='ltr'><strong>de</strong></span> <span class='ocrx_word' id='word_1_72' title='bbox 1098 988 1146 1047; x_wconf 92' lang='lat' dir='ltr'><strong>his</strong></span> <span class='ocrx_word' id='word_1_73' title='bbox 1163 988 1299 1048; x_wconf 90' lang='lat' dir='ltr'><strong>omnihus</strong></span> 
     </span>
     <span class='ocr_line' id='line_1_9' title="bbox 64 1082 1300 1164; baseline 0.002 -22"><span class='ocrx_word' id='word_1_74' title='bbox 64 1097 94 1142; x_wconf 88' lang='lat' dir='ltr'><strong>et</strong></span> <span class='ocrx_word' id='word_1_75' title='bbox 112 1104 181 1142; x_wconf 89' lang='lat' dir='ltr'><strong>eum</strong></span> <span class='ocrx_word' id='word_1_76' title='bbox 199 1084 286 1159; x_wconf 89' lang='lat' dir='ltr'><strong>aliis,</strong></span> <span class='ocrx_word' id='word_1_77' title='bbox 306 1087 358 1164; x_wconf 93' lang='lat' dir='ltr'><strong>qui</strong></span> <span class='ocrx_word' id='word_1_78' title='bbox 376 1085 523 1164; x_wconf 88' lang='lat' dir='ltr'><strong>legerent,</strong></span> <span class='ocrx_word' id='word_1_79' title='bbox 544 1083 581 1143; x_wconf 89' lang='lat' dir='ltr'><strong>de</strong></span> <span class='ocrx_word' id='word_1_80' title='bbox 598 1083 702 1143; x_wconf 89' lang='lat' dir='ltr'><strong>iisdem</strong></span> <span class='ocrx_word' id='word_1_81' title='bbox 719 1082 914 1162; x_wconf 89' lang='lat' dir='ltr'><strong>disputemus,</strong></span> <span class='ocrx_word' id='word_1_82' title='bbox 935 1085 993 1142; x_wconf 88' lang='lat' dir='ltr'><strong>acsi</strong></span> <span class='ocrx_word' id='word_1_83' title='bbox 1012 1104 1073 1143; x_wconf 91' lang='lat' dir='ltr'><strong>uon</strong></span> <span class='ocrx_word' id='word_1_84' title='bbox 1085 1105 1201 1144; x_wconf 86' lang='lat' dir='ltr'><strong>carmen</strong></span> <span class='ocrx_word' id='word_1_85' title='bbox 1216 1085 1300 1164; x_wconf 88' lang='lat' dir='ltr'><strong>legis·</strong></span> 
     </span>
     <span class='ocr_line' id='line_1_10' title="bbox 64 1163 1300 1262; baseline 0.002 -22"><span class='ocrx_word' id='word_1_86' title='bbox 64 1203 180 1256; x_wconf 89' lang='lat' dir='ltr'><strong>semus,</strong></span> <span class='ocrx_word' id='word_1_87' title='bbox 208 1179 260 1240; x_wconf 91' lang='lat' dir='ltr'><strong>sed</strong></span> <span class='ocrx_word' id='word_1_88' title='bbox 285 1183 341 1262; x_wconf 87' lang='lat' dir='ltr'><strong>ipsi</strong></span> <span class='ocrx_word' id='word_1_89' title='bbox 371 1181 579 1241; x_wconf 82' lang='lat' dir='ltr'><strong>certaminibus</strong></span> <span class='ocrx_word' id='word_1_90' title='bbox 601 1180 663 1240; x_wconf 91' lang='lat' dir='ltr'><strong>illis</strong></span> <span class='ocrx_word' id='word_1_91' title='bbox 681 1182 794 1238; x_wconf 87' lang='lat' dir='ltr'><strong>eunctis</strong></span> <span class='ocrx_word' id='word_1_92' title='bbox 812 1193 841 1239; x_wconf 93' lang='lat' dir='ltr'><strong>et</strong></span> <span class='ocrx_word' id='word_1_93' title='bbox 860 1163 1040 1240; x_wconf 79' lang='lat' dir='ltr'><strong>sermonibus</strong></span> <span class='ocrx_word' id='word_1_94' title='bbox 1059 1182 1300 1243; x_wconf 83' lang='lat' dir='ltr'><strong>interfuissemus.</strong></span> 
     </span>
     <span class='ocr_line' id='line_1_11' title="bbox 64 1276 1298 1360; baseline 0.002 -24"><span class='ocrx_word' id='word_1_95' title='bbox 64 1279 260 1351; x_wconf 86' lang='lat' dir='ltr'><strong>Quamobrem</strong></span> <span class='ocrx_word' id='word_1_96' title='bbox 288 1301 349 1352; x_wconf 86' lang='lat' dir='ltr'><strong>non</strong></span> <span class='ocrx_word' id='word_1_97' title='bbox 378 1279 476 1360; x_wconf 87' lang='lat' dir='ltr'><strong>inepte</strong></span> <span class='ocrx_word' id='word_1_98' title='bbox 504 1278 587 1338; x_wconf 87' lang='lat' dir='ltr'><strong>Plato</strong></span> <span class='ocrx_word' id='word_1_99' title='bbox 614 1279 756 1335; x_wconf 83' lang='lat' dir='ltr'><strong>dramate</strong></span> <span class='ocrx_word' id='word_1_100' title='bbox 783 1290 867 1336; x_wconf 87' lang='lat' dir='ltr'><strong>vocat</strong></span> <span class='ocrx_word' id='word_1_101' title='bbox 884 1277 1008 1336; x_wconf 83' lang='lat' dir='ltr'><strong>iliadem</strong></span> <span class='ocrx_word' id='word_1_102' title='bbox 1028 1290 1057 1336; x_wconf 90' lang='lat' dir='ltr'><strong>et</strong></span> <span class='ocrx_word' id='word_1_103' title='bbox 1074 1276 1244 1358; x_wconf 85' lang='lat' dir='ltr'><strong>Odysseam.</strong></span> <span class='ocrx_word' id='word_1_104' title='bbox 1269 1278 1298 1359; x_wconf 86' lang='grc'><strong>1)</strong></span> 
     </span>
     <span class='ocr_line' id='line_1_12' title="bbox 64 1373 1335 1456; baseline 0.001 -20"><span class='ocrx_word' id='word_1_105' title='bbox 64 1378 166 1454; x_wconf 85' lang='lat' dir='ltr'><strong>Neque</strong></span> <span class='ocrx_word' id='word_1_106' title='bbox 181 1378 260 1436; x_wconf 89' lang='lat' dir='ltr'><strong>enim</strong></span> <span class='ocrx_word' id='word_1_107' title='bbox 278 1389 375 1435; x_wconf 79' lang='lat' dir='ltr'><strong>namat</strong></span> <span class='ocrx_word' id='word_1_108' title='bbox 383 1388 498 1434; x_wconf 91' lang='lat' dir='ltr'><strong>tantum</strong></span> <span class='ocrx_word' id='word_1_109' title='bbox 511 1375 548 1434; x_wconf 92' lang='lat' dir='ltr'><strong>de</strong></span> <span class='ocrx_word' id='word_1_110' title='bbox 563 1373 701 1433; x_wconf 87' lang='lat' dir='ltr'><strong>heroibus</strong></span> <span class='ocrx_word' id='word_1_111' title='bbox 709 1374 1011 1455; x_wconf 70' lang='lat' dir='ltr'><strong>Homerus3sedipses</strong></span> <span class='ocrx_word' id='word_1_112' title='bbox 1020 1375 1303 1456; x_wconf 87' lang='lat' dir='ltr'><strong>uobis,tragicorem</strong></span> <span class='ocrx_word' id='word_1_113' title='bbox 1331 1399 1335 1406; x_wconf 79' lang='grc'><em>“</em></span> 
     </span>
     <span class='ocr_line' id='line_1_13' title="bbox 65 1471 1301 1553; baseline 0 -21"><span class='ocrx_word' id='word_1_114' title='bbox 65 1475 174 1546; x_wconf 89' lang='lat' dir='ltr'><strong>instar,</strong></span> <span class='ocrx_word' id='word_1_115' title='bbox 191 1486 306 1553; x_wconf 84' lang='lat' dir='ltr'><strong>agentes</strong></span> <span class='ocrx_word' id='word_1_116' title='bbox 326 1473 533 1551; x_wconf 87' lang='lat' dir='ltr'><strong>loquentesque</strong></span> <span class='ocrx_word' id='word_1_117' title='bbox 552 1471 704 1552; x_wconf 88' lang='lat' dir='ltr'><strong>proponit,</strong></span> <span class='ocrx_word' id='word_1_118' title='bbox 725 1485 754 1529; x_wconf 89' lang='lat' dir='ltr'><strong>et</strong></span> <span class='ocrx_word' id='word_1_119' title='bbox 773 1491 841 1532; x_wconf 86' lang='lat' dir='ltr'><strong>vero</strong></span> <span class='ocrx_word' id='word_1_120' title='bbox 856 1473 897 1532; x_wconf 94' lang='lat' dir='ltr'><strong>sic</strong></span> <span class='ocrx_word' id='word_1_121' title='bbox 911 1485 1024 1544; x_wconf 85' lang='lat' dir='ltr'><strong>narrat,</strong></span> <span class='ocrx_word' id='word_1_122' title='bbox 1042 1485 1073 1530; x_wconf 91' lang='lat' dir='ltr'><strong>ut</strong></span> <span class='ocrx_word' id='word_1_123' title='bbox 1088 1492 1161 1550; x_wconf 89' lang='lat' dir='ltr'><strong>quae</strong></span> <span class='ocrx_word' id='word_1_124' title='bbox 1176 1474 1301 1553; x_wconf 89' lang='lat' dir='ltr'><strong>primum</strong></span> 
     </span>
     <span class='ocr_line' id='line_1_14' title="bbox 66 1559 1302 1651; baseline 0.001 -22"><span class='ocrx_word' id='word_1_125' title='bbox 66 1571 154 1630; x_wconf 91' lang='lat' dir='ltr'><strong>nobis</strong></span> <span class='ocrx_word' id='word_1_126' title='bbox 174 1572 291 1630; x_wconf 87' lang='lat' dir='ltr'><strong>confusa</strong></span> <span class='ocrx_word' id='word_1_127' title='bbox 314 1582 521 1650; x_wconf 85' lang='lat' dir='ltr'><strong>apparuerant,</strong></span> <span class='ocrx_word' id='word_1_128' title='bbox 542 1567 613 1627; x_wconf 89' lang='lat' dir='ltr'><strong>haec</strong></span> <span class='ocrx_word' id='word_1_129' title='bbox 635 1588 687 1626; x_wconf 89' lang='lat' dir='ltr'><strong>nos</strong></span> <span class='ocrx_word' id='word_1_130' title='bbox 705 1559 913 1646; x_wconf 81' lang='lat' dir='ltr'><strong>distinguendo</strong></span> <span class='ocrx_word' id='word_1_131' title='bbox 932 1565 1185 1648; x_wconf 87' lang='lat' dir='ltr'><strong>attendendoque,</strong></span> <span class='ocrx_word' id='word_1_132' title='bbox 1205 1573 1302 1651; x_wconf 90' lang='lat' dir='ltr'><strong>prouti</strong></span> 
     </span>
     <span class='ocr_line' id='line_1_15' title="bbox 67 1655 1262 1749; baseline 0.003 -24"><span class='ocrx_word' id='word_1_133' title='bbox 67 1668 99 1726; x_wconf 92' lang='lat' dir='ltr'><strong>in</strong></span> <span class='ocrx_word' id='word_1_134' title='bbox 119 1667 294 1748; x_wconf 85' lang='lat' dir='ltr'><strong>spectaculis</strong></span> <span class='ocrx_word' id='word_1_135' title='bbox 312 1667 477 1749; x_wconf 81' lang='lat' dir='ltr'><strong>spectandis</strong></span> <span class='ocrx_word' id='word_1_136' title='bbox 497 1655 652 1746; x_wconf 84' lang='lat' dir='ltr'><strong>procedere</strong></span> <span class='ocrx_word' id='word_1_137' title='bbox 673 1665 814 1739; x_wconf 86' lang='lat' dir='ltr'><strong>solemus,</strong></span> <span class='ocrx_word' id='word_1_138' title='bbox 836 1655 979 1724; x_wconf 86' lang='lat' dir='ltr'><strong>nobismet</strong></span> <span class='ocrx_word' id='word_1_139' title='bbox 997 1667 1054 1745; x_wconf 91' lang='lat' dir='ltr'><strong>ipsi</strong></span> <span class='ocrx_word' id='word_1_140' title='bbox 1072 1667 1262 1748; x_wconf 79' lang='lat' dir='ltr'><strong>explicemus.</strong></span> 
     </span>
    </p>

    <p class='ocr_par' dir='ltr' id='par_1_4' title="bbox 32 1759 1325 3496">
     <span class='ocr_line' id='line_1_16' title="bbox 109 1759 1305 1845; baseline 0.001 -20"><span class='ocrx_word' id='word_1_141' title='bbox 109 1764 296 1845; x_wconf 82' lang='lat' dir='ltr'><strong>Analytieam</strong></span> <span class='ocrx_word' id='word_1_142' title='bbox 313 1765 389 1824; x_wconf 86' lang='lat' dir='ltr'><strong>hanc</strong></span> <span class='ocrx_word' id='word_1_143' title='bbox 410 1785 471 1823; x_wconf 88' lang='lat' dir='ltr'><strong>esse</strong></span> <span class='ocrx_word' id='word_1_144' title='bbox 491 1763 622 1822; x_wconf 76' lang='lat' dir='ltr'><strong>diximus</strong></span> <span class='ocrx_word' id='word_1_145' title='bbox 641 1759 809 1840; x_wconf 88' lang='lat' dir='ltr'><strong>exponendi</strong></span> <span class='ocrx_word' id='word_1_146' title='bbox 829 1761 1035 1841; x_wconf 90' lang='lat' dir='ltr'><strong>scribendique</strong></span> <span class='ocrx_word' id='word_1_147' title='bbox 1053 1764 1205 1824; x_wconf 87' lang='lat' dir='ltr'><strong>rationem.</strong></span> <span class='ocrx_word' id='word_1_148' title='bbox 1232 1768 1305 1826; x_wconf 89' lang='lat' dir='ltr'><strong>Nam</strong></span> 
     </span>
     <span class='ocr_line' id='line_1_17' title="bbox 66 1858 1304 1943; baseline 0 -21"><span class='ocrx_word' id='word_1_149' title='bbox 66 1864 187 1943; x_wconf 88' lang='lat' dir='ltr'><strong>propria</strong></span> <span class='ocrx_word' id='word_1_150' title='bbox 214 1861 313 1922; x_wconf 86' lang='lat' dir='ltr'><strong>eadem</strong></span> <span class='ocrx_word' id='word_1_151' title='bbox 338 1875 380 1920; x_wconf 87' lang='lat' dir='ltr'><strong>est</strong></span> <span class='ocrx_word' id='word_1_152' title='bbox 407 1860 578 1920; x_wconf 82' lang='lat' dir='ltr'><strong>dialecticae</strong></span> <span class='ocrx_word' id='word_1_153' title='bbox 607 1859 783 1919; x_wconf 86' lang='lat' dir='ltr'><strong>Platonicae.</strong></span> <span class='ocrx_word' id='word_1_154' title='bbox 834 1859 972 1938; x_wconf 82' lang='lat' dir='ltr'><strong>Aualysis</strong></span> <span class='ocrx_word' id='word_1_155' title='bbox 997 1858 1079 1940; x_wconf 87' lang='lat' dir='ltr'><strong>apud</strong></span> <span class='ocrx_word' id='word_1_156' title='bbox 1107 1880 1191 1936; x_wconf 89' lang='lat' dir='ltr'><strong>eum,</strong></span> <span class='ocrx_word' id='word_1_157' title='bbox 1212 1876 1245 1921; x_wconf 92' lang='lat' dir='ltr'><strong>ut</strong></span> <span class='ocrx_word' id='word_1_158' title='bbox 1270 1865 1304 1922; x_wconf 92' lang='lat' dir='ltr'><strong>in</strong></span> 
     </span>
     <span class='ocr_line' id='line_1_18' title="bbox 69 1953 1325 2038; baseline 0 -18"><span class='ocrx_word' id='word_1_159' title='bbox 69 1960 215 2038; x_wconf 74' lang='lat' dir='ltr'><strong>Sophiste</strong></span> <span class='ocrx_word' id='word_1_160' title='bbox 242 1972 272 2018; x_wconf 90' lang='lat' dir='ltr'><strong>et</strong></span> <span class='ocrx_word' id='word_1_161' title='bbox 296 1959 427 2017; x_wconf 76' lang='lat' dir='ltr'><strong>Politice</strong></span> <span class='ocrx_word' id='word_1_162' title='bbox 452 1957 599 2030; x_wconf 82' lang='lat' dir='ltr'><strong>vidimus,</strong></span> <span class='ocrx_word' id='word_1_163' title='bbox 630 1956 664 2015; x_wconf 92' lang='lat' dir='ltr'><strong>in</strong></span> <span class='ocrx_word' id='word_1_164' title='bbox 683 1953 794 2014; x_wconf 89' lang='lat' dir='ltr'><strong>medias</strong></span> <span class='ocrx_word' id='word_1_165' title='bbox 811 1976 863 2014; x_wconf 89' lang='lat' dir='ltr'><strong>nos</strong></span> <span class='ocrx_word' id='word_1_166' title='bbox 883 1956 1087 2015; x_wconf 85' lang='lat' dir='ltr'><strong>continuares</strong></span> <span class='ocrx_word' id='word_1_167' title='bbox 1107 1959 1193 2038; x_wconf 87' lang='lat' dir='ltr'><strong>rapit.</strong></span> <span class='ocrx_word' id='word_1_168' title='bbox 1235 1962 1325 2035; x_wconf 76' lang='lat' dir='ltr'><strong>Quo&#39;</strong></span> 
     </span>
     <span class='ocr_line' id='line_1_19' title="bbox 66 2051 1301 2138; baseline -0.001 -22"><span class='ocrx_word' id='word_1_169' title='bbox 66 2054 188 2138; x_wconf 81' lang='lat' dir='ltr'><strong>plenius</strong></span> <span class='ocrx_word' id='word_1_170' title='bbox 215 2051 376 2136; x_wconf 78' lang='lat' dir='ltr'><strong>explicaret</strong></span> <span class='ocrx_word' id='word_1_171' title='bbox 406 2055 538 2127; x_wconf 87' lang='lat' dir='ltr'><strong>Eleates,</strong></span> <span class='ocrx_word' id='word_1_172' title='bbox 560 2052 635 2132; x_wconf 92' lang='lat' dir='ltr'><strong>quid</strong></span> <span class='ocrx_word' id='word_1_173' title='bbox 659 2052 834 2132; x_wconf 86' lang='lat' dir='ltr'><strong>sophistica,</strong></span> <span class='ocrx_word' id='word_1_174' title='bbox 859 2051 933 2130; x_wconf 91' lang='lat' dir='ltr'><strong>quid</strong></span> <span class='ocrx_word' id='word_1_175' title='bbox 955 2053 1076 2133; x_wconf 86' lang='lat' dir='ltr'><strong>politica</strong></span> <span class='ocrx_word' id='word_1_176' title='bbox 1104 2068 1176 2113; x_wconf 88' lang='lat' dir='ltr'><strong>esset</strong></span> <span class='ocrx_word' id='word_1_177' title='bbox 1187 2101 1196 2130; x_wconf 96' lang='lat'><strong>,</strong></span> <span class='ocrx_word' id='word_1_178' title='bbox 1226 2071 1301 2116; x_wconf 83' lang='lat' dir='ltr'><strong>artes</strong></span> 
     </span>
     <span class='ocr_line' id='line_1_20' title="bbox 68 2150 1302 2234; baseline -0.002 -20"><span class='ocrx_word' id='word_1_179' title='bbox 68 2155 156 2215; x_wconf 89' lang='lat' dir='ltr'><strong>nobis</strong></span> <span class='ocrx_word' id='word_1_180' title='bbox 184 2154 310 2234; x_wconf 85' lang='lat' dir='ltr'><strong>primum</strong></span> <span class='ocrx_word' id='word_1_181' title='bbox 336 2166 364 2212; x_wconf 91' lang='lat' dir='ltr'><strong>et</strong></span> <span class='ocrx_word' id='word_1_182' title='bbox 384 2151 533 2211; x_wconf 88' lang='lat' dir='ltr'><strong>doctrinas</strong></span> <span class='ocrx_word' id='word_1_183' title='bbox 561 2151 712 2209; x_wconf 90' lang='lat' dir='ltr'><strong>universas</strong></span> <span class='ocrx_word' id='word_1_184' title='bbox 739 2151 907 2230; x_wconf 87' lang='lat' dir='ltr'><strong>proposuit,</strong></span> <span class='ocrx_word' id='word_1_185' title='bbox 930 2163 962 2209; x_wconf 92' lang='lat' dir='ltr'><strong>ut</strong></span> <span class='ocrx_word' id='word_1_186' title='bbox 986 2171 1053 2208; x_wconf 87' lang='lat' dir='ltr'><strong>cum</strong></span> <span class='ocrx_word' id='word_1_187' title='bbox 1075 2150 1137 2231; x_wconf 88' lang='lat' dir='ltr'><strong>ipse</strong></span> <span class='ocrx_word' id='word_1_188' title='bbox 1154 2173 1201 2211; x_wconf 90' lang='lat' dir='ltr'><strong>eas</strong></span> <span class='ocrx_word' id='word_1_189' title='bbox 1219 2151 1302 2212; x_wconf 90' lang='lat' dir='ltr'><strong>dein·</strong></span> 
     </span>
     <span class='ocr_line' id='line_1_21' title="bbox 67 2247 1304 2333; baseline 0 -23"><span class='ocrx_word' id='word_1_190' title='bbox 67 2272 136 2333; x_wconf 87' lang='lat' dir='ltr'><strong>ceps</strong></span> <span class='ocrx_word' id='word_1_191' title='bbox 158 2251 232 2310; x_wconf 86' lang='lat' dir='ltr'><strong>alias</strong></span> <span class='ocrx_word' id='word_1_192' title='bbox 261 2252 298 2310; x_wconf 84' lang='lat' dir='ltr'><strong>ab</strong></span> <span class='ocrx_word' id='word_1_193' title='bbox 326 2252 392 2310; x_wconf 91' lang='lat' dir='ltr'><strong>aliis</strong></span> <span class='ocrx_word' id='word_1_194' title='bbox 410 2268 609 2322; x_wconf 82' lang='lat' dir='ltr'><strong>cerneremus,</strong></span> <span class='ocrx_word' id='word_1_195' title='bbox 630 2247 835 2325; x_wconf 86' lang='lat' dir='ltr'><strong>ceruendoque</strong></span> <span class='ocrx_word' id='word_1_196' title='bbox 856 2248 1041 2307; x_wconf 88' lang='lat' dir='ltr'><strong>continenter</strong></span> <span class='ocrx_word' id='word_1_197' title='bbox 1068 2249 1304 2329; x_wconf 84' lang='lat' dir='ltr'><strong>progredientes,</strong></span> 
     </span>
     <span class='ocr_line' id='line_1_22' title="bbox 32 2343 1307 2430; baseline 0.001 -23"><span class='ocrx_word' id='word_1_198' title='bbox 32 2403 34 2407; x_wconf 89' lang='lat'><strong>.</strong></span> <span class='ocrx_word' id='word_1_199' title='bbox 67 2343 259 2430; x_wconf 83' lang='lat' dir='ltr'><strong>sophisticam</strong></span> <span class='ocrx_word' id='word_1_200' title='bbox 284 2348 403 2408; x_wconf 88' lang='lat' dir='ltr'><strong>tandem</strong></span> <span class='ocrx_word' id='word_1_201' title='bbox 432 2347 556 2423; x_wconf 86' lang='lat' dir='ltr'><strong>itemque</strong></span> <span class='ocrx_word' id='word_1_202' title='bbox 585 2345 738 2426; x_wconf 85' lang='lat' dir='ltr'><strong>politicam</strong></span> <span class='ocrx_word' id='word_1_203' title='bbox 764 2365 831 2402; x_wconf 91' lang='lat' dir='ltr'><strong>cum</strong></span> <span class='ocrx_word' id='word_1_204' title='bbox 859 2364 1094 2422; x_wconf 87' lang='lat' dir='ltr'><strong>assequeremur,</strong></span> <span class='ocrx_word' id='word_1_205' title='bbox 1123 2359 1186 2405; x_wconf 90' lang='lat' dir='ltr'><strong>tum</strong></span> <span class='ocrx_word' id='word_1_206' title='bbox 1211 2349 1307 2426; x_wconf 90' lang='lat' dir='ltr'><strong>qualis</strong></span> 
     </span>
     <span class='ocr_line' id='line_1_23' title="bbox 69 2441 1306 2525; baseline 0 -19"><span class='ocrx_word' id='word_1_207' title='bbox 69 2462 193 2525; x_wconf 87' lang='lat' dir='ltr'><strong>utraque</strong></span> <span class='ocrx_word' id='word_1_208' title='bbox 212 2459 284 2506; x_wconf 89' lang='lat' dir='ltr'><strong>essct</strong></span> <span class='ocrx_word' id='word_1_209' title='bbox 300 2461 560 2525; x_wconf 77' lang='lat' dir='ltr'><strong>cognosceremus·</strong></span> <span class='ocrx_word' id='word_1_210' title='bbox 583 2443 649 2501; x_wconf 91' lang='lat' dir='ltr'><strong>Non</strong></span> <span class='ocrx_word' id='word_1_211' title='bbox 667 2441 782 2504; x_wconf 87' lang='lat' dir='ltr'><strong>diversa</strong></span> <span class='ocrx_word' id='word_1_212' title='bbox 801 2442 838 2501; x_wconf 92' lang='lat' dir='ltr'><strong>ab</strong></span> <span class='ocrx_word' id='word_1_213' title='bbox 856 2441 912 2502; x_wconf 85' lang='lat' dir='ltr'><strong>hac</strong></span> <span class='ocrx_word' id='word_1_214' title='bbox 932 2443 1061 2502; x_wconf 88' lang='lat' dir='ltr'><strong>Platonis</strong></span> <span class='ocrx_word' id='word_1_215' title='bbox 1079 2442 1214 2505; x_wconf 90' lang='lat' dir='ltr'><strong>methodo</strong></span> <span class='ocrx_word' id='word_1_216' title='bbox 1232 2448 1306 2506; x_wconf 90' lang='lat' dir='ltr'><strong>ratio</strong></span> 
     </span>
     <span class='ocr_line' id='line_1_24' title="bbox 68 2529 1306 2623; baseline -0.002 -18"><span class='ocrx_word' id='word_1_217' title='bbox 68 2559 111 2605; x_wconf 85' lang='lat' dir='ltr'><strong>est</strong></span> <span class='ocrx_word' id='word_1_218' title='bbox 121 2591 130 2620; x_wconf 93' lang='lat'><strong>,</strong></span> <span class='ocrx_word' id='word_1_219' title='bbox 152 2565 241 2623; x_wconf 86' lang='lat' dir='ltr'><strong>quam</strong></span> <span class='ocrx_word' id='word_1_220' title='bbox 262 2544 296 2602; x_wconf 93' lang='lat' dir='ltr'><strong>in</strong></span> <span class='ocrx_word' id='word_1_221' title='bbox 316 2541 471 2601; x_wconf 86' lang='lat' dir='ltr'><strong>narrandis</strong></span> <span class='ocrx_word' id='word_1_222' title='bbox 494 2538 735 2620; x_wconf 82' lang='lat' dir='ltr'><strong>exponendisque</strong></span> <span class='ocrx_word' id='word_1_223' title='bbox 754 2539 874 2599; x_wconf 79' lang='lat' dir='ltr'><strong>heroum</strong></span> <span class='ocrx_word' id='word_1_224' title='bbox 893 2539 978 2598; x_wconf 89' lang='lat' dir='ltr'><strong>rebus</strong></span> <span class='ocrx_word' id='word_1_225' title='bbox 999 2529 1087 2619; x_wconf 74' lang='lat' dir='ltr'><strong>gestis</strong></span> <span class='ocrx_word' id='word_1_226' title='bbox 1105 2541 1247 2601; x_wconf 88' lang='lat' dir='ltr'><strong>Homerus</strong></span> <span class='ocrx_word' id='word_1_227' title='bbox 1265 2557 1306 2602; x_wconf 89' lang='lat' dir='ltr'><strong>est</strong></span> 
     </span>
     <span class='ocr_line' id='line_1_25' title="bbox 69 2634 1307 2720; baseline -0.002 -18"><span class='ocrx_word' id='word_1_228' title='bbox 69 2656 205 2703; x_wconf 85' lang='lat' dir='ltr'><strong>secutus:</strong></span> <span class='ocrx_word' id='word_1_229' title='bbox 229 2655 348 2720; x_wconf 89' lang='lat' dir='ltr'><strong>utraque</strong></span> <span class='ocrx_word' id='word_1_230' title='bbox 370 2634 572 2697; x_wconf 90' lang='lat' dir='ltr'><strong>discernendis</strong></span> <span class='ocrx_word' id='word_1_231' title='bbox 595 2636 652 2709; x_wconf 90' lang='lat' dir='ltr'><strong>iis,</strong></span> <span class='ocrx_word' id='word_1_232' title='bbox 672 2656 746 2715; x_wconf 87' lang='lat' dir='ltr'><strong>quae</strong></span> <span class='ocrx_word' id='word_1_233' title='bbox 764 2637 890 2715; x_wconf 91' lang='lat' dir='ltr'><strong>primum</strong></span> <span class='ocrx_word' id='word_1_234' title='bbox 913 2637 1030 2696; x_wconf 86' lang='lat' dir='ltr'><strong>fuerant</strong></span> <span class='ocrx_word' id='word_1_235' title='bbox 1049 2638 1189 2712; x_wconf 75' lang='lat' dir='ltr'><strong>confusa,</strong></span> <span class='ocrx_word' id='word_1_236' title='bbox 1210 2660 1307 2719; x_wconf 89' lang='lat' dir='ltr'><strong>proce·</strong></span> 
     </span>
     <span class='ocr_line' id='line_1_26' title="bbox 70 2722 1307 2816; baseline -0.003 -16"><span class='ocrx_word' id='word_1_237' title='bbox 70 2739 133 2815; x_wconf 89' lang='lat' dir='ltr'><strong>dit,</strong></span> <span class='ocrx_word' id='word_1_238' title='bbox 146 2745 187 2799; x_wconf 88' lang='lat' dir='ltr'><strong>&#39;et</strong></span> <span class='ocrx_word' id='word_1_239' title='bbox 210 2737 314 2796; x_wconf 90' lang='lat' dir='ltr'><strong>similis</strong></span> <span class='ocrx_word' id='word_1_240' title='bbox 335 2734 424 2816; x_wconf 89' lang='lat' dir='ltr'><strong>plane</strong></span> <span class='ocrx_word' id='word_1_241' title='bbox 453 2735 602 2811; x_wconf 87' lang='lat' dir='ltr'><strong>utriusque</strong></span> <span class='ocrx_word' id='word_1_242' title='bbox 623 2734 738 2792; x_wconf 81' lang='lat' dir='ltr'><strong>effectus</strong></span> <span class='ocrx_word' id='word_1_243' title='bbox 765 2746 816 2792; x_wconf 89' lang='lat' dir='ltr'><strong>cst.</strong></span> <span class='ocrx_word' id='word_1_244' title='bbox 858 2734 931 2792; x_wconf 88' lang='lat' dir='ltr'><strong>Nam</strong></span> <span class='ocrx_word' id='word_1_245' title='bbox 953 2722 996 2792; x_wconf 83' lang='lat' dir='ltr'><strong>riti</strong></span> <span class='ocrx_word' id='word_1_246' title='bbox 1024 2735 1105 2794; x_wconf 87' lang='lat' dir='ltr'><strong>Plato</strong></span> <span class='ocrx_word' id='word_1_247' title='bbox 1125 2735 1180 2796; x_wconf 92' lang='lat' dir='ltr'><strong>hac</strong></span> <span class='ocrx_word' id='word_1_248' title='bbox 1201 2736 1307 2797; x_wconf 85' lang='lat' dir='ltr'><strong>distin·</strong></span> 
     </span>
     <span class='ocr_line' id='line_1_27' title="bbox 69 2829 1304 2916; baseline -0.002 -20"><span class='ocrx_word' id='word_1_249' title='bbox 69 2835 182 2916; x_wconf 86' lang='lat' dir='ltr'><strong>gueudi</strong></span> <span class='ocrx_word' id='word_1_250' title='bbox 210 2834 365 2914; x_wconf 86' lang='lat' dir='ltr'><strong>diligentia</strong></span> <span class='ocrx_word' id='word_1_251' title='bbox 390 2829 503 2890; x_wconf 89' lang='lat' dir='ltr'><strong>efficere</strong></span> <span class='ocrx_word' id='word_1_252' title='bbox 532 2830 651 2890; x_wconf 90' lang='lat' dir='ltr'><strong>tandem</strong></span> <span class='ocrx_word' id='word_1_253' title='bbox 678 2829 794 2903; x_wconf 88' lang='lat' dir='ltr'><strong>studet,</strong></span> <span class='ocrx_word' id='word_1_254' title='bbox 815 2844 847 2888; x_wconf 89' lang='lat' dir='ltr'><strong>ut</strong></span> <span class='ocrx_word' id='word_1_255' title='bbox 873 2831 950 2890; x_wconf 89' lang='lat' dir='ltr'><strong>notis</strong></span> <span class='ocrx_word' id='word_1_256' title='bbox 977 2831 1153 2909; x_wconf 86' lang='lat' dir='ltr'><strong>quibusdam</strong></span> <span class='ocrx_word' id='word_1_257' title='bbox 1183 2836 1304 2894; x_wconf 88' lang='lat' dir='ltr'><strong>certisa</strong></span> 
     </span>
     <span class='ocr_line' id='line_1_28' title="bbox 70 2926 1306 3009; baseline -0.003 -15"><span class='ocrx_word' id='word_1_258' title='bbox 70 2933 193 2994; x_wconf 87' lang='lat' dir='ltr'><strong>caeteris</strong></span> <span class='ocrx_word' id='word_1_259' title='bbox 211 2931 347 2991; x_wconf 90' lang='lat' dir='ltr'><strong>omnibus</strong></span> <span class='ocrx_word' id='word_1_260' title='bbox 362 2928 519 3009; x_wconf 84' lang='lat' dir='ltr'><strong>sophistam</strong></span> <span class='ocrx_word' id='word_1_261' title='bbox 537 2942 565 2986; x_wconf 89' lang='lat' dir='ltr'><strong>et</strong></span> <span class='ocrx_word' id='word_1_262' title='bbox 594 2926 746 3007; x_wconf 88' lang='lat' dir='ltr'><strong>politicum</strong></span> <span class='ocrx_word' id='word_1_263' title='bbox 763 2926 980 3000; x_wconf 90' lang='lat' dir='ltr'><strong>discernamus,</strong></span> <span class='ocrx_word' id='word_1_264' title='bbox 1002 2928 1042 2986; x_wconf 88' lang='lat' dir='ltr'><strong>ita</strong></span> <span class='ocrx_word' id='word_1_265' title='bbox 1070 2928 1192 3008; x_wconf 86' lang='lat' dir='ltr'><strong>legenda</strong></span> <span class='ocrx_word' id='word_1_266' title='bbox 1212 2932 1306 2990; x_wconf 87' lang='lat' dir='ltr'><strong>iliade</strong></span> 
     </span>
     <span class='ocr_line' id='line_1_29' title="bbox 72 3023 1308 3110; baseline -0.005 -19"><span class='ocrx_word' id='word_1_267' title='bbox 72 3045 184 3091; x_wconf 90' lang='lat' dir='ltr'><strong>nosmet</strong></span> <span class='ocrx_word' id='word_1_268' title='bbox 204 3029 260 3110; x_wconf 90' lang='lat' dir='ltr'><strong>ipsi</strong></span> <span class='ocrx_word' id='word_1_269' title='bbox 279 3041 381 3107; x_wconf 90' lang='lat' dir='ltr'><strong>sponte</strong></span> <span class='ocrx_word' id='word_1_270' title='bbox 402 3040 499 3084; x_wconf 90' lang='lat' dir='ltr'><strong>nostra</strong></span> <span class='ocrx_word' id='word_1_271' title='bbox 518 3045 584 3083; x_wconf 87' lang='lat' dir='ltr'><strong>cum</strong></span> <span class='ocrx_word' id='word_1_272' title='bbox 602 3024 734 3085; x_wconf 81' lang='lat' dir='ltr'><strong>aliorum</strong></span> <span class='ocrx_word' id='word_1_273' title='bbox 761 3023 936 3083; x_wconf 88' lang='lat' dir='ltr'><strong>Graecorum</strong></span> <span class='ocrx_word' id='word_1_274' title='bbox 957 3027 1204 3105; x_wconf 88' lang='lat' dir='ltr'><strong>Trojanorumque</strong></span> <span class='ocrx_word' id='word_1_275' title='bbox 1215 3073 1223 3101; x_wconf 93' lang='lat'><strong>,</strong></span> <span class='ocrx_word' id='word_1_276' title='bbox 1245 3042 1308 3086; x_wconf 91' lang='lat' dir='ltr'><strong>tum</strong></span> 
     </span>
     <span class='ocr_line' id='line_1_30' title="bbox 72 3121 1307 3205; baseline -0.002 -17"><span class='ocrx_word' id='word_1_277' title='bbox 72 3127 201 3188; x_wconf 81' lang='lat' dir='ltr'><strong>Achillis</strong></span> <span class='ocrx_word' id='word_1_278' title='bbox 228 3139 257 3184; x_wconf 93' lang='lat' dir='ltr'><strong>et</strong></span> <span class='ocrx_word' id='word_1_279' title='bbox 286 3122 436 3197; x_wconf 88' lang='lat' dir='ltr'><strong>Hectoris,</strong></span> <span class='ocrx_word' id='word_1_280' title='bbox 466 3123 635 3202; x_wconf 86' lang='lat' dir='ltr'><strong>praesertim</strong></span> <span class='ocrx_word' id='word_1_281' title='bbox 663 3121 788 3181; x_wconf 88' lang='lat' dir='ltr'><strong>Achillis</strong></span> <span class='ocrx_word' id='word_1_282' title='bbox 814 3124 1088 3180; x_wconf 76' lang='lat' dir='ltr'><strong>chemclerlemam</strong></span> <span class='ocrx_word' id='word_1_283' title='bbox 1117 3126 1307 3205; x_wconf 87' lang='lat' dir='ltr'><strong>concipimus.</strong></span> 
     </span>
     <span class='ocr_line' id='line_1_31' title="bbox 72 3217 1305 3303; baseline -0.001 -19"><span class='ocrx_word' id='word_1_284' title='bbox 72 3225 130 3284; x_wconf 88' lang='lat' dir='ltr'><strong>Sed</strong></span> <span class='ocrx_word' id='word_1_285' title='bbox 156 3221 236 3303; x_wconf 93' lang='lat' dir='ltr'><strong>quod</strong></span> <span class='ocrx_word' id='word_1_286' title='bbox 256 3223 292 3279; x_wconf 90' lang='lat' dir='ltr'><strong>de</strong></span> <span class='ocrx_word' id='word_1_287' title='bbox 310 3222 468 3279; x_wconf 82' lang='lat' dir='ltr'><strong>industrie</strong></span> <span class='ocrx_word' id='word_1_288' title='bbox 489 3221 547 3299; x_wconf 88' lang='lat' dir='ltr'><strong>egit</strong></span> <span class='ocrx_word' id='word_1_289' title='bbox 574 3220 675 3294; x_wconf 90' lang='lat' dir='ltr'><strong>Plato,</strong></span> <span class='ocrx_word' id='word_1_290' title='bbox 695 3240 785 3297; x_wconf 87' lang='lat' dir='ltr'><strong>quum</strong></span> <span class='ocrx_word' id='word_1_291' title='bbox 805 3217 838 3277; x_wconf 89' lang='lat' dir='ltr'><strong>in</strong></span> <span class='ocrx_word' id='word_1_292' title='bbox 866 3218 1000 3299; x_wconf 81' lang='lat' dir='ltr'><strong>Sophiste</strong></span> <span class='ocrx_word' id='word_1_293' title='bbox 1022 3229 1052 3276; x_wconf 86' lang='lat' dir='ltr'><strong>et</strong></span> <span class='ocrx_word' id='word_1_294' title='bbox 1070 3220 1192 3280; x_wconf 86' lang='lat' dir='ltr'><strong>Politice</strong></span> <span class='ocrx_word' id='word_1_295' title='bbox 1214 3224 1305 3302; x_wconf 85' lang='lat' dir='ltr'><strong>ipsam</strong></span> 
     </span>
     <span class='ocr_line' id='line_1_32' title="bbox 72 3315 1307 3401; baseline -0.001 -20"><span class='ocrx_word' id='word_1_296' title='bbox 72 3319 217 3401; x_wconf 90' lang='lat' dir='ltr'><strong>exemplis</strong></span> <span class='ocrx_word' id='word_1_297' title='bbox 242 3319 403 3400; x_wconf 75' lang='lat' dir='ltr'><strong>explicaret</strong></span> <span class='ocrx_word' id='word_1_298' title='bbox 420 3317 595 3396; x_wconf 84' lang='lat' dir='ltr'><strong>analyticam</strong></span> <span class='ocrx_word' id='word_1_299' title='bbox 615 3331 722 3391; x_wconf 73' lang='lat' dir='ltr'><strong>mem,</strong></span> <span class='ocrx_word' id='word_1_300' title='bbox 742 3315 775 3376; x_wconf 92' lang='lat' dir='ltr'><strong>id</strong></span> <span class='ocrx_word' id='word_1_301' title='bbox 794 3315 902 3396; x_wconf 89' lang='lat' dir='ltr'><strong>plane,</strong></span> <span class='ocrx_word' id='word_1_302' title='bbox 924 3330 956 3374; x_wconf 88' lang='lat' dir='ltr'><strong>ut</strong></span> <span class='ocrx_word' id='word_1_303' title='bbox 976 3317 1118 3378; x_wconf 89' lang='lat' dir='ltr'><strong>Homerus</strong></span> <span class='ocrx_word' id='word_1_304' title='bbox 1138 3332 1166 3378; x_wconf 91' lang='lat' dir='ltr'><strong>et</strong></span> <span class='ocrx_word' id='word_1_305' title='bbox 1186 3323 1307 3400; x_wconf 82' lang='lat' dir='ltr'><strong>tragici,</strong></span> 
     </span>
     <span class='ocr_line' id='line_1_33' title="bbox 73 3413 511 3496; baseline -0.014 -18"><span class='ocrx_word' id='word_1_306' title='bbox 73 3428 176 3496; x_wconf 79' lang='lat' dir='ltr'><strong>sponte</strong></span> <span class='ocrx_word' id='word_1_307' title='bbox 195 3416 288 3475; x_wconf 86' lang='lat' dir='ltr'><strong>effecit</strong></span> <span class='ocrx_word' id='word_1_308' title='bbox 306 3415 422 3494; x_wconf 90' lang='lat' dir='ltr'><strong>scriptis</strong></span> <span class='ocrx_word' id='word_1_309' title='bbox 441 3413 511 3473; x_wconf 89' lang='lat' dir='ltr'><strong>suis.</strong></span> 
     </span>
    </p>
   </div>
   <div class='ocr_carea' id='block_1_4' title="bbox 163 3607 1226 3782">
    <p class='ocr_par' dir='ltr' id='par_1_5' title="bbox 163 3607 1226 3782">
     <span class='ocr_line' id='line_1_34' title="bbox 163 3607 1226 3690; baseline 0 -20"><span class='ocrx_word' id='word_1_310' title='bbox 163 3610 362 3690; x_wconf 81' lang='lat' dir='ltr'><strong>Congrue</strong></span> <span class='ocrx_word' id='word_1_311' title='bbox 390 3616 492 3667; x_wconf 82' lang='lat' dir='ltr'><strong>caret</strong></span> <span class='ocrx_word' id='word_1_312' title='bbox 516 3609 645 3685; x_wconf 82' lang='lat' dir='ltr'><strong>plecte</strong></span> <span class='ocrx_word' id='word_1_313' title='bbox 675 3607 932 3666; x_wconf 80' lang='lat' dir='ltr'><strong>Platonicae</strong></span> <span class='ocrx_word' id='word_1_314' title='bbox 961 3611 1226 3670; x_wconf 78' lang='lat' dir='ltr'><strong>dialecticae</strong></span> 
     </span>
     <span class='ocr_line' id='line_1_35' title="bbox 439 3704 850 3782; baseline 0.007 -20"><span class='ocrx_word' id='word_1_315' title='bbox 439 3713 609 3782; x_wconf 79' lang='lat' dir='ltr'><strong>scripte</strong></span> <span class='ocrx_word' id='word_1_316' title='bbox 635 3704 850 3766; x_wconf 78' lang='lat' dir='ltr'><strong>Platonis.</strong></span> 
     </span>
    </p>
   </div>
   <div class='ocr_carea' id='block_1_5' title="bbox 75 3898 1313 4273">
    <p class='ocr_par' dir='ltr' id='par_1_6' title="bbox 75 3898 1313 4273">
     <span class='ocr_line' id='line_1_36' title="bbox 114 3898 1310 3982; baseline 0.003 -21"><span class='ocrx_word' id='word_1_317' title='bbox 114 3901 193 3961; x_wconf 91' lang='lat' dir='ltr'><strong>Sunt</strong></span> <span class='ocrx_word' id='word_1_318' title='bbox 221 3899 333 3960; x_wconf 88' lang='lat' dir='ltr'><strong>scilicet</strong></span> <span class='ocrx_word' id='word_1_319' title='bbox 361 3898 477 3980; x_wconf 81' lang='lat' dir='ltr'><strong>dialogi</strong></span> <span class='ocrx_word' id='word_1_320' title='bbox 504 3899 611 3981; x_wconf 87' lang='lat' dir='ltr'><strong>scripta</strong></span> <span class='ocrx_word' id='word_1_321' title='bbox 638 3900 709 3960; x_wconf 86' lang='lat' dir='ltr'><strong>illa:</strong></span> <span class='ocrx_word' id='word_1_322' title='bbox 741 3899 875 3981; x_wconf 87' lang='lat' dir='ltr'><strong>dialogus</strong></span> <span class='ocrx_word' id='word_1_323' title='bbox 905 3913 1018 3976; x_wconf 91' lang='lat' dir='ltr'><strong>autem,</strong></span> <span class='ocrx_word' id='word_1_324' title='bbox 1038 3902 1090 3979; x_wconf 90' lang='lat' dir='ltr'><strong>qui</strong></span> <span class='ocrx_word' id='word_1_325' title='bbox 1118 3915 1146 3962; x_wconf 95' lang='lat' dir='ltr'><strong>et</strong></span> <span class='ocrx_word' id='word_1_326' title='bbox 1167 3905 1310 3982; x_wconf 81' lang='lat' dir='ltr'><strong>verehoc</strong></span> 
     </span>
     <span class='ocr_line' id='line_1_37' title="bbox 77 3996 1310 4080; baseline 0.002 -22"><span class='ocrx_word' id='word_1_327' title='bbox 77 4000 196 4058; x_wconf 88' lang='lat' dir='ltr'><strong>nomine</strong></span> <span class='ocrx_word' id='word_1_328' title='bbox 217 4009 355 4071; x_wconf 85' lang='lat' dir='ltr'><strong>vocatur,</strong></span> <span class='ocrx_word' id='word_1_329' title='bbox 377 4010 406 4054; x_wconf 91' lang='lat' dir='ltr'><strong>et</strong></span> <span class='ocrx_word' id='word_1_330' title='bbox 426 3996 584 4076; x_wconf 83' lang='lat' dir='ltr'><strong>diligenter</strong></span> <span class='ocrx_word' id='word_1_331' title='bbox 601 3999 642 4057; x_wconf 90' lang='lat' dir='ltr'><strong>ita</strong></span> <span class='ocrx_word' id='word_1_332' title='bbox 661 4021 677 4057; x_wconf 93' lang='lat' dir='ltr'><strong>a</strong></span> <span class='ocrx_word' id='word_1_333' title='bbox 697 3998 812 4078; x_wconf 84' lang='lat' dir='ltr'><strong>vulgari</strong></span> <span class='ocrx_word' id='word_1_334' title='bbox 839 3998 985 4078; x_wconf 88' lang='lat' dir='ltr'><strong>colloquio</strong></span> <span class='ocrx_word' id='word_1_335' title='bbox 1004 3998 1216 4080; x_wconf 84' lang='lat' dir='ltr'><strong>distinguitur,</strong></span> <span class='ocrx_word' id='word_1_336' title='bbox 1237 4001 1310 4079; x_wconf 88' lang='lat' dir='ltr'><strong>quid</strong></span> 
     </span>
     <span class='ocr_line' id='line_1_38' title="bbox 75 4079 1310 4176; baseline 0.001 -21"><span class='ocrx_word' id='word_1_337' title='bbox 75 4095 161 4155; x_wconf 88' lang='lat' dir='ltr'><strong>aliud</strong></span> <span class='ocrx_word' id='word_1_338' title='bbox 187 4107 230 4172; x_wconf 78' lang='lat' dir='ltr'><strong>est</strong></span> <span class='ocrx_word' id='word_1_339' title='bbox 255 4114 339 4172; x_wconf 88' lang='lat' dir='ltr'><strong>quam</strong></span> <span class='ocrx_word' id='word_1_340' title='bbox 354 4079 497 4153; x_wconf 62' lang='lat' dir='ltr'><strong>&#39;dt-amat</strong></span> <span class='ocrx_word' id='word_1_341' title='bbox 528 4096 628 4174; x_wconf 89' lang='lat' dir='ltr'><strong>Itaque</strong></span> <span class='ocrx_word' id='word_1_342' title='bbox 656 4097 717 4154; x_wconf 84' lang='lat' dir='ltr'><strong>sive</strong></span> <span class='ocrx_word' id='word_1_343' title='bbox 743 4095 944 4176; x_wconf 89' lang='lat' dir='ltr'><strong>Symposium,</strong></span> <span class='ocrx_word' id='word_1_344' title='bbox 965 4097 1028 4158; x_wconf 83' lang='lat' dir='ltr'><strong>sive</strong></span> <span class='ocrx_word' id='word_1_345' title='bbox 1046 4096 1228 4173; x_wconf 88' lang='lat' dir='ltr'><strong>Phaedrum,</strong></span> <span class='ocrx_word' id='word_1_346' title='bbox 1248 4100 1310 4159; x_wconf 87' lang='lat' dir='ltr'><strong>sive</strong></span> 
     </span>
     <span class='ocr_line' id='line_1_39' title="bbox 77 4190 1313 4273; baseline 0.003 -23"><span class='ocrx_word' id='word_1_347' title='bbox 77 4211 279 4272; x_wconf 87' lang='lat' dir='ltr'><strong>quemcunque</strong></span> <span class='ocrx_word' id='word_1_348' title='bbox 306 4190 425 4250; x_wconf 87' lang='lat' dir='ltr'><strong>tandem</strong></span> <span class='ocrx_word' id='word_1_349' title='bbox 442 4191 572 4253; x_wconf 89' lang='lat' dir='ltr'><strong>Platonis</strong></span> <span class='ocrx_word' id='word_1_350' title='bbox 589 4192 738 4273; x_wconf 88' lang='lat' dir='ltr'><strong>dialogum</strong></span> <span class='ocrx_word' id='word_1_351' title='bbox 758 4193 897 4272; x_wconf 87' lang='lat' dir='ltr'><strong>legimus,</strong></span> <span class='ocrx_word' id='word_1_352' title='bbox 918 4195 951 4252; x_wconf 91' lang='lat' dir='ltr'><strong>in</strong></span> <span class='ocrx_word' id='word_1_353' title='bbox 966 4194 1077 4255; x_wconf 89' lang='lat' dir='ltr'><strong>medias</strong></span> <span class='ocrx_word' id='word_1_354' title='bbox 1093 4217 1146 4256; x_wconf 90' lang='lat' dir='ltr'><strong>nos</strong></span> <span class='ocrx_word' id='word_1_355' title='bbox 1163 4217 1208 4256; x_wconf 89' lang='lat' dir='ltr'><strong>res</strong></span> <span class='ocrx_word' id='word_1_356' title='bbox 1226 4196 1313 4256; x_wconf 85' lang='lat' dir='ltr'><strong>indu·</strong></span> 
     </span>
    </p>
   </div>
   <div class='ocr_carea' id='block_1_6' title="bbox 115 4395 446 4468">
    <p class='ocr_par' dir='ltr' id='par_1_7' title="bbox 115 4395 446 4468">
     <span class='ocr_line' id='line_1_40' title="bbox 115 4395 446 4468; baseline -0.003 -18"><span class='ocrx_word' id='word_1_357' title='bbox 115 4398 141 4462; x_wconf 87' lang='lat' dir='ltr'><strong>l)</strong></span> <span class='ocrx_word' id='word_1_358' title='bbox 163 4399 198 4449; x_wconf 81' lang='lat' dir='ltr'><strong>lle</strong></span> <span class='ocrx_word' id='word_1_359' title='bbox 216 4400 277 4468; x_wconf 83' lang='lat' dir='ltr'><strong>llep.</strong></span> <span class='ocrx_word' id='word_1_360' title='bbox 291 4395 333 4448; x_wconf 86' lang='grc' dir='ltr'><strong>ΠΙ.</strong></span> <span class='ocrx_word' id='word_1_361' title='bbox 348 4395 400 4448; x_wconf 78' lang='lat'><strong>394</strong></span> <span class='ocrx_word' id='word_1_362' title='bbox 418 4397 446 4449; x_wconf 85' lang='lat' dir='ltr'><strong>ll.</strong></span> 
     </span>
    </p>
   </div>
   <div class='ocr_carea' id='block_1_7' title="bbox 0 0 1441 5120">
    <p class='ocr_par' dir='ltr' id='par_1_8' title="bbox 0 0 1441 5120">
     <span class='ocr_line' id='line_1_41' title="bbox 0 0 1441 5120; baseline 0 0"><span class='ocrx_word' id='word_1_363' title='bbox 0 0 1441 5120; x_wconf 95' lang='lat' dir='ltr'><strong> </strong></span> 
     </span>
    </p>
   </div>
  </div>
 </body>
</html>
