<?xml version="1.0" encoding="UTF-8"?>
<!DOCTYPE html PUBLIC "-//W3C//DTD XHTML 1.0 Transitional//EN"
    "http://www.w3.org/TR/xhtml1/DTD/xhtml1-transitional.dtd">
<html xmlns="http://www.w3.org/1999/xhtml" xml:lang="en" lang="en">
 <head>
  <title>
</title>
<meta http-equiv="Content-Type" content="text/html;charset=utf-8" />
  <meta name='ocr-system' content='tesseract 3.04.00' />
  <meta name='ocr-capabilities' content='ocr_page ocr_carea ocr_par ocr_line ocrx_word'/>
</head>
<body>
  <div class='ocr_page' id='page_1' title='image "./initiaphilosoph02heusgoog_0434.png"; bbox 0 0 2886 5118; ppageno 0'>
   <div class='ocr_carea' id='block_1_1' title="bbox 634 297 707 363">
    <p class='ocr_par' dir='ltr' id='par_1_1' title="bbox 634 297 707 363">
     <span class='ocr_line' id='line_1_1' title="bbox 634 297 707 363; baseline -0.11 0"><span class='ocrx_word' id='word_1_1' title='bbox 634 297 707 363; x_wconf 75' lang='lat'><strong>‚413</strong></span> 
     </span>
    </p>
   </div>
   <div class='ocr_carea' id='block_1_2' title="bbox 65 450 1318 3976">
    <p class='ocr_par' dir='ltr' id='par_1_2' title="bbox 65 450 1318 3976">
     <span class='ocr_line' id='line_1_2' title="bbox 70 450 1294 541; baseline 0.011 -26"><span class='ocrx_word' id='word_1_2' title='bbox 70 450 215 528; x_wconf 84' lang='lat' dir='ltr'><strong>videbant,</strong></span> <span class='ocrx_word' id='word_1_3' title='bbox 232 454 727 536; x_wconf 88' lang='lat' dir='ltr'><strong>sermonibusdisputationibusque</strong></span> <span class='ocrx_word' id='word_1_4' title='bbox 745 462 933 541; x_wconf 80' lang='lat' dir='ltr'><strong>usurpabant.</strong></span> <span class='ocrx_word' id='word_1_5' title='bbox 965 465 1002 521; x_wconf 81' lang='lat' dir='ltr'><strong>lt</strong></span> <span class='ocrx_word' id='word_1_6' title='bbox 1020 483 1089 524; x_wconf 80' lang='lat' dir='ltr'><strong>tero</strong></span> <span class='ocrx_word' id='word_1_7' title='bbox 1107 479 1176 525; x_wconf 90' lang='lat' dir='ltr'><strong>sunt</strong></span> <span class='ocrx_word' id='word_1_8' title='bbox 1187 466 1294 541; x_wconf 89' lang='lat' dir='ltr'><strong>iidem,</strong></span> 
     </span>
     <span class='ocr_line' id='line_1_3' title="bbox 67 551 1296 635; baseline 0.011 -23"><span class='ocrx_word' id='word_1_9' title='bbox 67 554 138 634; x_wconf 93' lang='lat' dir='ltr'><strong>quod</strong></span> <span class='ocrx_word' id='word_1_10' title='bbox 158 575 224 613; x_wconf 85' lang='lat' dir='ltr'><strong>¹non</strong></span> <span class='ocrx_word' id='word_1_11' title='bbox 254 566 296 612; x_wconf 90' lang='lat' dir='ltr'><strong>est</strong></span> <span class='ocrx_word' id='word_1_12' title='bbox 317 551 401 612; x_wconf 92' lang='lat' dir='ltr'><strong>nobis</strong></span> <span class='ocrx_word' id='word_1_13' title='bbox 420 553 539 613; x_wconf 88' lang='lat' dir='ltr'><strong>silentio</strong></span> <span class='ocrx_word' id='word_1_14' title='bbox 558 557 867 635; x_wconf 89' lang='lat' dir='ltr'><strong>praetermittendum,</strong></span> <span class='ocrx_word' id='word_1_15' title='bbox 889 559 943 618; x_wconf 87' lang='lat' dir='ltr'><strong>hac</strong></span> <span class='ocrx_word' id='word_1_16' title='bbox 964 561 997 618; x_wconf 89' lang='lat' dir='ltr'><strong>in</strong></span> <span class='ocrx_word' id='word_1_17' title='bbox 1021 581 1119 622; x_wconf 83' lang='lat' dir='ltr'>caussa</span> <span class='ocrx_word' id='word_1_18' title='bbox 1140 563 1296 625; x_wconf 87' lang='lat' dir='ltr'><strong>dissimiles</strong></span> 
     </span>
     <span class='ocr_line' id='line_1_4' title="bbox 67 651 1297 739; baseline 0.008 -27"><span class='ocrx_word' id='word_1_19' title='bbox 67 655 192 728; x_wconf 91' lang='lat' dir='ltr'><strong>illorum,</strong></span> <span class='ocrx_word' id='word_1_20' title='bbox 222 651 300 732; x_wconf 90' lang='lat' dir='ltr'><strong>quod</strong></span> <span class='ocrx_word' id='word_1_21' title='bbox 329 651 415 732; x_wconf 83' lang='lat' dir='ltr'><strong>longe</strong></span> <span class='ocrx_word' id='word_1_22' title='bbox 440 652 567 732; x_wconf 88' lang='lat' dir='ltr'><strong>ipsorum</strong></span> <span class='ocrx_word' id='word_1_23' title='bbox 586 656 677 732; x_wconf 87' lang='lat' dir='ltr'><strong>major</strong></span> <span class='ocrx_word' id='word_1_24' title='bbox 697 656 811 714; x_wconf 88' lang='lat' dir='ltr'><strong>miseria</strong></span> <span class='ocrx_word' id='word_1_25' title='bbox 831 671 883 718; x_wconf 87' lang='lat' dir='ltr'><strong>est.</strong></span> <span class='ocrx_word' id='word_1_26' title='bbox 926 658 1143 739; x_wconf 73' lang='lat' dir='ltr'><strong>Captivi&#39;enim</strong></span> <span class='ocrx_word' id='word_1_27' title='bbox 1165 661 1297 730; x_wconf 85' lang='lat' dir='ltr'><strong>delecta-</strong></span> 
     </span>
     <span class='ocr_line' id='line_1_5' title="bbox 67 749 1299 836; baseline 0.009 -26"><span class='ocrx_word' id='word_1_28' title='bbox 67 753 160 812; x_wconf 84' lang='lat' dir='ltr'><strong>bantur</strong></span> <span class='ocrx_word' id='word_1_29' title='bbox 180 756 232 827; x_wconf 87' lang='lat' dir='ltr'><strong>iis,</strong></span> <span class='ocrx_word' id='word_1_30' title='bbox 258 771 331 830; x_wconf 91' lang='lat' dir='ltr'><strong>quae</strong></span> <span class='ocrx_word' id='word_1_31' title='bbox 351 749 513 825; x_wconf 87' lang='lat' dir='ltr'><strong>videbant,</strong></span> <span class='ocrx_word' id='word_1_32' title='bbox 539 751 679 828; x_wconf 87' lang='lat' dir='ltr'><strong>mirifice,</strong></span> <span class='ocrx_word' id='word_1_33' title='bbox 711 774 748 814; x_wconf 87' lang='lat' dir='ltr'><strong>ne</strong></span> <span class='ocrx_word' id='word_1_34' title='bbox 770 756 908 834; x_wconf 90' lang='lat' dir='ltr'><strong>suspicati</strong></span> <span class='ocrx_word' id='word_1_35' title='bbox 929 757 1061 836; x_wconf 90' lang='lat' dir='ltr'><strong>quidem,</strong></span> <span class='ocrx_word' id='word_1_36' title='bbox 1092 761 1207 820; x_wconf 89' lang='lat' dir='ltr'><strong>umbras</strong></span> <span class='ocrx_word' id='word_1_37' title='bbox 1228 762 1299 821; x_wconf 90' lang='lat' dir='ltr'><strong>haec</strong></span> 
     </span>
     <span class='ocr_line' id='line_1_6' title="bbox 66 849 1297 932; baseline 0.011 -24"><span class='ocrx_word' id='word_1_38' title='bbox 66 873 118 910; x_wconf 91' lang='lat' dir='ltr'><strong>esse</strong></span> <span class='ocrx_word' id='word_1_39' title='bbox 145 873 259 924; x_wconf 89' lang='lat' dir='ltr'><strong>rerum,</strong></span> <span class='ocrx_word' id='word_1_40' title='bbox 288 871 358 929; x_wconf 90' lang='lat' dir='ltr'><strong>quas</strong></span> <span class='ocrx_word' id='word_1_41' title='bbox 387 869 447 908; x_wconf 90' lang='lat' dir='ltr'><strong>non</strong></span> <span class='ocrx_word' id='word_1_42' title='bbox 467 849 622 927; x_wconf 72' lang='lat' dir='ltr'><strong>videbant,</strong></span> <span class='ocrx_word' id='word_1_43' title='bbox 650 851 697 910; x_wconf 92' lang='lat' dir='ltr'><strong>illi</strong></span> <span class='ocrx_word' id='word_1_44' title='bbox 725 853 800 932; x_wconf 91' lang='lat' dir='ltr'><strong>ipsas</strong></span> <span class='ocrx_word' id='word_1_45' title='bbox 820 874 865 911; x_wconf 93' lang='lat' dir='ltr'><strong>res</strong></span> <span class='ocrx_word' id='word_1_46' title='bbox 886 875 945 912; x_wconf 91' lang='lat' dir='ltr'><strong>esse</strong></span> <span class='ocrx_word' id='word_1_47' title='bbox 971 853 1085 916; x_wconf 82' lang='lat' dir='ltr'><strong>umbras</strong></span> <span class='ocrx_word' id='word_1_48' title='bbox 1105 860 1297 921; x_wconf 91' lang='lat' dir='ltr'><strong>contendunt.</strong></span> 
     </span>
     <span class='ocr_line' id='line_1_7' title="bbox 67 948 1299 1031; baseline 0.01 -24"><span class='ocrx_word' id='word_1_49' title='bbox 67 950 143 1023; x_wconf 88' lang='lat' dir='ltr'><strong>Quod</strong></span> <span class='ocrx_word' id='word_1_50' title='bbox 165 948 304 1009; x_wconf 89' lang='lat' dir='ltr'><strong>monendi</strong></span> <span class='ocrx_word' id='word_1_51' title='bbox 323 948 462 1022; x_wconf 90' lang='lat' dir='ltr'><strong>lectores,</strong></span> <span class='ocrx_word' id='word_1_52' title='bbox 484 948 521 1007; x_wconf 88' lang='lat' dir='ltr'><strong>ad</strong></span> <span class='ocrx_word' id='word_1_53' title='bbox 542 963 619 1008; x_wconf 88' lang='lat' dir='ltr'><strong>recte</strong></span> <span class='ocrx_word' id='word_1_54' title='bbox 641 970 687 1008; x_wconf 91' lang='lat' dir='ltr'><strong>eos</strong></span> <span class='ocrx_word' id='word_1_55' title='bbox 708 951 919 1026; x_wconf 90' lang='lat' dir='ltr'><strong>aestimandos,</strong></span> <span class='ocrx_word' id='word_1_56' title='bbox 946 953 1141 1031; x_wconf 86' lang='lat' dir='ltr'><strong>videbantur,</strong></span> <span class='ocrx_word' id='word_1_57' title='bbox 1168 980 1205 1016; x_wconf 90' lang='lat' dir='ltr'><strong>ue</strong></span> <span class='ocrx_word' id='word_1_58' title='bbox 1225 960 1299 1019; x_wconf 88' lang='lat' dir='ltr'><strong>forte</strong></span> 
     </span>
     <span class='ocr_line' id='line_1_8' title="bbox 66 1046 1298 1134; baseline 0.01 -29"><span class='ocrx_word' id='word_1_59' title='bbox 66 1048 258 1128; x_wconf 80' lang='lat' dir='ltr'><strong>imprudenter</strong></span> <span class='ocrx_word' id='word_1_60' title='bbox 268 1049 304 1106; x_wconf 91' lang='lat' dir='ltr'><strong>iis</strong></span> <span class='ocrx_word' id='word_1_61' title='bbox 316 1047 439 1121; x_wconf 87' lang='lat' dir='ltr'><strong>assensi,</strong></span> <span class='ocrx_word' id='word_1_62' title='bbox 458 1046 546 1124; x_wconf 86' lang='lat' dir='ltr'><strong>hujus</strong></span> <span class='ocrx_word' id='word_1_63' title='bbox 557 1046 661 1106; x_wconf 89' lang='lat' dir='ltr'><strong>fierent</strong></span> <span class='ocrx_word' id='word_1_64' title='bbox 670 1049 790 1107; x_wconf 90' lang='lat' dir='ltr'><strong>miserae</strong></span> <span class='ocrx_word' id='word_1_65' title='bbox 800 1048 981 1110; x_wconf 88' lang='lat' dir='ltr'><strong>conditionis</strong></span> <span class='ocrx_word' id='word_1_66' title='bbox 991 1055 1156 1134; x_wconf 81' lang='lat' dir='ltr'><strong>participes.</strong></span> <span class='ocrx_word' id='word_1_67' title='bbox 1187 1057 1298 1131; x_wconf 90' lang='lat' dir='ltr'><strong>Quodsi</strong></span> 
     </span>
     <span class='ocr_line' id='line_1_9' title="bbox 66 1144 1299 1228; baseline 0.01 -25"><span class='ocrx_word' id='word_1_68' title='bbox 66 1146 145 1205; x_wconf 90' lang='lat' dir='ltr'><strong>iidem</strong></span> <span class='ocrx_word' id='word_1_69' title='bbox 173 1167 227 1204; x_wconf 90' lang='lat' dir='ltr'><strong>nos</strong></span> <span class='ocrx_word' id='word_1_70' title='bbox 247 1158 365 1225; x_wconf 82' lang='lat' dir='ltr'><strong>rogant,</strong></span> <span class='ocrx_word' id='word_1_71' title='bbox 393 1144 467 1224; x_wconf 92' lang='lat' dir='ltr'><strong>quid</strong></span> <span class='ocrx_word' id='word_1_72' title='bbox 488 1146 559 1225; x_wconf 90' lang='lat' dir='ltr'><strong>ipsis</strong></span> <span class='ocrx_word' id='word_1_73' title='bbox 578 1146 768 1220; x_wconf 79' lang='lat' dir='ltr'><strong>suadeamus,</strong></span> <span class='ocrx_word' id='word_1_74' title='bbox 799 1147 935 1206; x_wconf 88' lang='lat' dir='ltr'><strong>iteramus</strong></span> <span class='ocrx_word' id='word_1_75' title='bbox 953 1151 1031 1226; x_wconf 93' lang='lat' dir='ltr'><strong>quod</strong></span> <span class='ocrx_word' id='word_1_76' title='bbox 1048 1151 1195 1228; x_wconf 83' lang='lat' dir='ltr'><strong>diximus,</strong></span> <span class='ocrx_word' id='word_1_77' title='bbox 1215 1177 1299 1216; x_wconf 91' lang='lat' dir='ltr'><strong>suum</strong></span> 
     </span>
     <span class='ocr_line' id='line_1_10' title="bbox 67 1241 1299 1331; baseline 0.01 -29"><span class='ocrx_word' id='word_1_78' title='bbox 67 1265 111 1304; x_wconf 92' lang='lat' dir='ltr'><strong>nos</strong></span> <span class='ocrx_word' id='word_1_79' title='bbox 126 1244 220 1302; x_wconf 86' lang='lat' dir='ltr'><strong>cuivis</strong></span> <span class='ocrx_word' id='word_1_80' title='bbox 234 1242 382 1320; x_wconf 90' lang='lat' dir='ltr'><strong>judicium</strong></span> <span class='ocrx_word' id='word_1_81' title='bbox 402 1241 587 1322; x_wconf 76' lang='lat' dir='ltr'><strong>1·elinquere,·</strong></span> <span class='ocrx_word' id='word_1_82' title='bbox 608 1265 709 1305; x_wconf 87' lang='lat' dir='ltr'><strong>verum</strong></span> <span class='ocrx_word' id='word_1_83' title='bbox 729 1245 769 1303; x_wconf 93' lang='lat' dir='ltr'><strong>sic</strong></span> <span class='ocrx_word' id='word_1_84' title='bbox 787 1244 873 1303; x_wconf 91' lang='lat' dir='ltr'><strong>uobis</strong></span> <span class='ocrx_word' id='word_1_85' title='bbox 891 1249 983 1305; x_wconf 92' lang='lat' dir='ltr'><strong>acturi</strong></span> <span class='ocrx_word' id='word_1_86' title='bbox 994 1248 1140 1328; x_wconf 89' lang='lat' dir='ltr'><strong>aptissime</strong></span> <span class='ocrx_word' id='word_1_87' title='bbox 1151 1252 1299 1331; x_wconf 85' lang='lat' dir='ltr'><strong>videmur,</strong></span> 
     </span>
     <span class='ocr_line' id='line_1_11' title="bbox 67 1341 1299 1432; baseline 0.011 -33"><span class='ocrx_word' id='word_1_88' title='bbox 67 1355 110 1415; x_wconf 90' lang='lat' dir='ltr'><strong>ut,</strong></span> <span class='ocrx_word' id='word_1_89' title='bbox 128 1343 151 1400; x_wconf 91' lang='lat' dir='ltr'><strong>si</strong></span> <span class='ocrx_word' id='word_1_90' title='bbox 171 1349 271 1419; x_wconf 82' lang='lat' dir='ltr'><strong>opinio</strong></span> <span class='ocrx_word' id='word_1_91' title='bbox 290 1341 457 1418; x_wconf 86' lang='lat' dir='ltr'><strong>quaeritur,</strong></span> <span class='ocrx_word' id='word_1_92' title='bbox 488 1363 505 1399; x_wconf 88' lang='lat' dir='ltr'><strong>a</strong></span> <span class='ocrx_word' id='word_1_93' title='bbox 526 1341 663 1421; x_wconf 88' lang='lat' dir='ltr'><strong>sophistis</strong></span> <span class='ocrx_word' id='word_1_94' title='bbox 684 1363 839 1422; x_wconf 88' lang='lat' dir='ltr'><strong>eorumque</strong></span> <span class='ocrx_word' id='word_1_95' title='bbox 862 1343 1008 1404; x_wconf 89' lang='lat' dir='ltr'><strong>similibus</strong></span> <span class='ocrx_word' id='word_1_96' title='bbox 1026 1346 1209 1429; x_wconf 93' lang='lat' dir='ltr'><strong>philosophis</strong></span> <span class='ocrx_word' id='word_1_97' title='bbox 1228 1373 1299 1432; x_wconf 91' lang='lat' dir='ltr'><strong>pro-</strong></span> 
     </span>
     <span class='ocr_line' id='line_1_12' title="bbox 66 1434 1300 1529; baseline 0.014 -34"><span class='ocrx_word' id='word_1_98' title='bbox 66 1439 193 1499; x_wconf 89' lang='lat' dir='ltr'><strong>ficiamus.</strong></span> <span class='ocrx_word' id='word_1_99' title='bbox 237 1440 310 1497; x_wconf 88' lang='lat' dir='ltr'><strong>Nam</strong></span> <span class='ocrx_word' id='word_1_100' title='bbox 331 1440 550 1512; x_wconf 76' lang='lat' dir='ltr'><strong>instar‘eorum‚</strong></span> <span class='ocrx_word' id='word_1_101' title='bbox 572 1461 643 1519; x_wconf 92' lang='lat' dir='ltr'><strong>quos</strong></span> <span class='ocrx_word' id='word_1_102' title='bbox 664 1441 746 1499; x_wconf 89' lang='lat' dir='ltr'><strong>Plato</strong></span> <span class='ocrx_word' id='word_1_103' title='bbox 768 1434 931 1526; x_wconf 79' lang='grc' dir='ltr'><strong><em>φιληκόους</em></strong></span> <span class='ocrx_word' id='word_1_104' title='bbox 948 1456 976 1502; x_wconf 90' lang='lat' dir='ltr'><strong>et</strong></span> <span class='ocrx_word' id='word_1_105' title='bbox 999 1440 1228 1529; x_wconf 75' lang='grc' dir='ltr'><em>φιλοθεάμονας</em></span> <span class='ocrx_word' id='word_1_106' title='bbox 1246 1474 1300 1512; x_wconf 89' lang='lat' dir='ltr'><strong>vo-</strong></span> 
     </span>
     <span class='ocr_line' id='line_1_13' title="bbox 65 1536 1299 1630; baseline 0.013 -36"><span class='ocrx_word' id='word_1_107' title='bbox 65 1551 119 1612; x_wconf 87' lang='lat' dir='ltr'><strong>cat,</strong></span> <span class='ocrx_word' id='word_1_108' title='bbox 147 1557 243 1596; x_wconf 89' lang='lat' dir='ltr'><strong>rerum</strong></span> <span class='ocrx_word' id='word_1_109' title='bbox 274 1536 414 1597; x_wconf 87' lang='lat' dir='ltr'><strong>videntur</strong></span> <span class='ocrx_word' id='word_1_110' title='bbox 433 1538 622 1616; x_wconf 89' lang='lat' dir='ltr'><strong>peritissimi,</strong></span> <span class='ocrx_word' id='word_1_111' title='bbox 654 1560 727 1618; x_wconf 93' lang='lat' dir='ltr'><strong>quae</strong></span> <span class='ocrx_word' id='word_1_112' title='bbox 756 1541 886 1602; x_wconf 84' lang='lat' dir='ltr'><strong>videndo</strong></span> <span class='ocrx_word' id='word_1_113' title='bbox 908 1545 1111 1624; x_wconf 90' lang='lat' dir='ltr'><strong>audiendoque</strong></span> <span class='ocrx_word' id='word_1_114' title='bbox 1132 1551 1299 1630; x_wconf 91' lang='lat' dir='ltr'><strong>percipiun-</strong></span> 
     </span>
     <span class='ocr_line' id='line_1_14' title="bbox 66 1633 1300 1721; baseline 0.014 -29"><span class='ocrx_word' id='word_1_115' title='bbox 66 1649 119 1708; x_wconf 88' lang='lat' dir='ltr'><strong>tur,</strong></span> <span class='ocrx_word' id='word_1_116' title='bbox 144 1637 258 1716; x_wconf 91' lang='lat' dir='ltr'><strong>ipsique</strong></span> <span class='ocrx_word' id='word_1_117' title='bbox 287 1635 372 1694; x_wconf 92' lang='lat' dir='ltr'><strong>nobis</strong></span> <span class='ocrx_word' id='word_1_118' title='bbox 400 1633 575 1694; x_wconf 87' lang='lat' dir='ltr'><strong>documento</strong></span> <span class='ocrx_word' id='word_1_119' title='bbox 604 1650 705 1711; x_wconf 87' lang='lat' dir='ltr'><strong>erunt,</strong></span> <span class='ocrx_word' id='word_1_120' title='bbox 736 1659 821 1716; x_wconf 90' lang='lat' dir='ltr'><strong>quam</strong></span> <span class='ocrx_word' id='word_1_121' title='bbox 853 1662 955 1721; x_wconf 91' lang='lat' dir='ltr'><strong>parum</strong></span> <span class='ocrx_word' id='word_1_122' title='bbox 986 1645 1024 1702; x_wconf 91' lang='lat' dir='ltr'><strong>sit</strong></span> <span class='ocrx_word' id='word_1_123' title='bbox 1054 1658 1082 1702; x_wconf 94' lang='lat' dir='ltr'><strong>et</strong></span> <span class='ocrx_word' id='word_1_124' title='bbox 1112 1648 1245 1708; x_wconf 87' lang='lat' dir='ltr'><strong>sensibus</strong></span> <span class='ocrx_word' id='word_1_125' title='bbox 1271 1664 1300 1708; x_wconf 91' lang='lat' dir='ltr'><strong>et</strong></span> 
     </span>
     <span class='ocr_line' id='line_1_15' title="bbox 66 1732 1300 1813; baseline 0.011 -23"><span class='ocrx_word' id='word_1_126' title='bbox 66 1732 163 1792; x_wconf 90' lang='lat' dir='ltr'><strong>talibus</strong></span> <span class='ocrx_word' id='word_1_127' title='bbox 183 1734 353 1792; x_wconf 89' lang='lat' dir='ltr'><strong>hominibus</strong></span> <span class='ocrx_word' id='word_1_128' title='bbox 374 1734 412 1792; x_wconf 91' lang='lat' dir='ltr'><strong>ad</strong></span> <span class='ocrx_word' id='word_1_129' title='bbox 434 1755 504 1794; x_wconf 79' lang='lat' dir='ltr'><strong>tera</strong></span> <span class='ocrx_word' id='word_1_130' title='bbox 524 1733 703 1813; x_wconf 89' lang='lat' dir='ltr'><strong>assequenda</strong></span> <span class='ocrx_word' id='word_1_131' title='bbox 723 1735 794 1795; x_wconf 88' lang='lat' dir='ltr'><strong>lidei</strong></span> <span class='ocrx_word' id='word_1_132' title='bbox 817 1738 1017 1800; x_wconf 86' lang='lat' dir='ltr'><strong>tribuendum.</strong></span> <span class='ocrx_word' id='word_1_133' title='bbox 1060 1741 1113 1801; x_wconf 89' lang='lat' dir='ltr'><strong>Sin</strong></span> <span class='ocrx_word' id='word_1_134' title='bbox 1139 1753 1300 1804; x_wconf 79' lang='lat' dir='ltr'><strong>seientiam</strong></span> 
     </span>
     <span class='ocr_line' id='line_1_16' title="bbox 66 1830 1298 1916; baseline 0.01 -28"><span class='ocrx_word' id='word_1_135' title='bbox 66 1844 90 1888; x_wconf 90' lang='lat' dir='ltr'><strong>et</strong></span> <span class='ocrx_word' id='word_1_136' title='bbox 106 1840 265 1890; x_wconf 59' lang='lat' dir='ltr'><strong>veratatem</strong></span> <span class='ocrx_word' id='word_1_137' title='bbox 281 1831 464 1910; x_wconf 89' lang='lat' dir='ltr'><strong>quaerimus,</strong></span> <span class='ocrx_word' id='word_1_138' title='bbox 486 1853 547 1890; x_wconf 86' lang='lat' dir='ltr'><strong>non</strong></span> <span class='ocrx_word' id='word_1_139' title='bbox 570 1830 732 1892; x_wconf 88' lang='lat' dir='ltr'><strong>audiendos</strong></span> <span class='ocrx_word' id='word_1_140' title='bbox 750 1833 817 1893; x_wconf 90' lang='lat' dir='ltr'><strong>illos</strong></span> <span class='ocrx_word' id='word_1_141' title='bbox 836 1850 989 1916; x_wconf 89' lang='lat' dir='ltr'><strong>putemus:</strong></span> <span class='ocrx_word' id='word_1_142' title='bbox 1011 1852 1079 1898; x_wconf 90' lang='lat' dir='ltr'><strong>sunt</strong></span> <span class='ocrx_word' id='word_1_143' title='bbox 1097 1841 1176 1900; x_wconf 90' lang='lat' dir='ltr'><strong>enim</strong></span> <span class='ocrx_word' id='word_1_144' title='bbox 1195 1841 1298 1900; x_wconf 88' lang='lat' dir='ltr'><strong>harum</strong></span> 
     </span>
     <span class='ocr_line' id='line_1_17' title="bbox 66 1929 1298 2012; baseline 0.009 -27"><span class='ocrx_word' id='word_1_145' title='bbox 66 1949 150 1987; x_wconf 90' lang='lat' dir='ltr'><strong>rerum</strong></span> <span class='ocrx_word' id='word_1_146' title='bbox 169 1931 265 2010; x_wconf 82' lang='lat' dir='ltr'><strong>ignari</strong></span> <span class='ocrx_word' id='word_1_147' title='bbox 282 1931 379 2011; x_wconf 90' lang='lat' dir='ltr'><strong>plane.</strong></span> <span class='ocrx_word' id='word_1_148' title='bbox 409 1929 471 1988; x_wconf 85' lang='lat' dir='ltr'><strong>imo</strong></span> <span class='ocrx_word' id='word_1_149' title='bbox 491 1929 652 1988; x_wconf 89' lang='lat' dir='ltr'><strong>manebunt</strong></span> <span class='ocrx_word' id='word_1_150' title='bbox 671 1930 719 1988; x_wconf 90' lang='lat' dir='ltr'><strong>isti</strong></span> <span class='ocrx_word' id='word_1_151' title='bbox 740 1931 772 1989; x_wconf 90' lang='lat' dir='ltr'><strong>in</strong></span> <span class='ocrx_word' id='word_1_152' title='bbox 794 1952 882 2012; x_wconf 92' lang='lat' dir='ltr'><strong>specu</strong></span> <span class='ocrx_word' id='word_1_153' title='bbox 903 1934 956 1993; x_wconf 93' lang='lat' dir='ltr'><strong>illo</strong></span> <span class='ocrx_word' id='word_1_154' title='bbox 977 1957 1045 2010; x_wconf 76' lang='lat' dir='ltr'><strong>suo,</strong></span> <span class='ocrx_word' id='word_1_155' title='bbox 1069 1956 1121 1994; x_wconf 91' lang='lat' dir='ltr'><strong>nos</strong></span> <span class='ocrx_word' id='word_1_156' title='bbox 1145 1957 1214 1997; x_wconf 78' lang='lat' dir='ltr'><strong>tero</strong></span> <span class='ocrx_word' id='word_1_157' title='bbox 1233 1959 1298 1996; x_wconf 90' lang='lat' dir='ltr'><strong>cum</strong></span> 
     </span>
     <span class='ocr_line' id='line_1_18' title="bbox 66 2025 1299 2112; baseline 0.011 -29"><span class='ocrx_word' id='word_1_158' title='bbox 66 2027 174 2086; x_wconf 90' lang='lat' dir='ltr'><strong>Platone</strong></span> <span class='ocrx_word' id='word_1_159' title='bbox 206 2030 239 2087; x_wconf 91' lang='lat' dir='ltr'><strong>in</strong></span> <span class='ocrx_word' id='word_1_160' title='bbox 271 2028 394 2086; x_wconf 91' lang='lat' dir='ltr'><strong>alterum</strong></span> <span class='ocrx_word' id='word_1_161' title='bbox 424 2026 512 2085; x_wconf 88' lang='lat' dir='ltr'><strong>illum</strong></span> <span class='ocrx_word' id='word_1_162' title='bbox 532 2025 695 2100; x_wconf 89' lang='lat' dir='ltr'><strong>mundum,</strong></span> <span class='ocrx_word' id='word_1_163' title='bbox 725 2029 817 2108; x_wconf 93' lang='lat' dir='ltr'><strong>ipsius</strong></span> <span class='ocrx_word' id='word_1_164' title='bbox 838 2032 969 2091; x_wconf 82' lang='lat' dir='ltr'><strong>veritatis</strong></span> <span class='ocrx_word' id='word_1_165' title='bbox 989 2053 1130 2112; x_wconf 81' lang='lat' dir='ltr'><strong>regnum,</strong></span> <span class='ocrx_word' id='word_1_166' title='bbox 1161 2036 1299 2096; x_wconf 85' lang='lat' dir='ltr'><strong>scientiae</strong></span> 
     </span>
     <span class='ocr_line' id='line_1_19' title="bbox 67 2123 1280 2203; baseline 0.007 -22"><span class='ocrx_word' id='word_1_167' title='bbox 67 2137 90 2182; x_wconf 89' lang='lat' dir='ltr'><strong>et</strong></span> <span class='ocrx_word' id='word_1_168' title='bbox 109 2126 235 2185; x_wconf 88' lang='lat' dir='ltr'><strong>veritatis</strong></span> <span class='ocrx_word' id='word_1_169' title='bbox 257 2124 451 2203; x_wconf 86' lang='lat' dir='ltr'><strong>assequendae</strong></span> <span class='ocrx_word' id='word_1_170' title='bbox 471 2124 571 2182; x_wconf 74' lang='lat' dir='ltr'><strong>caussa</strong></span> <span class='ocrx_word' id='word_1_171' title='bbox 581 2169 590 2198; x_wconf 92' lang='lat'><strong>,</strong></span> <span class='ocrx_word' id='word_1_172' title='bbox 611 2123 806 2186; x_wconf 80' lang='lat' dir='ltr'><strong>ascendemus.</strong></span> <span class='ocrx_word' id='word_1_173' title='bbox 1276 2140 1280 2146; x_wconf 88' lang='grc'><strong><em>’</em></strong></span> 
     </span>
     <span class='ocr_line' id='line_1_20' title="bbox 101 2221 1299 2307; baseline 0.008 -26"><span class='ocrx_word' id='word_1_174' title='bbox 101 2223 206 2296; x_wconf 88' lang='lat' dir='ltr'><strong>Quodsi</strong></span> <span class='ocrx_word' id='word_1_175' title='bbox 226 2223 306 2282; x_wconf 89' lang='lat' dir='ltr'><strong>huno</strong></span> <span class='ocrx_word' id='word_1_176' title='bbox 327 2224 361 2281; x_wconf 88' lang='lat' dir='ltr'><strong>in</strong></span> <span class='ocrx_word' id='word_1_177' title='bbox 381 2222 500 2281; x_wconf 90' lang='lat' dir='ltr'><strong>modum</strong></span> <span class='ocrx_word' id='word_1_178' title='bbox 520 2221 733 2279; x_wconf 89' lang='lat' dir='ltr'><strong>aestimandum</strong></span> <span class='ocrx_word' id='word_1_179' title='bbox 755 2221 841 2281; x_wconf 90' lang='lat' dir='ltr'><strong>nobis</strong></span> <span class='ocrx_word' id='word_1_180' title='bbox 862 2223 898 2282; x_wconf 90' lang='lat' dir='ltr'><strong>de</strong></span> <span class='ocrx_word' id='word_1_181' title='bbox 919 2224 981 2283; x_wconf 92' lang='lat' dir='ltr'><strong>illis</strong></span> <span class='ocrx_word' id='word_1_182' title='bbox 1003 2241 1060 2303; x_wconf 91' lang='lat' dir='ltr'><strong>est,</strong></span> <span class='ocrx_word' id='word_1_183' title='bbox 1081 2229 1132 2307; x_wconf 92' lang='lat' dir='ltr'><strong>qui</strong></span> <span class='ocrx_word' id='word_1_184' title='bbox 1153 2229 1190 2289; x_wconf 90' lang='lat' dir='ltr'><strong>ab</strong></span> <span class='ocrx_word' id='word_1_185' title='bbox 1211 2232 1299 2290; x_wconf 90' lang='lat' dir='ltr'><strong>initio</strong></span> 
     </span>
     <span class='ocr_line' id='line_1_21' title="bbox 67 2317 1297 2407; baseline 0.01 -30"><span class='ocrx_word' id='word_1_186' title='bbox 67 2317 262 2401; x_wconf 86' lang='lat' dir='ltr'><strong>disputationis</strong></span> <span class='ocrx_word' id='word_1_187' title='bbox 292 2334 404 2380; x_wconf 89' lang='lat' dir='ltr'><strong>nostrae</strong></span> <span class='ocrx_word' id='word_1_188' title='bbox 433 2317 587 2379; x_wconf 87' lang='lat' dir='ltr'><strong>occludere</strong></span> <span class='ocrx_word' id='word_1_189' title='bbox 611 2317 697 2376; x_wconf 90' lang='lat' dir='ltr'><strong>nobis</strong></span> <span class='ocrx_word' id='word_1_190' title='bbox 719 2317 831 2377; x_wconf 86' lang='lat' dir='ltr'><strong>aditum</strong></span> <span class='ocrx_word' id='word_1_191' title='bbox 851 2321 889 2380; x_wconf 92' lang='lat' dir='ltr'><strong>ad</strong></span> <span class='ocrx_word' id='word_1_192' title='bbox 911 2325 973 2383; x_wconf 84' lang='lat' dir='ltr'><strong>veri</strong></span> <span class='ocrx_word' id='word_1_193' title='bbox 995 2324 1211 2407; x_wconf 89' lang='lat' dir='ltr'><strong>philosophiam</strong></span> <span class='ocrx_word' id='word_1_194' title='bbox 1232 2344 1297 2388; x_wconf 93' lang='lat' dir='ltr'><strong>stu-</strong></span> 
     </span>
     <span class='ocr_line' id='line_1_22' title="bbox 68 2413 1299 2507; baseline 0.007 -28"><span class='ocrx_word' id='word_1_195' title='bbox 68 2418 184 2481; x_wconf 86' lang='lat' dir='ltr'><strong>duerunt</strong></span> <span class='ocrx_word' id='word_1_196' title='bbox 206 2419 256 2499; x_wconf 82' lang='lat'><strong>1),</strong></span> <span class='ocrx_word' id='word_1_197' title='bbox 285 2440 351 2479; x_wconf 91' lang='lat' dir='ltr'><strong>non.</strong></span> <span class='ocrx_word' id='word_1_198' title='bbox 369 2418 472 2498; x_wconf 83' lang='lat' dir='ltr'><strong>video,</strong></span> <span class='ocrx_word' id='word_1_199' title='bbox 493 2417 566 2497; x_wconf 91' lang='lat' dir='ltr'><strong>quid</strong></span> <span class='ocrx_word' id='word_1_200' title='bbox 590 2413 688 2476; x_wconf 89' lang='lat' dir='ltr'><strong>obsint</strong></span> <span class='ocrx_word' id='word_1_201' title='bbox 712 2417 800 2478; x_wconf 87' lang='lat' dir='ltr'><strong>uobis</strong></span> <span class='ocrx_word' id='word_1_202' title='bbox 821 2440 919 2478; x_wconf 90' lang='lat' dir='ltr'><strong>eorum</strong></span> <span class='ocrx_word' id='word_1_203' title='bbox 940 2422 1162 2502; x_wconf 83' lang='lat' dir='ltr'><strong>cavillationes,</strong></span> <span class='ocrx_word' id='word_1_204' title='bbox 1183 2431 1299 2507; x_wconf 89' lang='lat' dir='ltr'><strong>quomi-</strong></span> 
     </span>
     <span class='ocr_line' id='line_1_23' title="bbox 72 2509 1299 2602; baseline 0.006 -27"><span class='ocrx_word' id='word_1_205' title='bbox 72 2539 119 2577; x_wconf 90' lang='lat' dir='ltr'><strong>nus</strong></span> <span class='ocrx_word' id='word_1_206' title='bbox 147 2521 199 2578; x_wconf 92' lang='lat' dir='ltr'><strong>iter</strong></span> <span class='ocrx_word' id='word_1_207' title='bbox 232 2531 362 2578; x_wconf 89' lang='lat' dir='ltr'><strong>nostrum</strong></span> <span class='ocrx_word' id='word_1_208' title='bbox 395 2517 433 2577; x_wconf 91' lang='lat' dir='ltr'><strong>ad</strong></span> <span class='ocrx_word' id='word_1_209' title='bbox 463 2518 545 2592; x_wconf 84' lang='lat' dir='ltr'><strong>veri,</strong></span> <span class='ocrx_word' id='word_1_210' title='bbox 576 2509 744 2575; x_wconf 71' lang='grc' dir='ltr'><strong><em>αὐτοῦτοῦ</em></strong></span> <span class='ocrx_word' id='word_1_211' title='bbox 766 2509 852 2590; x_wconf 78' lang='grc' dir='ltr'><em>ὄντος</em></span> <span class='ocrx_word' id='word_1_212' title='bbox 871 2520 1038 2594; x_wconf 91' lang='lat' dir='ltr'><strong>scientiam,</strong></span> <span class='ocrx_word' id='word_1_213' title='bbox 1068 2522 1147 2598; x_wconf 87' lang='lat' dir='ltr'><strong>quod</strong></span> <span class='ocrx_word' id='word_1_214' title='bbox 1167 2543 1299 2602; x_wconf 76' lang='lat' dir='ltr'><strong>magnam</strong></span> 
     </span>
     <span class='ocr_line' id='line_1_24' title="bbox 68 2615 1318 2698; baseline 0.006 -26"><span class='ocrx_word' id='word_1_215' title='bbox 68 2629 165 2693; x_wconf 90' lang='lat' dir='ltr'><strong>partem</strong></span> <span class='ocrx_word' id='word_1_216' title='bbox 193 2615 392 2690; x_wconf 89' lang='lat' dir='ltr'><strong>confecimus,</strong></span> <span class='ocrx_word' id='word_1_217' title='bbox 423 2636 636 2695; x_wconf 90' lang='lat' dir='ltr'><strong>persequamur.</strong></span> <span class='ocrx_word' id='word_1_218' title='bbox 680 2617 762 2691; x_wconf 89' lang='lat' dir='ltr'><strong>Quin</strong></span> <span class='ocrx_word' id='word_1_219' title='bbox 794 2619 880 2676; x_wconf 89' lang='lat' dir='ltr'><strong>etiam</strong></span> <span class='ocrx_word' id='word_1_220' title='bbox 912 2617 1054 2696; x_wconf 86' lang='lat' dir='ltr'><strong>profuisse</strong></span> <span class='ocrx_word' id='word_1_221' title='bbox 1085 2617 1172 2677; x_wconf 92' lang='lat' dir='ltr'><strong>nobis</strong></span> <span class='ocrx_word' id='word_1_222' title='bbox 1193 2621 1240 2679; x_wconf 91' lang='lat' dir='ltr'><strong>illi</strong></span> <span class='ocrx_word' id='word_1_223' title='bbox 1261 2620 1318 2698; x_wconf 30' lang='lat' dir='ltr'><strong>ad,</strong></span> 
     </span>
     <span class='ocr_line' id='line_1_25' title="bbox 69 2713 1294 2795; baseline 0.005 -25"><span class='ocrx_word' id='word_1_224' title='bbox 69 2713 265 2792; x_wconf 87' lang='lat' dir='ltr'><strong>assequendam</strong></span> <span class='ocrx_word' id='word_1_225' title='bbox 297 2733 358 2771; x_wconf 87' lang='lat' dir='ltr'><strong>eam</strong></span> <span class='ocrx_word' id='word_1_226' title='bbox 387 2733 420 2772; x_wconf 95' lang='lat' dir='ltr'><strong>ac</strong></span> <span class='ocrx_word' id='word_1_227' title='bbox 450 2713 671 2795; x_wconf 87' lang='lat' dir='ltr'><strong>percipiendam</strong></span> <span class='ocrx_word' id='word_1_228' title='bbox 701 2713 824 2772; x_wconf 88' lang='lat' dir='ltr'><strong>mirifice</strong></span> <span class='ocrx_word' id='word_1_229' title='bbox 845 2713 995 2775; x_wconf 83' lang='lat' dir='ltr'><strong>videntur.</strong></span> <span class='ocrx_word' id='word_1_230' title='bbox 1038 2716 1110 2773; x_wconf 91' lang='lat' dir='ltr'><strong>Nam</strong></span> <span class='ocrx_word' id='word_1_231' title='bbox 1130 2713 1294 2776; x_wconf 91' lang='lat' dir='ltr'><strong>dubitatio-</strong></span> 
     </span>
     <span class='ocr_line' id='line_1_26' title="bbox 69 2810 1300 2894; baseline 0.006 -27"><span class='ocrx_word' id='word_1_232' title='bbox 69 2811 147 2882; x_wconf 79' lang='lat' dir='ltr'><strong>nibus</strong></span> <span class='ocrx_word' id='word_1_233' title='bbox 168 2833 267 2872; x_wconf 88' lang='lat' dir='ltr'><strong>eorum</strong></span> <span class='ocrx_word' id='word_1_234' title='bbox 293 2812 440 2890; x_wconf 89' lang='lat' dir='ltr'><strong>acutisque</strong></span> <span class='ocrx_word' id='word_1_235' title='bbox 471 2813 623 2871; x_wconf 89' lang='lat' dir='ltr'><strong>sententiis</strong></span> <span class='ocrx_word' id='word_1_236' title='bbox 650 2811 726 2869; x_wconf 90' lang='lat' dir='ltr'><strong>hanc</strong></span> <span class='ocrx_word' id='word_1_237' title='bbox 752 2823 840 2869; x_wconf 90' lang='lat' dir='ltr'><strong>totam</strong></span> <span class='ocrx_word' id='word_1_238' title='bbox 876 2810 1014 2869; x_wconf 86' lang='lat' dir='ltr'><strong>debemus</strong></span> <span class='ocrx_word' id='word_1_239' title='bbox 1042 2811 1080 2872; x_wconf 89' lang='lat' dir='ltr'><strong>de</strong></span> <span class='ocrx_word' id='word_1_240' title='bbox 1106 2815 1244 2894; x_wconf 91' lang='lat' dir='ltr'><strong>opinione</strong></span> <span class='ocrx_word' id='word_1_241' title='bbox 1271 2829 1300 2874; x_wconf 91' lang='lat' dir='ltr'><strong>et</strong></span> 
     </span>
     <span class='ocr_line' id='line_1_27' title="bbox 70 2903 1299 2989; baseline 0.005 -25"><span class='ocrx_word' id='word_1_242' title='bbox 70 2909 177 2968; x_wconf 88' lang='lat' dir='ltr'><strong>scientia</strong></span> <span class='ocrx_word' id='word_1_243' title='bbox 210 2909 464 2987; x_wconf 90' lang='lat' dir='ltr'><strong>disquisitionem,</strong></span> <span class='ocrx_word' id='word_1_244' title='bbox 496 2922 528 2967; x_wconf 92' lang='lat' dir='ltr'><strong>ut</strong></span> <span class='ocrx_word' id='word_1_245' title='bbox 558 2931 638 2968; x_wconf 93' lang='lat' dir='ltr'><strong>nunc</strong></span> <span class='ocrx_word' id='word_1_246' title='bbox 669 2907 748 2989; x_wconf 92' lang='lat' dir='ltr'><strong>apud</strong></span> <span class='ocrx_word' id='word_1_247' title='bbox 770 2903 822 2968; x_wconf 86' lang='lat' dir='ltr'><strong>rios</strong></span> <span class='ocrx_word' id='word_1_248' title='bbox 843 2923 972 2982; x_wconf 91' lang='lat' dir='ltr'><strong>constet,</strong></span> <span class='ocrx_word' id='word_1_249' title='bbox 1002 2911 1075 2987; x_wconf 93' lang='lat' dir='ltr'><strong>quid</strong></span> <span class='ocrx_word' id='word_1_250' title='bbox 1096 2912 1229 2972; x_wconf 91' lang='lat' dir='ltr'><strong>sensibus</strong></span> <span class='ocrx_word' id='word_1_251' title='bbox 1249 2915 1299 2971; x_wconf 89' lang='lat' dir='ltr'><strong>tri·</strong></span> 
     </span>
     <span class='ocr_line' id='line_1_28' title="bbox 69 3005 1300 3091; baseline 0.006 -29"><span class='ocrx_word' id='word_1_252' title='bbox 69 3005 207 3066; x_wconf 84' lang='lat' dir='ltr'><strong>buendum</strong></span> <span class='ocrx_word' id='word_1_253' title='bbox 230 3007 268 3066; x_wconf 90' lang='lat' dir='ltr'><strong>de</strong></span> <span class='ocrx_word' id='word_1_254' title='bbox 289 3007 416 3066; x_wconf 90' lang='lat' dir='ltr'><strong>Platonis</strong></span> <span class='ocrx_word' id='word_1_255' title='bbox 437 3009 581 3066; x_wconf 90' lang='lat' dir='ltr'><strong>sententia</strong></span> <span class='ocrx_word' id='word_1_256' title='bbox 602 3009 660 3082; x_wconf 90' lang='lat' dir='ltr'><strong>sit,</strong></span> <span class='ocrx_word' id='word_1_257' title='bbox 691 3006 765 3086; x_wconf 88' lang='lat' dir='ltr'><strong>quid</strong></span> <span class='ocrx_word' id='word_1_258' title='bbox 785 3006 969 3087; x_wconf 80' lang='lat' dir='ltr'><strong>negandum,</strong></span> <span class='ocrx_word' id='word_1_259' title='bbox 990 3006 1062 3085; x_wconf 93' lang='lat' dir='ltr'><strong>quid</strong></span> <span class='ocrx_word' id='word_1_260' title='bbox 1084 3009 1162 3068; x_wconf 88' lang='lat' dir='ltr'><strong>inter</strong></span> <span class='ocrx_word' id='word_1_261' title='bbox 1182 3013 1300 3091; x_wconf 88' lang='lat' dir='ltr'><strong>opinio-</strong></span> 
     </span>
     <span class='ocr_line' id='line_1_29' title="bbox 70 3105 1298 3186; baseline 0.005 -25"><span class='ocrx_word' id='word_1_262' title='bbox 70 3124 140 3181; x_wconf 89' lang='lat' dir='ltr'><strong>nem,</strong></span> <span class='ocrx_word' id='word_1_263' title='bbox 161 3128 247 3184; x_wconf 87' lang='lat' dir='ltr'><strong>quam</strong></span> <span class='ocrx_word' id='word_1_264' title='bbox 268 3105 417 3179; x_wconf 91' lang='lat' dir='ltr'><strong>sensibus,</strong></span> <span class='ocrx_word' id='word_1_265' title='bbox 440 3119 468 3164; x_wconf 89' lang='lat' dir='ltr'><strong>et</strong></span> <span class='ocrx_word' id='word_1_266' title='bbox 489 3105 661 3178; x_wconf 85' lang='lat' dir='ltr'><strong>scientiam,</strong></span> <span class='ocrx_word' id='word_1_267' title='bbox 684 3125 770 3182; x_wconf 91' lang='lat' dir='ltr'><strong>quam</strong></span> <span class='ocrx_word' id='word_1_268' title='bbox 791 3106 849 3186; x_wconf 92' lang='lat' dir='ltr'><strong>ipsi</strong></span> <span class='ocrx_word' id='word_1_269' title='bbox 870 3107 960 3166; x_wconf 90' lang='lat' dir='ltr'><strong>m&#39;enti</strong></span> <span class='ocrx_word' id='word_1_270' title='bbox 982 3106 1138 3182; x_wconf 81' lang='lat' dir='ltr'><strong>debemus‚·</strong></span> <span class='ocrx_word' id='word_1_271' title='bbox 1156 3106 1298 3167; x_wconf 91' lang='lat' dir='ltr'><strong>discrimi-</strong></span> 
     </span>
     <span class='ocr_line' id='line_1_30' title="bbox 70 3202 1298 3286; baseline 0.006 -27"><span class='ocrx_word' id='word_1_272' title='bbox 70 3203 109 3260; x_wconf 89' lang='lat' dir='ltr'><strong>nis</strong></span> <span class='ocrx_word' id='word_1_273' title='bbox 127 3203 203 3286; x_wconf 93' lang='lat' dir='ltr'><strong>apud</strong></span> <span class='ocrx_word' id='word_1_274' title='bbox 235 3224 301 3262; x_wconf 91' lang='lat' dir='ltr'><strong>eum</strong></span> <span class='ocrx_word' id='word_1_275' title='bbox 322 3204 378 3278; x_wconf 92' lang='lat' dir='ltr'><strong>sit,</strong></span> <span class='ocrx_word' id='word_1_276' title='bbox 408 3224 481 3282; x_wconf 90' lang='lat' dir='ltr'><strong>quae</strong></span> <span class='ocrx_word' id='word_1_277' title='bbox 501 3203 571 3262; x_wconf 91' lang='lat' dir='ltr'><strong>item</strong></span> <span class='ocrx_word' id='word_1_278' title='bbox 591 3202 802 3286; x_wconf 86' lang='lat' dir='ltr'><strong>scepticorum,</strong></span> <span class='ocrx_word' id='word_1_279' title='bbox 834 3225 906 3282; x_wconf 90' lang='lat' dir='ltr'><strong>quae</strong></span> <span class='ocrx_word' id='word_1_280' title='bbox 926 3205 1152 3285; x_wconf 85' lang='lat' dir='ltr'><strong>dogmaticorum</strong></span> <span class='ocrx_word' id='word_1_281' title='bbox 1173 3207 1211 3265; x_wconf 92' lang='lat' dir='ltr'><strong>sit</strong></span> <span class='ocrx_word' id='word_1_282' title='bbox 1231 3228 1298 3266; x_wconf 91' lang='lat' dir='ltr'><strong>con·</strong></span> 
     </span>
     <span class='ocr_line' id='line_1_31' title="bbox 70 3297 1298 3383; baseline 0.008 -27"><span class='ocrx_word' id='word_1_283' title='bbox 70 3297 136 3360; x_wconf 91' lang='lat' dir='ltr'><strong>ditio</strong></span> <span class='ocrx_word' id='word_1_284' title='bbox 161 3317 189 3361; x_wconf 92' lang='lat' dir='ltr'><strong>et</strong></span> <span class='ocrx_word' id='word_1_285' title='bbox 216 3315 358 3381; x_wconf 88' lang='lat' dir='ltr'><strong>quantum</strong></span> <span class='ocrx_word' id='word_1_286' title='bbox 388 3301 490 3360; x_wconf 91' lang='lat' dir='ltr'><strong>horum</strong></span> <span class='ocrx_word' id='word_1_287' title='bbox 521 3300 558 3359; x_wconf 90' lang='lat' dir='ltr'><strong>de</strong></span> <span class='ocrx_word' id='word_1_288' title='bbox 587 3303 709 3361; x_wconf 88' lang='lat' dir='ltr'><strong>scientia</strong></span> <span class='ocrx_word' id='word_1_289' title='bbox 730 3302 958 3383; x_wconf 88' lang='lat' dir='ltr'><strong>philosophandi</strong></span> <span class='ocrx_word' id='word_1_290' title='bbox 979 3304 1085 3363; x_wconf 90' lang='lat' dir='ltr'><strong>rationi</strong></span> <span class='ocrx_word' id='word_1_291' title='bbox 1106 3305 1180 3364; x_wconf 87' lang='lat' dir='ltr'><strong>ratio</strong></span> <span class='ocrx_word' id='word_1_292' title='bbox 1200 3305 1298 3366; x_wconf 89' lang='lat' dir='ltr'><strong>Plato·</strong></span> 
     </span>
     <span class='ocr_line' id='line_1_32' title="bbox 71 3387 1297 3487; baseline 0.011 -34"><span class='ocrx_word' id='word_1_293' title='bbox 71 3397 110 3454; x_wconf 87' lang='lat' dir='ltr'><strong>nis</strong></span> <span class='ocrx_word' id='word_1_294' title='bbox 134 3413 267 3478; x_wconf 87' lang='lat' dir='ltr'><strong>praestet.</strong></span> <span class='ocrx_word' id='word_1_295' title='bbox 310 3401 386 3458; x_wconf 89' lang='lat' dir='ltr'><strong>Tum</strong></span> <span class='ocrx_word' id='word_1_296' title='bbox 406 3420 492 3472; x_wconf 84' lang='lat' dir='ltr'><strong>vero,</strong></span> <span class='ocrx_word' id='word_1_297' title='bbox 524 3399 547 3456; x_wconf 94' lang='lat' dir='ltr'><strong>si</strong></span> <span class='ocrx_word' id='word_1_298' title='bbox 564 3398 730 3461; x_wconf 89' lang='lat' dir='ltr'><strong>Platonicae</strong></span> <span class='ocrx_word' id='word_1_299' title='bbox 750 3400 952 3482; x_wconf 90' lang='lat' dir='ltr'><strong>philosophiae</strong></span> <span class='ocrx_word' id='word_1_300' title='bbox 973 3387 1101 3461; x_wconf 85' lang='lat' dir='ltr'><strong>studium</strong></span> <span class='ocrx_word' id='word_1_301' title='bbox 1122 3403 1197 3464; x_wconf 88' lang='lat' dir='ltr'><strong>hauc</strong></span> <span class='ocrx_word' id='word_1_302' title='bbox 1219 3407 1297 3487; x_wconf 90' lang='lat' dir='ltr'><strong>apud</strong></span> 
     </span>
     <span class='ocr_line' id='line_1_33' title="bbox 71 3496 1299 3581; baseline 0.01 -31"><span class='ocrx_word' id='word_1_303' title='bbox 71 3513 115 3575; x_wconf 81' lang='lat' dir='ltr'><strong>nos</strong></span> <span class='ocrx_word' id='word_1_304' title='bbox 139 3497 197 3556; x_wconf 89' lang='lat' dir='ltr'><strong>vim</strong></span> <span class='ocrx_word' id='word_1_305' title='bbox 227 3496 335 3556; x_wconf 89' lang='lat' dir='ltr'><strong>habere</strong></span> <span class='ocrx_word' id='word_1_306' title='bbox 366 3497 472 3572; x_wconf 90' lang='lat' dir='ltr'><strong>debet,</strong></span> <span class='ocrx_word' id='word_1_307' title='bbox 505 3510 537 3555; x_wconf 89' lang='lat' dir='ltr'><strong>ut</strong></span> <span class='ocrx_word' id='word_1_308' title='bbox 567 3497 624 3576; x_wconf 91' lang='lat' dir='ltr'><strong>ipsi</strong></span> <span class='ocrx_word' id='word_1_309' title='bbox 645 3498 846 3579; x_wconf 85' lang='lat' dir='ltr'><strong>philosophari</strong></span> <span class='ocrx_word' id='word_1_310' title='bbox 868 3513 944 3558; x_wconf 91' lang='lat' dir='ltr'><strong>recte</strong></span> <span class='ocrx_word' id='word_1_311' title='bbox 965 3499 1130 3575; x_wconf 86' lang='lat' dir='ltr'><strong>discamus,</strong></span> <span class='ocrx_word' id='word_1_312' title='bbox 1160 3503 1299 3581; x_wconf 88' lang='lat' dir='ltr'><strong>prolicere</strong></span> 
     </span>
     <span class='ocr_line' id='line_1_34' title="bbox 71 3590 1297 3676; baseline 0.007 -26"><span class='ocrx_word' id='word_1_313' title='bbox 71 3592 148 3652; x_wconf 92' lang='lat' dir='ltr'><strong>nobis</strong></span> <span class='ocrx_word' id='word_1_314' title='bbox 166 3616 203 3652; x_wconf 84' lang='lat' dir='ltr'><strong>ex</strong></span> <span class='ocrx_word' id='word_1_315' title='bbox 225 3595 327 3654; x_wconf 92' lang='lat' dir='ltr'><strong>eadem</strong></span> <span class='ocrx_word' id='word_1_316' title='bbox 348 3590 402 3653; x_wconf 82' lang='lat' dir='ltr'><strong>hac</strong></span> <span class='ocrx_word' id='word_1_317' title='bbox 424 3594 629 3674; x_wconf 86' lang='lat' dir='ltr'><strong>disquisitione</strong></span> <span class='ocrx_word' id='word_1_318' title='bbox 650 3593 688 3652; x_wconf 90' lang='lat' dir='ltr'><strong>ad</strong></span> <span class='ocrx_word' id='word_1_319' title='bbox 709 3598 878 3656; x_wconf 90' lang='lat' dir='ltr'><strong>recentioris</strong></span> <span class='ocrx_word' id='word_1_320' title='bbox 899 3599 986 3657; x_wconf 92' lang='lat' dir='ltr'><strong>etiam</strong></span> <span class='ocrx_word' id='word_1_321' title='bbox 1006 3600 1070 3659; x_wconf 86' lang='lat' dir='ltr'><strong>aevi</strong></span> <span class='ocrx_word' id='word_1_322' title='bbox 1092 3597 1234 3676; x_wconf 87' lang='lat' dir='ltr'><strong>sophistas</strong></span> <span class='ocrx_word' id='word_1_323' title='bbox 1253 3600 1297 3658; x_wconf 91' lang='lat' dir='ltr'><strong>di·</strong></span> 
     </span>
     <span class='ocr_line' id='line_1_35' title="bbox 66 3691 1299 3775; baseline 0.009 -29"><span class='ocrx_word' id='word_1_324' title='bbox 66 3691 232 3765; x_wconf 88' lang='lat' dir='ltr'><strong>judicandos</strong></span> <span class='ocrx_word' id='word_1_325' title='bbox 254 3693 365 3752; x_wconf 88' lang='lat' dir='ltr'><strong>licebit.</strong></span> <span class='ocrx_word' id='word_1_326' title='bbox 407 3693 508 3752; x_wconf 89' lang='lat' dir='ltr'><strong>Minus</strong></span> <span class='ocrx_word' id='word_1_327' title='bbox 528 3692 560 3751; x_wconf 94' lang='lat' dir='ltr'><strong>hi</strong></span> <span class='ocrx_word' id='word_1_328' title='bbox 581 3693 699 3771; x_wconf 90' lang='lat' dir='ltr'><strong>quidem</strong></span> <span class='ocrx_word' id='word_1_329' title='bbox 722 3695 890 3773; x_wconf 82' lang='lat' dir='ltr'><strong>ingeniose,</strong></span> <span class='ocrx_word' id='word_1_330' title='bbox 918 3717 1003 3774; x_wconf 88' lang='lat' dir='ltr'><strong>quam</strong></span> <span class='ocrx_word' id='word_1_331' title='bbox 1025 3695 1137 3775; x_wconf 91' lang='lat' dir='ltr'><strong>antiqui</strong></span> <span class='ocrx_word' id='word_1_332' title='bbox 1161 3695 1226 3772; x_wconf 93' lang='lat' dir='ltr'><strong>illi,</strong></span> <span class='ocrx_word' id='word_1_333' title='bbox 1248 3698 1299 3757; x_wconf 90' lang='lat' dir='ltr'><strong>sed</strong></span> 
     </span>
     <span class='ocr_line' id='line_1_36' title="bbox 70 3779 1299 3876; baseline 0.008 -30"><span class='ocrx_word' id='word_1_334' title='bbox 70 3801 156 3850; x_wconf 88' lang='lat' dir='ltr'><strong>tamen</strong></span> <span class='ocrx_word' id='word_1_335' title='bbox 177 3792 258 3852; x_wconf 88' lang='lat' dir='ltr'><strong>haud</strong></span> <span class='ocrx_word' id='word_1_336' title='bbox 279 3791 416 3851; x_wconf 91' lang='lat' dir='ltr'><strong>dissimili</strong></span> <span class='ocrx_word' id='word_1_337' title='bbox 437 3793 549 3850; x_wconf 87' lang='lat' dir='ltr'><strong>ratione</strong></span> <span class='ocrx_word' id='word_1_338' title='bbox 571 3791 607 3850; x_wconf 91' lang='lat' dir='ltr'><strong>ab</strong></span> <span class='ocrx_word' id='word_1_339' title='bbox 629 3779 791 3876; x_wconf 72' lang='grc' dir='ltr'><strong><em>αἰσθήσει,</em></strong></span> <span class='ocrx_word' id='word_1_340' title='bbox 810 3813 826 3850; x_wconf 91' lang='lat' dir='ltr'><strong>a</strong></span> <span class='ocrx_word' id='word_1_341' title='bbox 846 3792 977 3853; x_wconf 86' lang='lat' dir='ltr'><strong>sensibus</strong></span> <span class='ocrx_word' id='word_1_342' title='bbox 988 3796 1117 3854; x_wconf 76' lang='lat' dir='ltr'><strong>externis</strong></span> <span class='ocrx_word' id='word_1_343' title='bbox 1127 3816 1240 3856; x_wconf 88' lang='lat' dir='ltr'><strong>omnem</strong></span> <span class='ocrx_word' id='word_1_344' title='bbox 1252 3818 1299 3856; x_wconf 90' lang='lat' dir='ltr'><strong>re-</strong></span> 
     </span>
     <span class='ocr_line' id='line_1_37' title="bbox 75 3890 1301 3976; baseline 0.009 -32"><span class='ocrx_word' id='word_1_345' title='bbox 75 3890 233 3964; x_wconf 84' lang='lat' dir='ltr'><strong>petiverunt</strong></span> <span class='ocrx_word' id='word_1_346' title='bbox 254 3904 282 3948; x_wconf 91' lang='lat' dir='ltr'><strong>et</strong></span> <span class='ocrx_word' id='word_1_347' title='bbox 303 3890 497 3970; x_wconf 82' lang='lat' dir='ltr'><strong>cognitionem</strong></span> <span class='ocrx_word' id='word_1_348' title='bbox 518 3905 546 3950; x_wconf 89' lang='lat' dir='ltr'><strong>et</strong></span> <span class='ocrx_word' id='word_1_349' title='bbox 567 3893 717 3955; x_wconf 89' lang='lat' dir='ltr'><strong>scientiam</strong></span> <span class='ocrx_word' id='word_1_350' title='bbox 736 3908 861 3953; x_wconf 88' lang='lat' dir='ltr'><strong>nostram</strong></span> <span class='ocrx_word' id='word_1_351' title='bbox 873 3890 923 3971; x_wconf 83' lang='lat'><strong>2),</strong></span> <span class='ocrx_word' id='word_1_352' title='bbox 951 3905 983 3950; x_wconf 92' lang='lat' dir='ltr'><strong>ut</strong></span> <span class='ocrx_word' id='word_1_353' title='bbox 1002 3893 1111 3972; x_wconf 91' lang='lat' dir='ltr'><strong>pariter</strong></span> <span class='ocrx_word' id='word_1_354' title='bbox 1128 3909 1301 3976; x_wconf 86' lang='lat' dir='ltr'><strong>usurparent</strong></span> 
     </span>
    </p>
   </div>
   <div class='ocr_carea' id='block_1_3' title="bbox 72 4039 317 4056">
    <p class='ocr_par' dir='ltr' id='par_1_3' title="bbox 72 4039 317 4056">
     <span class='ocr_line' id='line_1_38' title="bbox 72 4039 317 4056; baseline 0.02 -7"><span class='ocrx_word' id='word_1_355' title='bbox 72 4039 317 4056; x_wconf 39' lang='grc' dir='ltr'><strong>Ἢ--Μ</strong></span> 
     </span>
    </p>
   </div>
   <div class='ocr_carea' id='block_1_4' title="bbox 72 4111 1300 4360">
    <p class='ocr_par' dir='ltr' id='par_1_4' title="bbox 72 4111 1300 4360">
     <span class='ocr_line' id='line_1_39' title="bbox 101 4111 864 4192; baseline 0.012 -30"><span class='ocrx_word' id='word_1_356' title='bbox 101 4111 124 4177; x_wconf 73' lang='lat'><strong>1)</strong></span> <span class='ocrx_word' id='word_1_357' title='bbox 143 4117 217 4168; x_wconf 77' lang='lat' dir='ltr'><strong>initio</strong></span> <span class='ocrx_word' id='word_1_358' title='bbox 235 4136 260 4186; x_wconf 92' lang='lat' dir='ltr'><strong>p.</strong></span> <span class='ocrx_word' id='word_1_359' title='bbox 277 4116 426 4183; x_wconf 50' lang='lat'><strong>12¹‚1389.</strong></span> <span class='ocrx_word' id='word_1_360' title='bbox 862 4185 864 4192; x_wconf 25' lang='grc' dir='ltr'>Ι</span> 
     </span>
     <span class='ocr_line' id='line_1_40' title="bbox 102 4197 1300 4276; baseline 0.008 -28"><span class='ocrx_word' id='word_1_361' title='bbox 102 4197 130 4264; x_wconf 87' lang='grc'><strong>2)</strong></span> <span class='ocrx_word' id='word_1_362' title='bbox 148 4201 280 4255; x_wconf 84' lang='lat' dir='ltr'><strong>llelvetius</strong></span> <span class='ocrx_word' id='word_1_363' title='bbox 292 4219 345 4256; x_wconf 73' lang='lat' dir='ltr'><strong>uo.</strong></span> <span class='ocrx_word' id='word_1_364' title='bbox 365 4204 429 4258; x_wconf 87' lang='lat' dir='ltr'><strong>duas</strong></span> <span class='ocrx_word' id='word_1_365' title='bbox 443 4205 541 4257; x_wconf 88' lang='lat' dir='ltr'><strong>homiui</strong></span> <span class='ocrx_word' id='word_1_366' title='bbox 558 4207 590 4258; x_wconf 90' lang='lat' dir='ltr'><strong>ad</strong></span> <span class='ocrx_word' id='word_1_367' title='bbox 606 4206 771 4276; x_wconf 81' lang='lat' dir='ltr'><strong>cogitandum</strong></span> <span class='ocrx_word' id='word_1_368' title='bbox 793 4205 928 4258; x_wconf 80' lang='lat' dir='ltr'><strong>facultates</strong></span> <span class='ocrx_word' id='word_1_369' title='bbox 944 4205 1049 4272; x_wconf 87' lang='lat' dir='ltr'><strong>tribuit,</strong></span> <span class='ocrx_word' id='word_1_370' title='bbox 1066 4223 1172 4276; x_wconf 87' lang='lat' dir='ltr'><strong>quarum</strong></span> <span class='ocrx_word' id='word_1_371' title='bbox 1193 4207 1300 4258; x_wconf 85' lang='lat' dir='ltr'><strong>alteram</strong></span> 
     </span>
     <span class='ocr_line' id='line_1_41' title="bbox 72 4287 1300 4360; baseline 0.005 -24"><span class='ocrx_word' id='word_1_372' title='bbox 72 4287 246 4340; x_wconf 63' lang='lat' dir='ltr'><strong>amatissima</strong></span> <span class='ocrx_word' id='word_1_373' title='bbox 260 4291 407 4358; x_wconf 74' lang='lat' dir='ltr'><strong>physicam,</strong></span> <span class='ocrx_word' id='word_1_374' title='bbox 423 4291 530 4342; x_wconf 87' lang='lat' dir='ltr'><strong>alteram</strong></span> <span class='ocrx_word' id='word_1_375' title='bbox 546 4294 688 4344; x_wconf 79' lang='lat' dir='ltr'><strong>memoriam</strong></span> <span class='ocrx_word' id='word_1_376' title='bbox 706 4301 798 4342; x_wconf 88' lang='lat' dir='ltr'><strong>vocat:</strong></span> <span class='ocrx_word' id='word_1_377' title='bbox 831 4301 965 4360; x_wconf 87' lang='lat' dir='ltr'><strong>utramque</strong></span> <span class='ocrx_word' id='word_1_378' title='bbox 990 4301 1075 4344; x_wconf 86' lang='lat' dir='ltr'><strong>autern</strong></span> <span class='ocrx_word' id='word_1_379' title='bbox 1099 4293 1208 4359; x_wconf 84' lang='lat' dir='ltr'><strong>proprio</strong></span> <span class='ocrx_word' id='word_1_380' title='bbox 1224 4307 1300 4342; x_wconf 83' lang='lat' dir='ltr'><strong>uuam</strong></span> 
     </span>
    </p>
   </div>
   <div class='ocr_carea' id='block_1_5' title="bbox 72 4371 1302 4524">
    <p class='ocr_par' dir='ltr' id='par_1_5' title="bbox 72 4371 1302 4524">
     <span class='ocr_line' id='line_1_42' title="bbox 72 4371 1302 4445; baseline 0.006 -26"><span class='ocrx_word' id='word_1_381' title='bbox 72 4371 226 4442; x_wconf 63' lang='lat' dir='ltr'><strong>medumque</strong></span> <span class='ocrx_word' id='word_1_382' title='bbox 248 4391 306 4428; x_wconf 84' lang='lat' dir='ltr'><strong>esse</strong></span> <span class='ocrx_word' id='word_1_383' title='bbox 330 4375 476 4426; x_wconf 86' lang='lat' dir='ltr'><strong>contendit:</strong></span> <span class='ocrx_word' id='word_1_384' title='bbox 500 4377 527 4427; x_wconf 81' lang='lat' dir='ltr'><strong>lu</strong></span> <span class='ocrx_word' id='word_1_385' title='bbox 551 4376 685 4428; x_wconf 66' lang='lat' dir='ltr'><strong>amitttat</strong></span> <span class='ocrx_word' id='word_1_386' title='bbox 705 4377 771 4428; x_wconf 80' lang='lat' dir='ltr'><strong>seule</strong></span> <span class='ocrx_word' id='word_1_387' title='bbox 788 4381 890 4445; x_wconf 80' lang='lat' dir='ltr'><strong>produit</strong></span> <span class='ocrx_word' id='word_1_388' title='bbox 910 4388 987 4429; x_wconf 84' lang='lat' dir='ltr'><strong>toutes</strong></span> <span class='ocrx_word' id='word_1_389' title='bbox 1004 4394 1047 4430; x_wconf 75' lang='lat' dir='ltr'><strong>nos</strong></span> <span class='ocrx_word' id='word_1_390' title='bbox 1064 4376 1138 4428; x_wconf 68' lang='lat' dir='ltr'><strong>idias.</strong></span> <span class='ocrx_word' id='word_1_391' title='bbox 1175 4378 1215 4427; x_wconf 80' lang='lat' dir='ltr'><strong>De</strong></span> <span class='ocrx_word' id='word_1_392' title='bbox 1229 4376 1302 4428; x_wconf 74' lang='lat' dir='ltr'><strong>l’lu&#39;a-</strong></span> 
     </span>
     <span class='ocr_line' id='line_1_43' title="bbox 74 4458 461 4524; baseline 0.013 -19"><span class='ocrx_word' id='word_1_393' title='bbox 74 4458 126 4519; x_wconf 61' lang='grc' dir='ltr'><strong>μήτ.</strong></span> <span class='ocrx_word' id='word_1_394' title='bbox 143 4458 206 4510; x_wconf 83' lang='lat' dir='ltr'><strong>bisc.</strong></span> <span class='ocrx_word' id='word_1_395' title='bbox 227 4460 246 4510; x_wconf 89' lang='lat'><strong>1.</strong></span> <span class='ocrx_word' id='word_1_396' title='bbox 263 4458 286 4510; x_wconf 86' lang='lat' dir='ltr'><strong>l.</strong></span> <span class='ocrx_word' id='word_1_397' title='bbox 306 4478 330 4524; x_wconf 87' lang='lat' dir='ltr'><strong>p.</strong></span> <span class='ocrx_word' id='word_1_398' title='bbox 348 4460 373 4512; x_wconf 83' lang='lat'><strong>2.</strong></span> <span class='ocrx_word' id='word_1_399' title='bbox 393 4470 419 4512; x_wconf 91' lang='lat' dir='ltr'><strong>et</strong></span> <span class='ocrx_word' id='word_1_400' title='bbox 437 4460 461 4510; x_wconf 83' lang='grc'><strong>9.</strong></span> 
     </span>
    </p>
   </div>
   <div class='ocr_carea' id='block_1_6' title="bbox 0 0 1453 5118">
    <p class='ocr_par' dir='ltr' id='par_1_6' title="bbox 0 0 1453 5118">
     <span class='ocr_line' id='line_1_44' title="bbox 0 0 1453 5118; baseline 0 0"><span class='ocrx_word' id='word_1_401' title='bbox 0 0 1453 5118; x_wconf 95' lang='lat' dir='ltr'><strong> </strong></span> 
     </span>
    </p>
   </div>
  </div>
 </body>
</html>
