2838 5120
610 229 694 335 aaa
753 337 760 350 ,

53 441 115 519 quod
139 439 293 519 suspicatus
315 449 360 496 'est
389 437 489 513 Plato,
511 456 569 496 esse
598 455 695 497 veram
722 447 856 495 sonorum
887 435 1066 495 doctrinam:
1088 443 1266 514 seneticam,

51 537 175 619 appellare
201 537 414 596 consuevimus:
436 535 505 594 huic
530 549 643 610 autem,
665 533 743 614 quod
758 535 845 610 jussit
863 533 935 610 ille,
957 531 1026 606 νοῦς
1047 539 1173 616 praeest,
1195 554 1255 591 non

50 657 133 696 aures:
161 647 296 715 praesunt
324 634 539 692 mathematicae
563 632 737 714 disciplinae
755 631 845 689 urenti
866 636 1008 713 propriae.
1050 634 1144 707 Huic,
1167 644 1199 688 ut
1216 631 1257 688 ait

49 734 128 808 idem,
158 753 215 792 non
246 733 309 791 soni
337 729 499 792 adhibendi
526 744 596 798 ¹sunt
615 733 718 804 unice,
739 731 790 808 qui
811 730 989 806 audiuntur,
1011 733 1061 792 sed
1079 730 1257 812 problemata

48 830 195 892 adhibenda
215 843 282 888 sunt
293 875 301 903 ,
324 843 356 888 ut
375 851 455 888 mens
476 829 590 905 rideat,
611 832 661 910 qui
681 831 741 890 sint
767 821 920 908 ξύμφωνον
946 825 1088 912 ἀριθμοὶ,
1114 827 1162 889 καὶ
1182 827 1258 900 τίνες

48 921 149 1004 ednod
169 923 218 988 dici
239 916 428 1007 adiecissent.
452 925 481 1008 l)
522 929 700 988 Admirabile
732 943 773 990 est
786 975 795 1004 ,
828 943 860 990 ut
891 932 1062 992 excelluerit
1090 929 1257 1011 aequalibus

47 1033 128 1105 Plato,
158 1045 207 1106 nt,
238 1032 369 1111 quamvis
398 1021 604 1102 adminiculis,
632 1014 739 1106 quibus
759 1049 810 1087 nos
832 1029 958 1106 utimur,
979 1030 1151 1103 destitutus,
1168 1048 1258 1088 cona*

47 1143 82 1190 tus
103 1131 137 1190 sit
159 1139 259 1189 tamen
289 1129 325 1188 ad
353 1141 449 1188 nostra
479 1129 601 1187 inventa
620 1126 766 1212 accedere.
809 1126 885 1202 Sed,
916 1131 994 1207 quod
1014 1130 1086 1218 rpihi
1105 1130 1137 1187 in
1156 1127 1257 1209 primis

46 1228 146 1286 ridetur
172 1228 374 1287 admirandum
385 1273 393 1301 ,
415 1225 537 1304 insignis
566 1235 607 1282 est
639 1226 696 1283 viri
714 1225 748 1284 in
764 1223 917 1304 cogitando
936 1227 1144 1307 scribendoque
1163 1223 1257 1285 facili·

12 1397 14 1418 Ι
45 1339 89 1401 tas,
107 1326 205 1407 plenas
226 1347 285 1400 esse
305 1329 366 1405 ejus
385 1324 612 1406 disputationes,
633 1325 765 1404 quamvis
785 1325 930 1384 interioris
950 1323 1113 1406 indaginis,
1127 1328 1268 1403 jocorum·

13 1427 14 1432 ’
45 1437 66 1481 et
88 1426 269 1500 facetiarum,
292 1425 391 1484 ludere
422 1442 486 1484 eum
515 1436 544 1481 et
559 1423 650 1500 jocari
671 1422 784 1499 videri,
807 1421 857 1482 ubi
878 1443 922 1482 res
941 1425 1028 1483 serias
1047 1425 1080 1482 in
1099 1423 1256 1503 primisque

45 1521 168 1582 abstrusas
195 1524 344 1604 explicat,
376 1522 510 1582 dubitare
536 1540 609 1596 nos,
630 1520 756 1600 legentes
782 1521 847 1579 bos·
861 1519 985 1580 Socratis
1014 1543 1079 1580 curn
1107 1520 1256 1579 Glaucone

45 1641 184 1696 sermones,
211 1623 342 1702 magisne
370 1620 453 1680 nobis
483 1618 618 1700 placeant
642 1617 801 1698 elegantia,
822 1619 998 1695 festivitate,
1020 1620 1129 1678 ironiae
1151 1619 1181 1679 ri
1201 1617 1256 1676 So-

44 1720 148 1783 craticae
158 1766 166 1796 ‚
187 1721 380 1799 aequabiliter
408 1738 460 1800 per
478 1736 524 1778 eos
545 1717 676 1792 diffusis,
697 1739 734 1776 an
752 1717 865 1798 prosint
884 1717 968 1776 nobis
987 1719 1076 1797 magis
1095 1716 1134 1776 ad
1152 1735 1255 1775 acuen-

44 1815 97 1875 dum
115 1819 263 1899 ingenium
278 1833 423 1894 nostrum,
439 1817 624 1895 animumque
639 1813 826 1876 excitandum
840 1813 1012 1895 optimarum
1026 1834 1120 1874 rerum
1136 1815 1254 1890 studiis,

44 1926 90 1973 tun
114 1935 179 1977 vero
209 1917 379 1998 praesertim
400 1916 438 1976 ad
457 1916 519 1977 veri
538 1935 660 1974 amorem
681 1915 713 1973 in
733 1914 799 1972 imis
817 1913 983 1993 pectoribus
1003 1914 1252 1974 inflammandum.

45 2013 81 2072 Est
97 2035 160 2074 sane
179 2016 235 2074 boc
256 2016 405 2096 proprium
424 2013 591 2096 philosophi
616 2013 747 2093 ingenii,
767 2011 804 2069 de
822 2009 1007 2071 difficillimis
1025 2013 1111 2072 rebus
1130 2011 1252 2092 cogitare

46 2123 65 2168 et
84 2113 210 2190 judicare
241 2113 400 2172 facillime:
423 2113 501 2186 sed,
522 2111 573 2190 qui
591 2110 689 2170 eadem
707 2109 846 2169 facilitate
863 2123 892 2169 et
912 2111 1071 2172 scriberent
1092 2111 1128 2169 de
1148 2110 1204 2184 iis,
1225 2123 1261 2169 et.

48 2209 73 2266 sic
95 2207 155 2270 cirm
182 2212 358 2288 lectoribus,
381 2225 412 2270 ut
430 2213 500 2271 fecit
518 2211 615 2284 Plato,
636 2223 719 2268 snum
737 2209 982 2288 communicarent
1002 2205 1132 2270 ardorem
1142 2255 1151 2284 ,
1172 2208 1251 2268 omni

51 2321 117 2367 aetate
135 2311 242 2391 reperti
263 2324 331 2369 sumt
349 2310 524 2391 pancissimi.
565 2298 623 2368 Sed
646 2309 679 2368 iu
692 2307 787 2368 rviam.

73 2405 213 2486 Postquam
241 2409 311 2468 haec
340 2408 377 2467 de
404 2408 569 2467 harmoniae
597 2406 755 2487 disciplina
782 2419 933 2465 monuerat
957 2405 1103 2482 Socrates,
1124 2405 1252 2480 Glauco,

46 2520 116 2563 rerum
134 2507 337 2588 magnitudine
357 2504 577 2566 et'difficultate
597 2505 765 2586 perculsus,
793 2498 962 2602 δαιμόνιον,
984 2505 1103 2583 inquit,
1128 2504 1253 2587 πρᾶγμα

45 2593 124 2677 leiren
157 2629 211 2666 nec
242 2604 382 2685 suspicari
418 2604 554 2679 videtur,
584 2594 649 2664 alia¹
670 2625 728 2664 esse
755 2621 783 2666 et
811 2609 916 2686 maj0ra
952 2608 1037 2665 etiam
1075 2609 1182 2666 luteris
1210 2609 1252 2668 rei
1260 2661 1272 2674 „

46 2701 151 2777 publicae
174 2702 406 2764 moderatoribus
424 2703 585 2763 tractanda,
627 2701 757 2762 Socrates
776 2722 844 2766 vero
854 2749 863 2782 ,
885 2705 1079 2764 doctrinarum
1098 2695 1252 2766 memdrata

47 2803 232 2864 necessitudine
255 2801 382 2861 naturali
411 2815 493 2860 utum
519 2802 653 2877 demum,
684 2803 741 2877 ait,
774 2821 871 2864 emam
890 2804 1038 2862 institutio
1054 2803 1151 2879 illud,
1170 2803 1250 2882 quod

46 2915 179 2978 sperams,
202 2901 330 2974 efficiet,
358 2893 410 2960 ε’ᾰν
439 2897 487 2958 ἐπὶ
514 2893 569 2981 τήν
591 2888 728 2980 ἀλλήλων
748 2898 901 2962 κοινωνίαν
921 2895 1062 2982 ἀφίκηται
1082 2901 1131 2962 sui
1149 2897 1252 2982 ξνγνὲέ

12 3049 14 3066 2
43 3015 113 3071 oram,
141 3000 189 3060 aui
219 3001 403 3087 ξυλλογισθῇ
433 3001 529 3063 ταῦτα
557 2991 580 3088 ᾗ
615 3000 696 3062 ἐστὶν
725 2997 859 3084 ἀλλήλοις
892 3003 999 3064 οἰκεῖν·Ι
1027 3015 1184 3084 postquam
1211 3007 1252 3063 od

42 3113 250 3164 communionem
280 3093 417 3172 mutuom
446 3115 475 3162 et
500 3113 704 3186 cognationem
728 3113 954 3184 pervenerunt,
983 3114 1102 3183 eritque
1128 3111 1250 3162 rubori·
1271 3101 1274 3122 ¹

43 3201 117 3258 cundo
133 3204 331 3282 'eaplorcttum
343 3247 351 3277 ,
382 3207 481 3281 qualis
508 3213 549 3263 sit
575 3227 679 3264 eorum
704 3213 875 3287 cognatio.»
901 3203 933 3285 2)
974 3205 1087 3278 Quibus
1104 3201 1244 3282 placitum

42 3297 150 3374 respicit,
169 3316 202 3360 ut
220 3321 320 3360 omues
339 3302 525 3383 intelligunt,
546 3304 624 3382 quod
645 3324 730 3384 supra
750 3303 911 3364 studuimus
929 3303 1075 3384 explicare
1086 3301 1136 3382 ,3')
1157 3325 1172 3361 a
1196 3303 1247 3362 Ci-

44 3407 120 3454 terone
147 3398 300 3479 probatum
328 3415 563 3481 perspectumque
582 3403 725 3476 maxime,
746 3402 782 3461 de
800 3405 918 3460 uinculo
938 3404 1149 3462 doctrincrmn
1157 3424 1172 3472 ,·
1193 3401 1245 3460 sed

43 3508 123 3554 floram
150 3499 218 3556 item
246 3497 324 3558 bisce
351 3499 512 3558 doctrinam
539 3500 682 3580 significat
699 3503 898 3561 dialecticam.
941 3500 1027 3575 Quod
1046 3502 1143 3559 minus
1162 3501 1248 3558 etialn

30 3591 173 3668 suspicatus
201 3595 314 3655 Glauco
349 3599 414 3656 usic
443 3598 578 3678 quidem,
609 3600 649 3656 ait
657 3643 666 3673 ,
698 3612 726 3656 et
750 3616 801 3678 ego
826 3620 966 3678 auguror,
989 3597 1041 3656 sed
1059 3617 1249 3678 permagnum

41 3699 83 3761 est,
110 3713 124 3750 o
151 3693 298 3769 Socrates,
327 3696 408 3775 quod
431 3696 520 3771 dicis,
552 3718 631 3776 opus.
674 3693 748 3756 Turn
767 3697 836 3770 ille,
858 3697 995 3777 prooemii
1016 3695 1108 3768 dicis,
1130 3694 1244 3772 inquit,

40 3801 66 3838 ³11
89 3791 164 3867 cujus
187 3807 301 3854 tautum
319 3795 386 3854 rei?
416 3797 463 3854 An
482 3813 550 3856 vero
570 3797 751 3874 ignoramus,
773 3795 874 3854 harum
895 3795 1022 3854 studium
1043 3794 1242 3857 doctrinarum

40 3879 128 3945 aditum
152 3911 209 3950 esse
238 3905 267 3949 et
292 3895 372 3971 quasi
402 3894 579 3974 prooemium
606 3893 696 3973 legis,
726 3914 810 3973 quam
838 3891 946 3951 discere
974 3895 1109 3972 oportet?
1149 3894 1250 3970 Hujus

40 3978 129 4042 scilicet
154 3990 195 4047 rei
224 4011 285 4049 non
313 3990 368 4049 tihi
388 3993 503 4053 solertes
521 4014 579 4051 esse
600 3992 739 4052 videntur
759 3992 913 4051 dialectici.
934 4019 969 4028 ·-
998 3993 1062 4050 Non
1083 4011 1169 4066 sane,
1191 3995 1250 4070 per·

39 4073 135 4158 lovem,
164 4087 281 4167 inquit,
310 4092 410 4171 paucis
437 4092 583 4186 exceptis,
613 4108 683 4169 quos
711 4113 761 4172 ego
785 4091 919 4154 conveni.
940 4113 975 4140 0-
995 4093 1040 4152 ‚At
1059 4089 1157 4164 euim,
1179 4091 1238 4148 nisi

39 4208 269 4237 κ”·--------ι-

66 4293 84 4357 1)
101 4300 132 4350 De
149 4305 208 4373 llep,
227 4307 280 4358 Vll.
300 4307 356 4360 53¹.
377 4309 404 4361 C.

65 4379 85 4442 2)
101 4386 154 4438 dod.
173 4391 230 4442 531.
250 4393 279 4442 ll.

65 4466 87 4532 3)
103 4490 123 4539 p.
140 4477 188 4528 2¹0
207 4495 263 4546 sqq.
