2898 5120
677 273 735 336 589

90 463 144 502 non
174 441 269 501 solum
298 441 458 522 appetitum
487 441 518 498 ln
544 439 661 500 bomine
691 459 750 500 esse
776 439 873 522 pulcri
902 455 930 500 et
962 439 1052 514 boni,
1078 437 1134 498 scd
1164 439 1249 498 etiam
1269 437 1323 498 boc

87 559 149 598 eum
177 539 282 606 nature,
308 551 462 618 appetere,
490 551 522 598 ut
551 549 598 597 ea·
614 537 699 598 nobis
719 537 860 600 diuturna
881 552 910 598 et
934 539 1110 618 sempiterna
1127 536 1199 596 sint
1240 535 1328 596 Unde

88 635 191 712 efficit,
222 655 347 700 umorem
375 635 408 694 in
439 636 524 695 nobis
552 639 800 700 immortalitatis
827 656 888 696 esse
918 637 1059 698 studium.
1100 629 1270 712 Ἀναγκαῖον
1288 626 1329 714 δή

88 731 118 794 ἐκ
137 727 249 796 τούτου
264 732 320 794 eod
336 725 445 813 tirso,
465 731 514 794 zat
536 731 594 815 τῆς
613 728 784 808 ἀθανασίας
803 728 858 795 adr
878 727 978 815 ipsura
999 727 1081 795 εἶναι.
1108 736 1137 818 l)
1180 731 1267 808 Qucd
1296 747 1329 792 ut

87 836 184 909 Plato,
206 837 249 894 ita
268 835 405 895 disertius
431 835 517 894 etiam
539 848 636 916 postea
658 837 778 911 Cicero,
800 857 815 894 e
842 835 952 916 gloriae
972 837 1122 917 appetitu,
1143 839 1194 918 qui
1213 839 1327 899 bomini

86 935 178 1008 inest,
199 932 348 1014 probavit.
370 929 405 1011 2)

124 1032 235 1091 Valent
257 1031 328 1090 baec
358 1030 396 1090 ad
423 1032 530 1110 justam
558 1027 710 1090 doctrinae
739 1029 779 1092 de
804 1027 967 1094 auimcrutn
997 1033 1212 1093 immortalitate
1238 1033 1327 1094 iuter·

86 1131 293 1210 pretationem:
325 1149 379 1188 nec
408 1149 477 1189 vero
500 1129 762 1209 praetermittamus
791 1128 929 1203 silentio,
958 1129 1015 1188 ntia
1040 1131 1117 1190 banc
1136 1129 1328 1191 methodo‘ab

87 1229 231 1308 antiquis,
262 1239 340 1288 certe
366 1249 382 1286 a
413 1227 553 1303 Platone,
582 1227 640 1286 alid
668 1249 684 1286 a
712 1226 923 1287 recentioribus
948 1226 1131 1307 pbilosophis
1159 1229 1329 1311 explicitam

87 1345 152 1384 esse.
193 1323 235 1384 Hi
256 1327 316 1384 iere
336 1324 511 1405 syllogismis
530 1325 741 1387 connectendis
758 1337 788 1385 et
805 1337 1011 1406 geometrarum
1030 1347 1128 1401 more,
1148 1327 1223 1404 quin
1243 1329 1329 1386 etiam

87 1422 122 1481 ad
137 1422 370 1481 mathematicam
390 1423 570 1483 evidentiam
599 1436 627 1482 et
652 1417 814 1506 ἄκριβειαν,
836 1442 897 1482 rem
921 1442 1066 1504 exponere
1085 1435 1113 1482 et
1132 1421 1330 1488 demonstrare
1401 1505 1408 1514 ἢ

87 1506 182 1584 annisi
200 1539 284 1584 sunt:
305 1523 384 1618 quod
398 1525 445 1584 illi
465 1527 570 1602 etiam,
591 1527 695 1604 quiin
716 1527 821 1607 primis
839 1526 988 1586 Platonem
999 1525 1239 1602 admirabantur,
1260 1547 1289 1587 v.
1301 1547 1327 1587 e.

18 1621 20 1626 ’
88 1621 178 1682 Moses
207 1621 344 1682 Mendeli
373 1623 471 1698 filius,
493 1623 673 1684 factitarunt.
715 1625 797 1684 Plato
829 1645 917 1699 vero,
947 1624 1093 1684 Socratici
1118 1645 1186 1684 usus
1214 1625 1329 1684 metbo-
1412 1687 1419 1698 ,

87 1719 141 1796 do,
161 1742 215 1803 per
239 1715 400 1806 ἕηαγωγῆν
423 1743 475 1782 nos
494 1721 533 1782 ad
552 1723 593 1781 rei
613 1722 828 1803 persuasionem
847 1722 950 1798 ducit,
973 1736 1005 1782 ut
1023 1735 1082 1782 tota
1103 1722 1157 1781 illa
1177 1724 1209 1782 in
1222 1722 1326 1782 Phoe

86 1821 154 1878 done
180 1819 237 1882 boc
267 1821 304 1882 de
334 1824 443 1904 placito
470 1820 647 1901 disputatio,
668 1821 803 1900 quamvis
829 1820 963 1901 partibus
982 1821 1127 1898 variisque
1148 1833 1328 1900 argumenta·

86 1915 213 1978 tionibus
240 1918 402 1996 distincta,
434 1941 493 1978 una
522 1919 559 1978 sit
588 1931 685 1977 tamen
713 1931 741 1978 et
771 1919 911 1977 continua
941 1917 1205 1993 demonstratio,a
1232 1919 1328 1998 specie

87 2016 208 2096 primum
236 2033 265 2080 et
292 2019 499 2101 probabilitate
528 2018 636 2093 ducta,
665 2017 737 2077 inde
767 2030 864 2076 autem
885 2015 1024 2097 deinceps
1041 2015 1080 2075 ad
1097 2017 1139 2075 rei
1157 2015 1325 2092 scientiam,

88 2128 159 2173 certe
177 2119 413 2200 persuasionem,
434 2117 515 2198 quasi
535 2136 587 2196 per
601 2115 708 2197 graduis
729 2115 897 2174 ascendens.
939 2115 1004 2188 Quo
1023 2114 1112 2193 magis
1131 2111 1326 2193 vituperanda

87 2209 200 2272 illorum
229 2216 374 2275 temeritas
403 2229 465 2290 est,
495 2215 565 2293 qui,
596 2212 721 2293 singulis
748 2212 917 2292 singulatim
945 2211 1244 2292 argumentationibus
1272 2209 1329 2270 seb

88 2329 203 2370 examen
234 2314 394 2388 revocatis,
417 2311 577 2390 iisdemque
605 2325 692 2393 porro
721 2311 855 2388 rejectis,
877 2309 1193 2396 universas'rejieiunt.
1236 2309 1329 2370 Totus

88 2405 167 2466 nobis
194 2429 257 2470 ‘uno
281 2423 381 2469 tenore
409 2408 603 2491 perlegendus
633 2407 765 2488 dialogus
790 2421 850 2484 est,
884 2422 916 2468 ut
943 2429 1009 2466 eum
1030 2419 1107 2468 reete
1125 2406 1329 2487 intelligamus

87 2521 116 2560 ae
143 2507 341 2585 persuasionis
368 2507 440 2567 inde
467 2507 595 2566 il'uctum
621 2505 658 2567 de
688 2527 720 2564 re
747 2506 879 2566 omnium
902 2505 1071 2585 gravissima
1091 2522 1193 2566 verum
1213 2503 1325 2564 uberri-

87 2619 216 2682 mamque
247 2605 451 2686 percipiamus.
493 2607 537 2665 Ita
564 2605 701 2663 iecerunt
729 2603 861 2681 antiqui:
893 2617 979 2682 atque
1001 2602 1072 2662 inde
1095 2601 1326 2676 declarandum,

87 2719 169 2776 quare
187 2713 300 2762 tantam
318 2703 405 2764 lectio
423 2702 554 2783 dialogi,
575 2709 715 2788 quantam
735 2701 891 2776 novimus,
920 2702 953 2760 in
971 2698 1120 2780 principes
1140 2700 1226 2758 etiam
1245 2700 1325 2760 vires

88 2795 143 2855 vim
170 2813 198 2858 et
226 2797 428 2861 efficacitatem
456 2799 604 2860 babuerit.
647 2797 704 2858 Sed
734 2797 782 2856 hic
811 2797 893 2858 locus
923 2819 977 2857 nos
995 2796 1134 2871 adducit,
1156 2810 1207 2872 ut,
1227 2796 1325 2877 prouti

88 2893 166 2956 modo
186 2895 223 2956 de
243 2897 363 2958 Politia
382 2897 532 2973 Platonis,
553 2897 594 2958 ita
612 2897 662 2957 bic
682 2895 719 2957 de
737 2899 799 2980 ejus
819 2897 984 2956 Phaedone
1001 2893 1069 2954 dati
1090 2895 1177 2976 operi
1198 2911 1324 2974 agamus.

439 3091 984 3152 DePlotoniaPituedone.

125 3283 279 3370 Scripsisse
307 3285 387 3347 bunc
412 3287 561 3370 dialogum
590 3287 782 3370 philosophus
808 3285 944 3361 ridetur,
965 3285 1067 3372 paullo
1094 3297 1160 3366 post
1186 3302 1272 3364 quam
1288 3282 1326 3342 ad

90 3378 172 3442 linem
199 3385 349 3444 Politiom
370 3384 516 3462 duxerat,
537 3401 614 3446 certe
642 3386 675 3445 ed
700 3398 811 3460 aetate,
830 3405 887 3464 qua
913 3385 1039 3444 maxime
1061 3383 1179 3463 ingenio
1200 3381 1325 3464 philostr

89 3477 253 3562 Phaudique
283 3481 380 3544 studio
408 3497 436 3544 et
464 3483 602 3543 facultate
629 3482 755 3574 vigebat.
808 3483 880 3541 Nam
908 3480 989 3540 abest
1017 3481 1163 3554 multum,
1185 3494 1235 3556 ut,
1258 3479 1325 3538 scri·

89 3571 181 3640 hendo
212 3580 285 3656 illo,
316 3579 461 3641 Socratem
487 3580 573 3641 nobis
602 3580 798 3655 solummodo,
818 3579 1062 3660 quemadmodum
1084 3569 1118 3637 in
1145 3597 1261 3637 carcere
1289 3577 1327 3637 de

89 3673 245 3737 animorum
275 3679 490 3740 immortalitate
519 3667 661 3754 dixissed,
688 3693 750 3738 tum
776 3679 863 3738 etiam
891 3689 1011 3736 mortem
1040 3675 1194 3750 subiisset,
1215 3673 1327 3736 descri-

89 3765 152 3830 bere
181 3776 319 3837 studeret.
361 3777 442 3836 Fecit
467 3776 546 3838 illud
574 3797 662 3836 sane:
691 3790 719 3836 et
749 3777 804 3836 boc
831 3775 942 3856 agendo
972 3775 1069 3834 locum
1087 3773 1175 3832 simul
1192 3771 1273 3831 bunc
1294 3773 1327 3832 in
1402 3783 1406 3794 ’

90 3865 269 3954 philosophia
288 3873 498 3956 amplissimum
517 3873 553 3934 de
574 3875 673 3934 futura
692 3875 753 3934 vita
771 3873 970 3962 perpurgatis.
1011 3870 1070 3932 Sed
1088 3871 1167 3932 idem
1178 3916 1187 3946 ,
1209 3871 1233 3930 si
1253 3869 1327 3949 quid

90 3954 197 4029 deesset
221 3972 254 4030 in
275 3971 411 4048 Politia,
433 3993 490 4051 quo
516 3973 632 4052 justitia
659 3970 927 4045 commendaretur,
958 3967 991 4030 id
1016 3969 1064 4029 bis
1082 3967 1257 4030 enarrandis
1274 3968 1323 4028 se
1377 3984 1382 3990 ·

125 4265 135 4316 1
240 4273 323 4325 .207.
343 4275 373 4325 Α.
1147 4321 1150 4328 .

124 4263 148 4419 2i
165 4272 313 4416 {isim
337 4365 365 4417 G.
403 4363 455 4416 Cic.
477 4381 524 4432 pro
544 4365 641 4418 Arcitt'a
661 4383 681 4417 o.
705 4362 736 4416 11
761 4373 788 4417 et
806 4364 846 4418 12.
891 4365 932 4420 ct.
957 4365 1002 4418 lilii
1030 4365 1083 4417 mei
1102 4362 1192 4416 Chre
1208 4355 1326 4434 tp'tdtttti..

95 4457 118 4506 l·
137 4449 193 4504 tut.
211 4472 268 4524 sqq.
