<?xml version="1.0" encoding="UTF-8"?>
<!DOCTYPE html PUBLIC "-//W3C//DTD XHTML 1.0 Transitional//EN"
    "http://www.w3.org/TR/xhtml1/DTD/xhtml1-transitional.dtd">
<html xmlns="http://www.w3.org/1999/xhtml" xml:lang="en" lang="en">
 <head>
  <title>
</title>
<meta http-equiv="Content-Type" content="text/html;charset=utf-8" />
  <meta name='ocr-system' content='tesseract 3.04.00' />
  <meta name='ocr-capabilities' content='ocr_page ocr_carea ocr_par ocr_line ocrx_word'/>
</head>
<body>
  <div class='ocr_page' id='page_1' title='image "./initiaphilosoph02heusgoog_0378.png"; bbox 0 0 2908 5114; ppageno 0'>
   <div class='ocr_carea' id='block_1_1' title="bbox 670 273 727 332">
    <p class='ocr_par' dir='ltr' id='par_1_1' title="bbox 670 273 727 332">
     <span class='ocr_line' id='line_1_1' title="bbox 670 273 727 332; baseline 0 0"><span class='ocrx_word' id='word_1_1' title='bbox 670 273 727 332; x_wconf 83' lang='lat'><strong>357</strong></span> 
     </span>
    </p>
   </div>
   <div class='ocr_carea' id='block_1_2' title="bbox 83 434 1393 3848">
    <p class='ocr_par' dir='ltr' id='par_1_2' title="bbox 86 434 1318 2670">
     <span class='ocr_line' id='line_1_2' title="bbox 92 434 1315 514; baseline 0.002 -24"><span class='ocrx_word' id='word_1_2' title='bbox 92 439 179 491; x_wconf 81' lang='lat' dir='ltr'><strong>uitem</strong></span> <span class='ocrx_word' id='word_1_3' title='bbox 195 453 375 491; x_wconf 84' lang='lat' dir='ltr'><strong>commonent</strong></span> <span class='ocrx_word' id='word_1_4' title='bbox 394 434 574 492; x_wconf 78' lang='lat' dir='ltr'><strong>odductsec:</strong></span> <span class='ocrx_word' id='word_1_5' title='bbox 598 444 633 490; x_wconf 85' lang='lat' dir='ltr'><strong>ut</strong></span> <span class='ocrx_word' id='word_1_6' title='bbox 655 437 691 492; x_wconf 83' lang='lat' dir='ltr'><strong>de</strong></span> <span class='ocrx_word' id='word_1_7' title='bbox 712 437 880 493; x_wconf 79' lang='lat' dir='ltr'><strong>virtutihus</strong></span> <span class='ocrx_word' id='word_1_8' title='bbox 899 445 928 494; x_wconf 82' lang='lat' dir='ltr'><strong>et</strong></span> <span class='ocrx_word' id='word_1_9' title='bbox 946 442 1050 507; x_wconf 76' lang='lat' dir='ltr'><strong>vitiis,</strong></span> <span class='ocrx_word' id='word_1_10' title='bbox 1079 442 1254 514; x_wconf 80' lang='lat' dir='ltr'><em>omninoque</em></span> <span class='ocrx_word' id='word_1_11' title='bbox 1280 436 1315 492; x_wconf 89' lang='lat' dir='ltr'><strong>de</strong></span> 
     </span>
     <span class='ocr_line' id='line_1_3' title="bbox 93 533 1315 610; baseline 0.002 -21"><span class='ocrx_word' id='word_1_12' title='bbox 93 533 167 590; x_wconf 78' lang='lat' dir='ltr'><strong>bonis</strong></span> <span class='ocrx_word' id='word_1_13' title='bbox 185 533 271 590; x_wconf 75' lang='lat' dir='ltr'><strong>relus</strong></span> <span class='ocrx_word' id='word_1_14' title='bbox 291 540 321 588; x_wconf 88' lang='lat' dir='ltr'><strong>et</strong></span> <span class='ocrx_word' id='word_1_15' title='bbox 339 534 429 600; x_wconf 79' lang='lat' dir='ltr'><strong>molis</strong></span> <span class='ocrx_word' id='word_1_16' title='bbox 445 542 606 610; x_wconf 80' lang='lat' dir='ltr'><strong>quaereret</strong></span> <span class='ocrx_word' id='word_1_17' title='bbox 616 553 629 603; x_wconf 90' lang='lat'><em>;</em></span> <span class='ocrx_word' id='word_1_18' title='bbox 651 535 788 593; x_wconf 83' lang='lat' dir='ltr'><strong>coelestio</strong></span> <span class='ocrx_word' id='word_1_19' title='bbox 808 544 909 592; x_wconf 83' lang='lat' dir='ltr'><strong>eutem</strong></span> <span class='ocrx_word' id='word_1_20' title='bbox 935 534 983 591; x_wconf 89' lang='lat' dir='ltr'><strong>oel</strong></span> <span class='ocrx_word' id='word_1_21' title='bbox 999 534 1106 609; x_wconf 83' lang='lat' dir='ltr'><strong>procul</strong></span> <span class='ocrx_word' id='word_1_22' title='bbox 1134 555 1195 593; x_wconf 83' lang='lat' dir='ltr'><strong>esee</strong></span> <span class='ocrx_word' id='word_1_23' title='bbox 1214 557 1233 592; x_wconf 87' lang='lat' dir='ltr'><em>o</em></span> <span class='ocrx_word' id='word_1_24' title='bbox 1252 555 1315 592; x_wconf 81' lang='lat' dir='ltr'><strong>nos·</strong></span> 
     </span>
     <span class='ocr_line' id='line_1_4' title="bbox 91 626 1316 713; baseline 0.003 -28"><span class='ocrx_word' id='word_1_25' title='bbox 91 640 137 686; x_wconf 86' lang='lat' dir='ltr'><strong>tro</strong></span> <span class='ocrx_word' id='word_1_26' title='bbox 155 636 320 710; x_wconf 78' lang='lat' dir='ltr'><em>cognitione</em></span> <span class='ocrx_word' id='word_1_27' title='bbox 338 640 490 703; x_wconf 76' lang='lat' dir='ltr'><strong>coniceret,</strong></span> <span class='ocrx_word' id='word_1_28' title='bbox 512 626 577 706; x_wconf 81' lang='lat' dir='ltr'><strong>ool,</strong></span> <span class='ocrx_word' id='word_1_29' title='bbox 599 639 626 691; x_wconf 83' lang='lat' dir='ltr'><strong>si</strong></span> <span class='ocrx_word' id='word_1_30' title='bbox 645 640 776 690; x_wconf 76' lang='lat' dir='ltr'><strong>enceinte</strong></span> <span class='ocrx_word' id='word_1_31' title='bbox 806 641 927 713; x_wconf 79' lang='lat' dir='ltr'><strong>cognito</strong></span> <span class='ocrx_word' id='word_1_32' title='bbox 955 641 1074 705; x_wconf 77' lang='lat' dir='ltr'><strong>essent,</strong></span> <span class='ocrx_word' id='word_1_33' title='bbox 1106 634 1189 689; x_wconf 81' lang='lat' dir='ltr'><strong>nihil</strong></span> <span class='ocrx_word' id='word_1_34' title='bbox 1214 642 1316 695; x_wconf 86' lang='lat' dir='ltr'><strong>tomen</strong></span> 
     </span>
     <span class='ocr_line' id='line_1_5' title="bbox 90 727 1315 810; baseline 0.002 -26"><span class='ocrx_word' id='word_1_35' title='bbox 90 729 126 784; x_wconf 86' lang='lat' dir='ltr'><strong>nd</strong></span> <span class='ocrx_word' id='word_1_36' title='bbox 143 730 209 785; x_wconf 84' lang='lat' dir='ltr'><strong>bene</strong></span> <span class='ocrx_word' id='word_1_37' title='bbox 228 730 387 786; x_wconf 79' lang='lat' dir='ltr'><strong>vivendum</strong></span> <span class='ocrx_word' id='word_1_38' title='bbox 405 732 558 804; x_wconf 79' lang='lat' dir='ltr'><strong>conferre.</strong></span> <span class='ocrx_word' id='word_1_39' title='bbox 581 727 609 810; x_wconf 92' lang='lat' dir='ltr'><strong>l)</strong></span> <span class='ocrx_word' id='word_1_40' title='bbox 640 731 675 790; x_wconf 91' lang='lat' dir='ltr'><strong>ln</strong></span> <span class='ocrx_word' id='word_1_41' title='bbox 696 731 804 805; x_wconf 89' lang='lat' dir='ltr'><strong>Bruto,</strong></span> <span class='ocrx_word' id='word_1_42' title='bbox 837 730 888 788; x_wconf 90' lang='lat' dir='ltr'><strong>ubi</strong></span> <span class='ocrx_word' id='word_1_43' title='bbox 910 729 947 788; x_wconf 90' lang='lat' dir='ltr'><strong>de</strong></span> <span class='ocrx_word' id='word_1_44' title='bbox 966 741 1056 788; x_wconf 88' lang='lat' dir='ltr'><strong>aetate</strong></span> <span class='ocrx_word' id='word_1_45' title='bbox 1084 729 1210 788; x_wconf 88' lang='lat' dir='ltr'><strong>Socratis</strong></span> <span class='ocrx_word' id='word_1_46' title='bbox 1238 729 1315 808; x_wconf 83' lang='lat' dir='ltr'><strong>agit:</strong></span> 
     </span>
     <span class='ocr_line' id='line_1_6' title="bbox 88 827 1316 906; baseline 0.002 -24"><span class='ocrx_word' id='word_1_47' title='bbox 88 833 274 903; x_wconf 62' lang='lat' dir='ltr'><strong>pessumque-</strong></span> <span class='ocrx_word' id='word_1_48' title='bbox 291 836 355 884; x_wconf 81' lang='lat' dir='ltr'><strong>tunt</strong></span> <span class='ocrx_word' id='word_1_49' title='bbox 369 827 578 906; x_wconf 73' lang='lat' dir='ltr'><strong>philosophia,</strong></span> <span class='ocrx_word' id='word_1_50' title='bbox 600 850 658 887; x_wconf 84' lang='lat' dir='ltr'><strong>non</strong></span> <span class='ocrx_word' id='word_1_51' title='bbox 677 831 735 887; x_wconf 83' lang='lat' dir='ltr'><strong>illo</strong></span> <span class='ocrx_word' id='word_1_52' title='bbox 761 831 796 888; x_wconf 84' lang='lat' dir='ltr'><strong>de</strong></span> <span class='ocrx_word' id='word_1_53' title='bbox 824 839 960 902; x_wconf 81' lang='lat' dir='ltr'><strong>notura,</strong></span> <span class='ocrx_word' id='word_1_54' title='bbox 990 847 1065 905; x_wconf 81' lang='lat' dir='ltr'><strong>quoe</strong></span> <span class='ocrx_word' id='word_1_55' title='bbox 1084 829 1201 903; x_wconf 81' lang='lat' dir='ltr'><strong>fuerat</strong></span> <span class='ocrx_word' id='word_1_56' title='bbox 1230 834 1316 884; x_wconf 79' lang='lat' dir='ltr'><strong>onti-</strong></span> 
     </span>
     <span class='ocr_line' id='line_1_7' title="bbox 90 926 1318 1004; baseline 0.002 -24"><span class='ocrx_word' id='word_1_57' title='bbox 90 931 178 1000; x_wconf 83' lang='lat' dir='ltr'><strong>quior,</strong></span> <span class='ocrx_word' id='word_1_58' title='bbox 199 926 250 982; x_wconf 84' lang='lat' dir='ltr'><strong>ced</strong></span> <span class='ocrx_word' id='word_1_59' title='bbox 269 927 359 998; x_wconf 82' lang='lat' dir='ltr'><strong>hoec,</strong></span> <span class='ocrx_word' id='word_1_60' title='bbox 380 933 413 982; x_wconf 81' lang='lat' dir='ltr'><strong>tn</strong></span> <span class='ocrx_word' id='word_1_61' title='bbox 433 947 493 1003; x_wconf 84' lang='lat' dir='ltr'><strong>quo</strong></span> <span class='ocrx_word' id='word_1_62' title='bbox 512 927 546 984; x_wconf 83' lang='lat' dir='ltr'><strong>cle</strong></span> <span class='ocrx_word' id='word_1_63' title='bbox 567 929 648 986; x_wconf 81' lang='lat' dir='ltr'><strong>lonis</strong></span> <span class='ocrx_word' id='word_1_64' title='bbox 668 930 757 986; x_wconf 82' lang='lat' dir='ltr'><strong>robus</strong></span> <span class='ocrx_word' id='word_1_65' title='bbox 780 938 810 986; x_wconf 88' lang='lat' dir='ltr'><strong>et</strong></span> <span class='ocrx_word' id='word_1_66' title='bbox 838 929 929 987; x_wconf 77' lang='lat' dir='ltr'><strong>mulis</strong></span> <span class='ocrx_word' id='word_1_67' title='bbox 956 928 1047 1004; x_wconf 82' lang='lat' dir='ltr'><strong>deque</strong></span> <span class='ocrx_word' id='word_1_68' title='bbox 1078 928 1231 984; x_wconf 84' lang='lat' dir='ltr'><strong>hominum</strong></span> <span class='ocrx_word' id='word_1_69' title='bbox 1251 932 1318 983; x_wconf 79' lang='lat' dir='ltr'><strong>vito</strong></span> 
     </span>
     <span class='ocr_line' id='line_1_8' title="bbox 88 1022 1315 1106; baseline 0.001 -28"><span class='ocrx_word' id='word_1_70' title='bbox 88 1032 115 1079; x_wconf 87' lang='lat' dir='ltr'><strong>ot</strong></span> <span class='ocrx_word' id='word_1_71' title='bbox 132 1025 260 1081; x_wconf 82' lang='lat' dir='ltr'><strong>moribus</strong></span> <span class='ocrx_word' id='word_1_72' title='bbox 285 1025 485 1100; x_wconf 79' lang='lat' dir='ltr'><strong>disputatur,</strong></span> <span class='ocrx_word' id='word_1_73' title='bbox 515 1032 640 1083; x_wconf 73' lang='lat' dir='ltr'><strong>inserita</strong></span> <span class='ocrx_word' id='word_1_74' title='bbox 660 1027 786 1086; x_wconf 82' lang='lat' dir='ltr'><strong>dicitur.</strong></span> <span class='ocrx_word' id='word_1_75' title='bbox 809 1023 840 1106; x_wconf 84' lang='lat'><strong>2)</strong></span> <span class='ocrx_word' id='word_1_76' title='bbox 870 1026 1034 1101; x_wconf 90' lang='lat' dir='ltr'><strong>lterumque</strong></span> <span class='ocrx_word' id='word_1_77' title='bbox 1063 1023 1095 1082; x_wconf 91' lang='lat' dir='ltr'><strong>in</strong></span> <span class='ocrx_word' id='word_1_78' title='bbox 1123 1022 1315 1082; x_wconf 81' lang='lat' dir='ltr'><strong>Tusculanis:</strong></span> 
     </span>
     <span class='ocr_line' id='line_1_9' title="bbox 88 1119 1315 1201; baseline 0.002 -26"><span class='ocrx_word' id='word_1_79' title='bbox 88 1141 106 1175; x_wconf 91' lang='lat' dir='ltr'><em>o</em></span> <span class='ocrx_word' id='word_1_80' title='bbox 123 1119 242 1178; x_wconf 85' lang='lat' dir='ltr'><strong>Socrate</strong></span> <span class='ocrx_word' id='word_1_81' title='bbox 263 1129 377 1196; x_wconf 83' lang='lat' dir='ltr'><strong>omnis,</strong></span> <span class='ocrx_word' id='word_1_82' title='bbox 399 1144 475 1201; x_wconf 82' lang='lat' dir='ltr'><strong>quoe</strong></span> <span class='ocrx_word' id='word_1_83' title='bbox 496 1133 540 1181; x_wconf 85' lang='lat' dir='ltr'><strong>eet</strong></span> <span class='ocrx_word' id='word_1_84' title='bbox 560 1125 595 1182; x_wconf 85' lang='lat' dir='ltr'><strong>de</strong></span> <span class='ocrx_word' id='word_1_85' title='bbox 618 1132 683 1181; x_wconf 75' lang='lat' dir='ltr'><strong>otto</strong></span> <span class='ocrx_word' id='word_1_86' title='bbox 703 1125 784 1181; x_wconf 84' lang='lat' dir='ltr'><strong>etde</strong></span> <span class='ocrx_word' id='word_1_87' title='bbox 811 1126 960 1195; x_wconf 64' lang='lat' dir='ltr'><strong>noctibus,</strong></span> <span class='ocrx_word' id='word_1_88' title='bbox 989 1121 1175 1198; x_wconf 75' lang='lat' dir='ltr'><strong>philosophie</strong></span> <span class='ocrx_word' id='word_1_89' title='bbox 1205 1139 1315 1178; x_wconf 82' lang='lat' dir='ltr'><strong>otono-</strong></span> 
     </span>
     <span class='ocr_line' id='line_1_10' title="bbox 89 1211 1315 1299; baseline 0.002 -25"><span class='ocrx_word' id='word_1_90' title='bbox 89 1227 136 1278; x_wconf 81' lang='lat' dir='ltr'><strong>ott.</strong></span> <span class='ocrx_word' id='word_1_91' title='bbox 157 1216 187 1297; x_wconf 86' lang='lat'><strong>3)</strong></span> <span class='ocrx_word' id='word_1_92' title='bbox 216 1220 315 1299; x_wconf 90' lang='lat' dir='ltr'><strong>ltaque</strong></span> <span class='ocrx_word' id='word_1_93' title='bbox 337 1219 501 1280; x_wconf 79' lang='lat' dir='ltr'><strong>adverterat</strong></span> <span class='ocrx_word' id='word_1_94' title='bbox 519 1222 648 1280; x_wconf 88' lang='lat' dir='ltr'><strong>animum</strong></span> <span class='ocrx_word' id='word_1_95' title='bbox 665 1221 809 1296; x_wconf 88' lang='lat' dir='ltr'><strong>Socratis,</strong></span> <span class='ocrx_word' id='word_1_96' title='bbox 840 1220 919 1298; x_wconf 92' lang='lat' dir='ltr'><strong>quod</strong></span> <span class='ocrx_word' id='word_1_97' title='bbox 945 1218 1024 1299; x_wconf 89' lang='lat' dir='ltr'><strong>apud</strong></span> <span class='ocrx_word' id='word_1_98' title='bbox 1050 1211 1249 1298; x_wconf 70' lang='lat' dir='ltr'><strong>hnasagoram</strong></span> <span class='ocrx_word' id='word_1_99' title='bbox 1278 1217 1315 1276; x_wconf 94' lang='lat' dir='ltr'><strong>de</strong></span> 
     </span>
     <span class='ocr_line' id='line_1_11' title="bbox 88 1316 1316 1400; baseline 0 -27"><span class='ocrx_word' id='word_1_100' title='bbox 88 1329 175 1374; x_wconf 88' lang='lat' dir='ltr'><strong>mente</strong></span> <span class='ocrx_word' id='word_1_101' title='bbox 195 1316 321 1396; x_wconf 81' lang='lat' dir='ltr'><strong>legerat:</strong></span> <span class='ocrx_word' id='word_1_102' title='bbox 344 1340 400 1398; x_wconf 91' lang='lat' dir='ltr'><strong>quo</strong></span> <span class='ocrx_word' id='word_1_103' title='bbox 421 1320 563 1380; x_wconf 88' lang='lat' dir='ltr'><strong>excitatus</strong></span> <span class='ocrx_word' id='word_1_104' title='bbox 583 1317 620 1378; x_wconf 87' lang='lat' dir='ltr'><strong>de</strong></span> <span class='ocrx_word' id='word_1_105' title='bbox 641 1341 691 1379; x_wconf 90' lang='lat' dir='ltr'><strong>sua</strong></span> <span class='ocrx_word' id='word_1_106' title='bbox 711 1320 803 1400; x_wconf 90' lang='lat' dir='ltr'><strong>ipsius</strong></span> <span class='ocrx_word' id='word_1_107' title='bbox 816 1332 918 1394; x_wconf 46' lang='lat' dir='ltr'><strong>,mente</strong></span> <span class='ocrx_word' id='word_1_108' title='bbox 947 1318 1071 1397; x_wconf 84' lang='lat' dir='ltr'><strong>cogitare</strong></span> <span class='ocrx_word' id='word_1_109' title='bbox 1103 1316 1261 1396; x_wconf 83' lang='lat' dir='ltr'><strong>diligenter</strong></span> <span class='ocrx_word' id='word_1_110' title='bbox 1287 1329 1316 1373; x_wconf 90' lang='lat' dir='ltr'><strong>et</strong></span> 
     </span>
     <span class='ocr_line' id='line_1_12' title="bbox 87 1413 1315 1497; baseline 0.002 -27"><span class='ocrx_word' id='word_1_111' title='bbox 87 1414 228 1494; x_wconf 86' lang='lat' dir='ltr'><strong>explorare</strong></span> <span class='ocrx_word' id='word_1_112' title='bbox 257 1430 345 1475; x_wconf 87' lang='lat' dir='ltr'><strong>semet</strong></span> <span class='ocrx_word' id='word_1_113' title='bbox 375 1417 469 1497; x_wconf 89' lang='lat' dir='ltr'><strong>ipsum</strong></span> <span class='ocrx_word' id='word_1_114' title='bbox 498 1438 598 1496; x_wconf 90' lang='lat' dir='ltr'><strong>resque</strong></span> <span class='ocrx_word' id='word_1_115' title='bbox 628 1417 769 1476; x_wconf 88' lang='lat' dir='ltr'><strong>humanas</strong></span> <span class='ocrx_word' id='word_1_116' title='bbox 797 1419 914 1491; x_wconf 80' lang='lat' dir='ltr'><strong>omnes,</strong></span> <span class='ocrx_word' id='word_1_117' title='bbox 943 1415 1144 1493; x_wconf 78' lang='lat' dir='ltr'><strong>maximeque,</strong></span> <span class='ocrx_word' id='word_1_118' title='bbox 1176 1413 1254 1492; x_wconf 91' lang='lat' dir='ltr'><strong>quod</strong></span> <span class='ocrx_word' id='word_1_119' title='bbox 1274 1414 1315 1472; x_wconf 90' lang='lat' dir='ltr'><strong>ait</strong></span> 
     </span>
     <span class='ocr_line' id='line_1_13' title="bbox 88 1510 1315 1596; baseline 0.001 -26"><span class='ocrx_word' id='word_1_120' title='bbox 88 1511 196 1586; x_wconf 89' lang='lat' dir='ltr'><strong>Cicero,</strong></span> <span class='ocrx_word' id='word_1_121' title='bbox 225 1515 260 1571; x_wconf 88' lang='lat' dir='ltr'><strong>de</strong></span> <span class='ocrx_word' id='word_1_122' title='bbox 289 1516 378 1573; x_wconf 79' lang='lat' dir='ltr'><strong>robios</strong></span> <span class='ocrx_word' id='word_1_123' title='bbox 407 1517 490 1574; x_wconf 76' lang='lat' dir='ltr'><strong>bonis</strong></span> <span class='ocrx_word' id='word_1_124' title='bbox 519 1526 548 1573; x_wconf 87' lang='lat' dir='ltr'><strong>et</strong></span> <span class='ocrx_word' id='word_1_125' title='bbox 578 1519 669 1575; x_wconf 82' lang='lat' dir='ltr'><strong>molis</strong></span> <span class='ocrx_word' id='word_1_126' title='bbox 697 1537 834 1595; x_wconf 86' lang='lat' dir='ltr'><strong>quaerere</strong></span> <span class='ocrx_word' id='word_1_127' title='bbox 862 1517 965 1596; x_wconf 87' lang='lat' dir='ltr'><strong>coepit.</strong></span> <span class='ocrx_word' id='word_1_128' title='bbox 1009 1512 1089 1570; x_wconf 87' lang='lat' dir='ltr'><strong>Plato</strong></span> <span class='ocrx_word' id='word_1_129' title='bbox 1108 1523 1221 1585; x_wconf 87' lang='lat' dir='ltr'><strong>autem,</strong></span> <span class='ocrx_word' id='word_1_130' title='bbox 1243 1510 1315 1568; x_wconf 88' lang='lat' dir='ltr'><strong>hinc</strong></span> 
     </span>
     <span class='ocr_line' id='line_1_14' title="bbox 87 1592 1317 1694; baseline 0.002 -28"><span class='ocrx_word' id='word_1_131' title='bbox 87 1610 221 1689; x_wconf 79' lang='lat' dir='ltr'><strong>profectus</strong></span> <span class='ocrx_word' id='word_1_132' title='bbox 242 1613 387 1686; x_wconf 76' lang='lat' dir='ltr'><strong>maxime,</strong></span> <span class='ocrx_word' id='word_1_133' title='bbox 419 1635 479 1673; x_wconf 91' lang='lat' dir='ltr'><strong>nou</strong></span> <span class='ocrx_word' id='word_1_134' title='bbox 510 1613 602 1673; x_wconf 91' lang='lat' dir='ltr'><strong>solum</strong></span> <span class='ocrx_word' id='word_1_135' title='bbox 631 1613 669 1672; x_wconf 90' lang='lat' dir='ltr'><strong>ad</strong></span> <span class='ocrx_word' id='word_1_136' title='bbox 686 1615 814 1694; x_wconf 80' lang='lat' dir='ltr'><strong>magistri</strong></span> <span class='ocrx_word' id='word_1_137' title='bbox 836 1611 1002 1693; x_wconf 82' lang='lat' dir='ltr'><strong>exemplum</strong></span> <span class='ocrx_word' id='word_1_138' title='bbox 1023 1603 1077 1671; x_wconf 80' lang='lat' dir='ltr'><strong>rein</strong></span> <span class='ocrx_word' id='word_1_139' title='bbox 1098 1608 1184 1685; x_wconf 78' lang='grc' dir='ltr'><strong><em>νοῦν,</em></strong></span> <span class='ocrx_word' id='word_1_140' title='bbox 1206 1608 1257 1669; x_wconf 89' lang='lat' dir='ltr'><strong>sed</strong></span> <span class='ocrx_word' id='word_1_141' title='bbox 1277 1592 1317 1669; x_wconf 78' lang='lat' dir='ltr'><strong>toi</strong></span> 
     </span>
     <span class='ocr_line' id='line_1_15' title="bbox 87 1700 1316 1793; baseline 0.002 -27"><span class='ocrx_word' id='word_1_142' title='bbox 87 1700 168 1788; x_wconf 78' lang='lat' dir='ltr'><strong>voqtoi</strong></span> <span class='ocrx_word' id='word_1_143' title='bbox 198 1709 287 1785; x_wconf 88' lang='lat' dir='ltr'><strong>item,</strong></span> <span class='ocrx_word' id='word_1_144' title='bbox 318 1732 391 1790; x_wconf 86' lang='lat' dir='ltr'><strong>quae</strong></span> <span class='ocrx_word' id='word_1_145' title='bbox 422 1732 473 1770; x_wconf 92' lang='lat' dir='ltr'><strong>nos</strong></span> <span class='ocrx_word' id='word_1_146' title='bbox 504 1713 562 1770; x_wconf 79' lang='lat' dir='ltr'><strong>unh</strong></span> <span class='ocrx_word' id='word_1_147' title='bbox 591 1729 687 1772; x_wconf 88' lang='lat' dir='ltr'><strong>mente</strong></span> <span class='ocrx_word' id='word_1_148' title='bbox 715 1727 743 1772; x_wconf 87' lang='lat' dir='ltr'><strong>et</strong></span> <span class='ocrx_word' id='word_1_149' title='bbox 761 1713 934 1793; x_wconf 79' lang='lat' dir='ltr'><strong>cogitatione</strong></span> <span class='ocrx_word' id='word_1_150' title='bbox 954 1713 1148 1791; x_wconf 80' lang='lat' dir='ltr'><strong>assequimur,</strong></span> <span class='ocrx_word' id='word_1_151' title='bbox 1169 1710 1316 1783; x_wconf 84' lang='lat' dir='ltr'><strong>attendit,</strong></span> 
     </span>
     <span class='ocr_line' id='line_1_16' title="bbox 87 1801 1314 1890; baseline 0 -24"><span class='ocrx_word' id='word_1_152' title='bbox 87 1808 281 1889; x_wconf 85' lang='lat' dir='ltr'><strong>distinctisque</strong></span> <span class='ocrx_word' id='word_1_153' title='bbox 310 1808 372 1868; x_wconf 91' lang='lat' dir='ltr'><strong>illis</strong></span> <span class='ocrx_word' id='word_1_154' title='bbox 400 1801 672 1869; x_wconf 77' lang='lat' dir='ltr'><strong>accu1·atearehus</strong></span> <span class='ocrx_word' id='word_1_155' title='bbox 710 1810 958 1890; x_wconf 84' lang='lat' dir='ltr'><strong>adspectahilihus</strong></span> <span class='ocrx_word' id='word_1_156' title='bbox 987 1810 1141 1884; x_wconf 89' lang='lat' dir='ltr'><strong>omnihus,</strong></span> <span class='ocrx_word' id='word_1_157' title='bbox 1173 1811 1314 1868; x_wconf 89' lang='lat' dir='ltr'><strong>rationem</strong></span> 
     </span>
     <span class='ocr_line' id='line_1_17' title="bbox 87 1896 1314 1988; baseline -0.001 -25"><span class='ocrx_word' id='word_1_158' title='bbox 87 1926 145 1964; x_wconf 90' lang='lat' dir='ltr'><strong>curn</strong></span> <span class='ocrx_word' id='word_1_159' title='bbox 176 1907 310 1980; x_wconf 87' lang='lat' dir='ltr'><strong>invenit,</strong></span> <span class='ocrx_word' id='word_1_160' title='bbox 341 1919 403 1964; x_wconf 90' lang='lat' dir='ltr'><strong>tum</strong></span> <span class='ocrx_word' id='word_1_161' title='bbox 432 1905 660 1982; x_wconf 78' lang='lat' dir='ltr'><strong>demonstravit,</strong></span> <span class='ocrx_word' id='word_1_162' title='bbox 692 1930 747 1986; x_wconf 92' lang='lat' dir='ltr'><strong>qua</strong></span> <span class='ocrx_word' id='word_1_163' title='bbox 778 1909 809 1966; x_wconf 92' lang='lat' dir='ltr'><strong>in</strong></span> <span class='ocrx_word' id='word_1_164' title='bbox 840 1907 984 1967; x_wconf 91' lang='lat' dir='ltr'><strong>mundum</strong></span> <span class='ocrx_word' id='word_1_165' title='bbox 1014 1896 1124 1988; x_wconf 74' lang='lat' dir='ltr'><strong>ooqtdv</strong></span> <span class='ocrx_word' id='word_1_166' title='bbox 1155 1905 1314 1964; x_wconf 89' lang='lat' dir='ltr'><strong>escendens</strong></span> 
     </span>
     <span class='ocr_line' id='line_1_18' title="bbox 87 2001 1315 2086; baseline 0 -25"><span class='ocrx_word' id='word_1_167' title='bbox 87 2003 161 2063; x_wconf 91' lang='lat' dir='ltr'><strong>homo</strong></span> <span class='ocrx_word' id='word_1_168' title='bbox 172 2050 180 2078; x_wconf 92' lang='lat'>‚</span> <span class='ocrx_word' id='word_1_169' title='bbox 202 2025 270 2065; x_wconf 85' lang='lat' dir='ltr'><strong>vere</strong></span> <span class='ocrx_word' id='word_1_170' title='bbox 291 2001 328 2062; x_wconf 86' lang='lat' dir='ltr'><strong>de</strong></span> <span class='ocrx_word' id='word_1_171' title='bbox 348 2003 434 2062; x_wconf 89' lang='lat' dir='ltr'><strong>rebus</strong></span> <span class='ocrx_word' id='word_1_172' title='bbox 455 2003 704 2084; x_wconf 90' lang='lat' dir='ltr'><strong>adspectabilihus</strong></span> <span class='ocrx_word' id='word_1_173' title='bbox 714 2003 849 2083; x_wconf 84' lang='lat' dir='ltr'><strong>judicare</strong></span> <span class='ocrx_word' id='word_1_174' title='bbox 871 2018 899 2062; x_wconf 89' lang='lat' dir='ltr'><strong>et</strong></span> <span class='ocrx_word' id='word_1_175' title='bbox 919 2007 958 2064; x_wconf 89' lang='lat' dir='ltr'><strong>sic</strong></span> <span class='ocrx_word' id='word_1_176' title='bbox 970 2006 1086 2067; x_wconf 89' lang='lat' dir='ltr'><strong>demum</strong></span> <span class='ocrx_word' id='word_1_177' title='bbox 1108 2025 1206 2086; x_wconf 87' lang='lat' dir='ltr'><strong>sapere</strong></span> <span class='ocrx_word' id='word_1_178' title='bbox 1217 2049 1225 2078; x_wconf 88' lang='lat'><em>,</em></span> <span class='ocrx_word' id='word_1_179' title='bbox 1244 2001 1315 2062; x_wconf 76' lang='grc' dir='ltr'><strong>νοῖν</strong></span> 
     </span>
     <span class='ocr_line' id='line_1_19' title="bbox 86 2094 1314 2183; baseline 0.001 -24"><span class='ocrx_word' id='word_1_180' title='bbox 86 2094 156 2180; x_wconf 74' lang='grc' dir='ltr'><strong><em>ἕχον</em></strong></span> <span class='ocrx_word' id='word_1_181' title='bbox 176 2102 328 2183; x_wconf 85' lang='lat' dir='ltr'><strong>inciperet.</strong></span> <span class='ocrx_word' id='word_1_182' title='bbox 370 2103 432 2159; x_wconf 88' lang='lat' dir='ltr'><strong>Hac</strong></span> <span class='ocrx_word' id='word_1_183' title='bbox 461 2101 508 2160; x_wconf 90' lang='lat' dir='ltr'><strong>via</strong></span> <span class='ocrx_word' id='word_1_184' title='bbox 535 2103 635 2177; x_wconf 88' lang='lat' dir='ltr'><strong>Plato,</strong></span> <span class='ocrx_word' id='word_1_185' title='bbox 666 2123 740 2181; x_wconf 92' lang='lat' dir='ltr'><strong>quae</strong></span> <span class='ocrx_word' id='word_1_186' title='bbox 772 2103 971 2162; x_wconf 85' lang='lat' dir='ltr'><strong>Aristotelicae</strong></span> <span class='ocrx_word' id='word_1_187' title='bbox 1002 2106 1107 2164; x_wconf 90' lang='lat' dir='ltr'><strong>rationi</strong></span> <span class='ocrx_word' id='word_1_188' title='bbox 1136 2104 1224 2183; x_wconf 91' lang='lat' dir='ltr'><strong>plane</strong></span> <span class='ocrx_word' id='word_1_189' title='bbox 1254 2116 1314 2161; x_wconf 88' lang='lat' dir='ltr'><strong>erat</strong></span> 
     </span>
     <span class='ocr_line' id='line_1_20' title="bbox 88 2199 1314 2285; baseline 0 -25"><span class='ocrx_word' id='word_1_190' title='bbox 88 2203 240 2275; x_wconf 84' lang='lat' dir='ltr'><strong>contraria,</strong></span> <span class='ocrx_word' id='word_1_191' title='bbox 263 2222 323 2259; x_wconf 92' lang='lat' dir='ltr'><strong>non</strong></span> <span class='ocrx_word' id='word_1_192' title='bbox 341 2199 567 2279; x_wconf 87' lang='lat' dir='ltr'><strong>metaphysicam</strong></span> <span class='ocrx_word' id='word_1_193' title='bbox 587 2199 696 2275; x_wconf 79' lang='lat' dir='ltr'><strong>tradit,</strong></span> <span class='ocrx_word' id='word_1_194' title='bbox 718 2222 778 2259; x_wconf 91' lang='lat' dir='ltr'><strong>non</strong></span> <span class='ocrx_word' id='word_1_195' title='bbox 798 2221 910 2259; x_wconf 91' lang='lat' dir='ltr'><strong>caussas</strong></span> <span class='ocrx_word' id='word_1_196' title='bbox 929 2202 1015 2260; x_wconf 88' lang='lat' dir='ltr'><strong>unice</strong></span> <span class='ocrx_word' id='word_1_197' title='bbox 1025 2204 1058 2262; x_wconf 89' lang='lat' dir='ltr'><strong>in</strong></span> <span class='ocrx_word' id='word_1_198' title='bbox 1075 2200 1186 2261; x_wconf 91' lang='lat' dir='ltr'><strong>mundo</strong></span> <span class='ocrx_word' id='word_1_199' title='bbox 1205 2199 1314 2285; x_wconf 73' lang='grc' dir='ltr'><strong><em>νοητῷ,</em></strong></span> 
     </span>
     <span class='ocr_line' id='line_1_21' title="bbox 90 2294 1314 2381; baseline 0.004 -24"><span class='ocrx_word' id='word_1_200' title='bbox 90 2321 134 2359; x_wconf 91' lang='lat' dir='ltr'><strong>nec</strong></span> <span class='ocrx_word' id='word_1_201' title='bbox 155 2322 221 2361; x_wconf 84' lang='lat' dir='ltr'><strong>vero</strong></span> <span class='ocrx_word' id='word_1_202' title='bbox 241 2297 405 2379; x_wconf 90' lang='lat' dir='ltr'><strong>principem</strong></span> <span class='ocrx_word' id='word_1_203' title='bbox 426 2294 573 2373; x_wconf 90' lang='lat' dir='ltr'><strong>quandam</strong></span> <span class='ocrx_word' id='word_1_204' title='bbox 594 2319 738 2372; x_wconf 88' lang='lat' dir='ltr'><strong>caussam,</strong></span> <span class='ocrx_word' id='word_1_205' title='bbox 770 2319 860 2376; x_wconf 88' lang='lat' dir='ltr'><strong>equa</strong></span> <span class='ocrx_word' id='word_1_206' title='bbox 880 2299 977 2357; x_wconf 90' lang='lat' dir='ltr'><strong>omnia</strong></span> <span class='ocrx_word' id='word_1_207' title='bbox 1003 2298 1197 2376; x_wconf 88' lang='lat' dir='ltr'><strong>ducerentur,</strong></span> <span class='ocrx_word' id='word_1_208' title='bbox 1228 2323 1314 2381; x_wconf 87' lang='lat' dir='ltr'><strong>quae·</strong></span> 
     </span>
     <span class='ocr_line' id='line_1_22' title="bbox 87 2391 1314 2484; baseline 0.006 -32"><span class='ocrx_word' id='word_1_209' title='bbox 87 2395 162 2472; x_wconf 77' lang='lat' dir='ltr'><strong>sivit3</strong></span> <span class='ocrx_word' id='word_1_210' title='bbox 194 2394 244 2454; x_wconf 90' lang='lat' dir='ltr'><strong>sod</strong></span> <span class='ocrx_word' id='word_1_211' title='bbox 274 2393 423 2452; x_wconf 87' lang='lat' dir='ltr'><strong>hominem</strong></span> <span class='ocrx_word' id='word_1_212' title='bbox 452 2391 551 2452; x_wconf 90' lang='lat' dir='ltr'><strong>docuit</strong></span> <span class='ocrx_word' id='word_1_213' title='bbox 579 2405 703 2454; x_wconf 82' lang='lat' dir='ltr'><strong>mentem</strong></span> <span class='ocrx_word' id='word_1_214' title='bbox 733 2395 772 2454; x_wconf 90' lang='lat' dir='ltr'><strong>ad</strong></span> <span class='ocrx_word' id='word_1_215' title='bbox 799 2408 916 2454; x_wconf 87' lang='lat' dir='ltr'><strong>aeterna</strong></span> <span class='ocrx_word' id='word_1_216' title='bbox 945 2398 1008 2457; x_wconf 82' lang='lat' dir='ltr'><strong>veri</strong></span> <span class='ocrx_word' id='word_1_217' title='bbox 1034 2398 1065 2457; x_wconf 93' lang='lat' dir='ltr'><strong>in</strong></span> <span class='ocrx_word' id='word_1_218' title='bbox 1085 2395 1195 2458; x_wconf 89' lang='lat' dir='ltr'><strong>mundo</strong></span> <span class='ocrx_word' id='word_1_219' title='bbox 1214 2397 1314 2484; x_wconf 74' lang='grc' dir='ltr'><strong><em>νοητῷ</em></strong></span> 
     </span>
     <span class='ocr_line' id='line_1_23' title="bbox 89 2481 1311 2574; baseline 0.011 -26"><span class='ocrx_word' id='word_1_220' title='bbox 89 2493 227 2574; x_wconf 82' lang='lat' dir='ltr'><strong>exempla,</strong></span> <span class='ocrx_word' id='word_1_221' title='bbox 251 2493 283 2549; x_wconf 91' lang='lat' dir='ltr'><strong>in</strong></span> <span class='ocrx_word' id='word_1_222' title='bbox 304 2491 461 2571; x_wconf 89' lang='lat' dir='ltr'><strong>primisque</strong></span> <span class='ocrx_word' id='word_1_223' title='bbox 480 2481 518 2549; x_wconf 77' lang='lat' dir='ltr'><strong>id</strong></span> <span class='ocrx_word' id='word_1_224' title='bbox 537 2491 589 2566; x_wconf 90' lang='lat' dir='ltr'><strong>id,</strong></span> <span class='ocrx_word' id='word_1_225' title='bbox 611 2491 689 2571; x_wconf 88' lang='lat' dir='ltr'><strong>quod</strong></span> <span class='ocrx_word' id='word_1_226' title='bbox 710 2498 816 2551; x_wconf 82' lang='lat' dir='ltr'><strong>bonnm</strong></span> <span class='ocrx_word' id='word_1_227' title='bbox 835 2506 895 2566; x_wconf 87' lang='lat' dir='ltr'><strong>est,</strong></span> <span class='ocrx_word' id='word_1_228' title='bbox 927 2509 1096 2555; x_wconf 84' lang='lat' dir='ltr'><strong>convertere</strong></span> <span class='ocrx_word' id='word_1_229' title='bbox 1124 2518 1156 2569; x_wconf 83' lang='lat' dir='ltr'><strong>ac</strong></span> <span class='ocrx_word' id='word_1_230' title='bbox 1176 2497 1250 2560; x_wconf 89' lang='lat' dir='ltr'><strong>hene</strong></span> <span class='ocrx_word' id='word_1_231' title='bbox 1271 2502 1311 2560; x_wconf 90' lang='lat' dir='ltr'><strong>ita</strong></span> 
     </span>
     <span class='ocr_line' id='line_1_24' title="bbox 86 2588 1075 2670; baseline 0.004 -23"><span class='ocrx_word' id='word_1_232' title='bbox 86 2610 142 2648; x_wconf 90' lang='lat' dir='ltr'><strong>cnm</strong></span> <span class='ocrx_word' id='word_1_233' title='bbox 163 2591 265 2651; x_wconf 81' lang='lat' dir='ltr'><strong>vivere</strong></span> <span class='ocrx_word' id='word_1_234' title='bbox 284 2603 344 2646; x_wconf 88' lang='lat' dir='ltr'><strong>tum</strong></span> <span class='ocrx_word' id='word_1_235' title='bbox 363 2608 407 2646; x_wconf 93' lang='lat' dir='ltr'><strong>res</strong></span> <span class='ocrx_word' id='word_1_236' title='bbox 426 2609 491 2646; x_wconf 90' lang='lat' dir='ltr'><strong>suas</strong></span> <span class='ocrx_word' id='word_1_237' title='bbox 510 2588 629 2668; x_wconf 91' lang='lat' dir='ltr'><strong>puhlice</strong></span> <span class='ocrx_word' id='word_1_238' title='bbox 647 2591 843 2670; x_wconf 86' lang='lat' dir='ltr'><strong>privatimque</strong></span> <span class='ocrx_word' id='word_1_239' title='bbox 863 2588 1075 2652; x_wconf 89' lang='lat' dir='ltr'><strong>administrare.</strong></span> 
     </span>
    </p>

    <p class='ocr_par' dir='ltr' id='par_1_3' title="bbox 83 2677 1393 3848">
     <span class='ocr_line' id='line_1_25' title="bbox 119 2677 1311 2769; baseline 0.007 -23"><span class='ocrx_word' id='word_1_240' title='bbox 119 2689 178 2762; x_wconf 87' lang='lat' dir='ltr'><strong>Quo</strong></span> <span class='ocrx_word' id='word_1_241' title='bbox 195 2687 285 2765; x_wconf 83' lang='lat' dir='ltr'><strong>magis</strong></span> <span class='ocrx_word' id='word_1_242' title='bbox 305 2677 382 2744; x_wconf 77' lang='lat' dir='ltr'><strong>ita&#39;a</strong></span> <span class='ocrx_word' id='word_1_243' title='bbox 403 2685 598 2765; x_wconf 88' lang='lat' dir='ltr'><strong>metaphysica</strong></span> <span class='ocrx_word' id='word_1_244' title='bbox 621 2687 783 2745; x_wconf 82' lang='lat' dir='ltr'><strong>Aristotelis</strong></span> <span class='ocrx_word' id='word_1_245' title='bbox 803 2686 931 2744; x_wconf 89' lang='lat' dir='ltr'><strong>Platonis</strong></span> <span class='ocrx_word' id='word_1_246' title='bbox 961 2687 1175 2769; x_wconf 90' lang='lat' dir='ltr'><strong>philosophiam</strong></span> <span class='ocrx_word' id='word_1_247' title='bbox 1200 2691 1311 2754; x_wconf 90' lang='lat' dir='ltr'><strong>distin-</strong></span> 
     </span>
     <span class='ocr_line' id='line_1_26' title="bbox 86 2773 1309 2863; baseline 0.007 -21"><span class='ocrx_word' id='word_1_248' title='bbox 86 2787 218 2859; x_wconf 85' lang='lat' dir='ltr'><strong>xerimus,</strong></span> <span class='ocrx_word' id='word_1_249' title='bbox 249 2805 282 2842; x_wconf 89' lang='lat' dir='ltr'><strong>eo</strong></span> <span class='ocrx_word' id='word_1_250' title='bbox 302 2782 387 2841; x_wconf 91' lang='lat' dir='ltr'><strong>nobis</strong></span> <span class='ocrx_word' id='word_1_251' title='bbox 405 2773 493 2861; x_wconf 81' lang='lat' dir='ltr'><strong>hujus</strong></span> <span class='ocrx_word' id='word_1_252' title='bbox 522 2782 558 2842; x_wconf 92' lang='lat' dir='ltr'><strong>de</strong></span> <span class='ocrx_word' id='word_1_253' title='bbox 585 2783 659 2842; x_wconf 84' lang='lat' dir='ltr'><strong>ideis</strong></span> <span class='ocrx_word' id='word_1_254' title='bbox 689 2783 822 2842; x_wconf 90' lang='lat' dir='ltr'><strong>doctrina</strong></span> <span class='ocrx_word' id='word_1_255' title='bbox 852 2783 963 2863; x_wconf 88' lang='lat' dir='ltr'><strong>patebit</strong></span> <span class='ocrx_word' id='word_1_256' title='bbox 981 2785 1154 2848; x_wconf 89' lang='lat' dir='ltr'><strong>dilucidius.</strong></span> <span class='ocrx_word' id='word_1_257' title='bbox 1195 2789 1253 2852; x_wconf 85' lang='lat' dir='ltr'><strong>Sed</strong></span> <span class='ocrx_word' id='word_1_258' title='bbox 1273 2791 1309 2854; x_wconf 96' lang='lat' dir='ltr'><strong>de</strong></span> 
     </span>
     <span class='ocr_line' id='line_1_27' title="bbox 86 2875 1310 2967; baseline 0.007 -27"><span class='ocrx_word' id='word_1_259' title='bbox 86 2885 142 2940; x_wconf 80' lang='lat' dir='ltr'><strong>horti</strong></span> <span class='ocrx_word' id='word_1_260' title='bbox 164 2885 229 2941; x_wconf 83' lang='lat' dir='ltr'><strong>ideo</strong></span> <span class='ocrx_word' id='word_1_261' title='bbox 260 2880 454 2959; x_wconf 81' lang='lat' dir='ltr'><strong>quaesivimus</strong></span> <span class='ocrx_word' id='word_1_262' title='bbox 479 2878 583 2955; x_wconf 89' lang='lat' dir='ltr'><strong>modo,</strong></span> <span class='ocrx_word' id='word_1_263' title='bbox 613 2901 700 2959; x_wconf 90' lang='lat' dir='ltr'><strong>quam</strong></span> <span class='ocrx_word' id='word_1_264' title='bbox 730 2895 761 2940; x_wconf 87' lang='lat' dir='ltr'><strong>ut</strong></span> <span class='ocrx_word' id='word_1_265' title='bbox 787 2880 867 2939; x_wconf 89' lang='lat' dir='ltr'><strong>Plato</strong></span> <span class='ocrx_word' id='word_1_266' title='bbox 887 2875 1024 2958; x_wconf 84' lang='lat' dir='ltr'><strong>tauquam</strong></span> <span class='ocrx_word' id='word_1_267' title='bbox 1044 2886 1216 2963; x_wconf 89' lang='lat' dir='ltr'><strong>optimarum</strong></span> <span class='ocrx_word' id='word_1_268' title='bbox 1235 2910 1310 2967; x_wconf 91' lang='lat' dir='ltr'><strong>qua-</strong></span> 
     </span>
     <span class='ocr_line' id='line_1_28' title="bbox 86 2978 1310 3061; baseline 0.008 -24"><span class='ocrx_word' id='word_1_269' title='bbox 86 3002 193 3061; x_wconf 87' lang='lat' dir='ltr'><strong>rumque</strong></span> <span class='ocrx_word' id='word_1_270' title='bbox 211 2999 308 3040; x_wconf 87' lang='lat' dir='ltr'><strong>rerum</strong></span> <span class='ocrx_word' id='word_1_271' title='bbox 331 2998 459 3037; x_wconf 88' lang='lat' dir='ltr'><strong>caussam</strong></span> <span class='ocrx_word' id='word_1_272' title='bbox 481 2978 659 3053; x_wconf 78' lang='lat' dir='ltr'><strong>celebravit,</strong></span> <span class='ocrx_word' id='word_1_273' title='bbox 681 2980 722 3037; x_wconf 91' lang='lat' dir='ltr'><strong>ita</strong></span> <span class='ocrx_word' id='word_1_274' title='bbox 743 2979 879 3053; x_wconf 84' lang='lat' dir='ltr'><strong>fuerunt,</strong></span> <span class='ocrx_word' id='word_1_275' title='bbox 901 2979 951 3057; x_wconf 92' lang='lat' dir='ltr'><strong>qui</strong></span> <span class='ocrx_word' id='word_1_276' title='bbox 971 2979 1173 3059; x_wconf 90' lang='lat' dir='ltr'><strong>accipiendam</strong></span> <span class='ocrx_word' id='word_1_277' title='bbox 1193 3007 1252 3045; x_wconf 91' lang='lat' dir='ltr'><strong>esse</strong></span> <span class='ocrx_word' id='word_1_278' title='bbox 1273 2987 1310 3047; x_wconf 90' lang='lat' dir='ltr'><strong>de</strong></span> 
     </span>
     <span class='ocr_line' id='line_1_29' title="bbox 85 3074 1393 3156; baseline 0.008 -22"><span class='ocrx_word' id='word_1_279' title='bbox 85 3077 140 3138; x_wconf 87' lang='lat' dir='ltr'><strong>Deo</strong></span> <span class='ocrx_word' id='word_1_280' title='bbox 156 3079 375 3138; x_wconf 89' lang='lat' dir='ltr'><strong>arbitrarentur.</strong></span> <span class='ocrx_word' id='word_1_281' title='bbox 417 3075 511 3134; x_wconf 86' lang='lat' dir='ltr'><strong>Ducta</strong></span> <span class='ocrx_word' id='word_1_282' title='bbox 531 3074 602 3134; x_wconf 90' lang='lat' dir='ltr'><strong>haec</strong></span> <span class='ocrx_word' id='word_1_283' title='bbox 622 3076 722 3156; x_wconf 90' lang='lat' dir='ltr'><strong>opinio</strong></span> <span class='ocrx_word' id='word_1_284' title='bbox 743 3097 779 3134; x_wconf 82' lang='lat' dir='ltr'><strong>ex</strong></span> <span class='ocrx_word' id='word_1_285' title='bbox 800 3074 899 3134; x_wconf 90' lang='lat' dir='ltr'><strong>eadem</strong></span> <span class='ocrx_word' id='word_1_286' title='bbox 919 3075 973 3135; x_wconf 90' lang='lat' dir='ltr'><strong>illa</strong></span> <span class='ocrx_word' id='word_1_287' title='bbox 992 3077 1155 3139; x_wconf 81' lang='lat' dir='ltr'><strong>Aristotelis</strong></span> <span class='ocrx_word' id='word_1_288' title='bbox 1175 3081 1312 3145; x_wconf 86' lang='lat' dir='ltr'><strong>doctrina</strong></span> <span class='ocrx_word' id='word_1_289' title='bbox 1390 3118 1393 3124; x_wconf 96' lang='lat'>·</span> 
     </span>
     <span class='ocr_line' id='line_1_30' title="bbox 85 3170 1308 3260; baseline 0.007 -28"><span class='ocrx_word' id='word_1_290' title='bbox 85 3177 207 3252; x_wconf 84' lang='lat' dir='ltr'><strong>videtur,</strong></span> <span class='ocrx_word' id='word_1_291' title='bbox 239 3187 316 3233; x_wconf 89' lang='lat' dir='ltr'><strong>certe</strong></span> <span class='ocrx_word' id='word_1_292' title='bbox 345 3170 468 3251; x_wconf 88' lang='lat' dir='ltr'><strong>quadrat</strong></span> <span class='ocrx_word' id='word_1_293' title='bbox 497 3176 530 3232; x_wconf 93' lang='lat' dir='ltr'><strong>in</strong></span> <span class='ocrx_word' id='word_1_294' title='bbox 559 3195 621 3233; x_wconf 91' lang='lat' dir='ltr'><strong>eam</strong></span> <span class='ocrx_word' id='word_1_295' title='bbox 652 3171 784 3233; x_wconf 86' lang='lat' dir='ltr'><strong>mirifice.</strong></span> <span class='ocrx_word' id='word_1_296' title='bbox 826 3173 899 3232; x_wconf 85' lang='lat' dir='ltr'><strong>Nam</strong></span> <span class='ocrx_word' id='word_1_297' title='bbox 918 3173 950 3231; x_wconf 91' lang='lat' dir='ltr'><strong>in</strong></span> <span class='ocrx_word' id='word_1_298' title='bbox 970 3175 1077 3234; x_wconf 91' lang='lat' dir='ltr'><strong>caussis</strong></span> <span class='ocrx_word' id='word_1_299' title='bbox 1097 3177 1308 3260; x_wconf 89' lang='lat' dir='ltr'><strong>principiisque</strong></span> 
     </span>
     <span class='ocr_line' id='line_1_31' title="bbox 85 3266 1310 3362; baseline 0.006 -30"><span class='ocrx_word' id='word_1_300' title='bbox 85 3276 189 3336; x_wconf 86' lang='lat' dir='ltr'><strong>summis</strong></span> <span class='ocrx_word' id='word_1_301' title='bbox 207 3273 262 3358; x_wconf 74' lang='grc' dir='ltr'><strong>τῷ</strong></span> <span class='ocrx_word' id='word_1_302' title='bbox 283 3266 417 3354; x_wconf 73' lang='grc' dir='ltr'><em>ἀγαθῷ</em></span> <span class='ocrx_word' id='word_1_303' title='bbox 435 3272 604 3332; x_wconf 74' lang='lat' dir='ltr'><strong>Aristoteles</strong></span> <span class='ocrx_word' id='word_1_304' title='bbox 622 3272 792 3353; x_wconf 91' lang='lat' dir='ltr'><strong>primarium</strong></span> <span class='ocrx_word' id='word_1_305' title='bbox 812 3271 907 3330; x_wconf 90' lang='lat' dir='ltr'><strong>locum</strong></span> <span class='ocrx_word' id='word_1_306' title='bbox 924 3269 1026 3346; x_wconf 80' lang='lat' dir='ltr'><strong>dedit,</strong></span> <span class='ocrx_word' id='word_1_307' title='bbox 1048 3271 1079 3354; x_wconf 78' lang='lat' dir='ltr'><strong>h)</strong></span> <span class='ocrx_word' id='word_1_308' title='bbox 1106 3274 1240 3357; x_wconf 90' lang='lat' dir='ltr'><strong>idemque</strong></span> <span class='ocrx_word' id='word_1_309' title='bbox 1257 3300 1310 3362; x_wconf 88' lang='lat' dir='ltr'><strong>per</strong></span> 
     </span>
     <span class='ocr_line' id='line_1_32' title="bbox 84 3368 1320 3453; baseline 0.007 -25"><span class='ocrx_word' id='word_1_310' title='bbox 84 3373 193 3434; x_wconf 87' lang='lat' dir='ltr'><strong>eandem</strong></span> <span class='ocrx_word' id='word_1_311' title='bbox 212 3375 297 3434; x_wconf 88' lang='lat' dir='ltr'><strong>illam</strong></span> <span class='ocrx_word' id='word_1_312' title='bbox 314 3372 455 3453; x_wconf 81' lang='lat' dir='ltr'><strong>primam,</strong></span> <span class='ocrx_word' id='word_1_313' title='bbox 475 3391 561 3449; x_wconf 90' lang='lat' dir='ltr'><strong>quam</strong></span> <span class='ocrx_word' id='word_1_314' title='bbox 580 3369 677 3446; x_wconf 82' lang='lat' dir='ltr'><strong>dixit,</strong></span> <span class='ocrx_word' id='word_1_315' title='bbox 705 3368 919 3450; x_wconf 90' lang='lat' dir='ltr'><strong>philosophiam</strong></span> <span class='ocrx_word' id='word_1_316' title='bbox 937 3369 974 3428; x_wconf 88' lang='lat' dir='ltr'><strong>ad</strong></span> <span class='ocrx_word' id='word_1_317' title='bbox 993 3371 1102 3447; x_wconf 90' lang='lat' dir='ltr'><strong>Deum,</strong></span> <span class='ocrx_word' id='word_1_318' title='bbox 1133 3389 1166 3434; x_wconf 88' lang='lat' dir='ltr'><strong>ut</strong></span> <span class='ocrx_word' id='word_1_319' title='bbox 1192 3398 1320 3442; x_wconf 81' lang='lat' dir='ltr'><strong>caussa-,</strong></span> 
     </span>
     <span class='ocr_line' id='line_1_33' title="bbox 85 3462 1308 3554; baseline 0.007 -29"><span class='ocrx_word' id='word_1_320' title='bbox 85 3490 140 3529; x_wconf 91' lang='lat' dir='ltr'><strong>rum</strong></span> <span class='ocrx_word' id='word_1_321' title='bbox 156 3474 339 3554; x_wconf 90' lang='lat' dir='ltr'><strong>principem,</strong></span> <span class='ocrx_word' id='word_1_322' title='bbox 360 3470 497 3546; x_wconf 75' lang='lat' dir='ltr'><strong>accessit3</strong></span> <span class='ocrx_word' id='word_1_323' title='bbox 527 3467 605 3527; x_wconf 93' lang='lat' dir='ltr'><strong>unde</strong></span> <span class='ocrx_word' id='word_1_324' title='bbox 623 3489 760 3548; x_wconf 89' lang='lat' dir='ltr'><strong>quaerere</strong></span> <span class='ocrx_word' id='word_1_325' title='bbox 782 3465 814 3528; x_wconf 77' lang='grc' dir='ltr'><strong>ἐκ</strong></span> <span class='ocrx_word' id='word_1_326' title='bbox 835 3466 897 3528; x_wconf 80' lang='grc' dir='ltr'><strong>τῶν</strong></span> <span class='ocrx_word' id='word_1_327' title='bbox 917 3462 1132 3550; x_wconf 68' lang='grc' dir='ltr'><strong><em>ὑπαρχόντων,</em></strong></span> <span class='ocrx_word' id='word_1_328' title='bbox 1154 3483 1308 3551; x_wconf 66' lang='lat' dir='ltr'><strong>epaenet-</strong></span> 
     </span>
     <span class='ocr_line' id='line_1_34' title="bbox 83 3564 1307 3653; baseline 0.006 -30"><span class='ocrx_word' id='word_1_329' title='bbox 83 3575 247 3642; x_wconf 78' lang='lat' dir='ltr'><strong>ptisrerum</strong></span> <span class='ocrx_word' id='word_1_330' title='bbox 259 3573 378 3628; x_wconf 81' lang='lat' dir='ltr'><strong>ultimis</strong></span> <span class='ocrx_word' id='word_1_331' title='bbox 387 3615 396 3643; x_wconf 89' lang='lat'><em>,</em></span> <span class='ocrx_word' id='word_1_332' title='bbox 422 3566 501 3648; x_wconf 87' lang='lat' dir='ltr'><strong>apud</strong></span> <span class='ocrx_word' id='word_1_333' title='bbox 519 3586 584 3624; x_wconf 90' lang='lat' dir='ltr'><strong>eum</strong></span> <span class='ocrx_word' id='word_1_334' title='bbox 605 3564 768 3628; x_wconf 77' lang='grc' dir='ltr'><strong><em>ἐπισκοπεῖν</em></strong></span> <span class='ocrx_word' id='word_1_335' title='bbox 790 3565 983 3650; x_wconf 72' lang='grc' dir='ltr'><strong><em>θεολογικῶς,</em></strong></span> <span class='ocrx_word' id='word_1_336' title='bbox 993 3569 1048 3630; x_wconf 92' lang='lat' dir='ltr'><strong>hoc</strong></span> <span class='ocrx_word' id='word_1_337' title='bbox 1060 3573 1153 3653; x_wconf 88' lang='lat' dir='ltr'><strong>ipsum</strong></span> <span class='ocrx_word' id='word_1_338' title='bbox 1171 3593 1307 3651; x_wconf 86' lang='lat' dir='ltr'><strong>quaerere</strong></span> 
     </span>
     <span class='ocr_line' id='line_1_35' title="bbox 85 3664 1306 3751; baseline 0.004 -29"><span class='ocrx_word' id='word_1_339' title='bbox 85 3677 110 3722; x_wconf 88' lang='lat' dir='ltr'><strong>et</strong></span> <span class='ocrx_word' id='word_1_340' title='bbox 123 3667 320 3751; x_wconf 84' lang='lat' dir='ltr'><strong>philosophari</strong></span> <span class='ocrx_word' id='word_1_341' title='bbox 331 3669 482 3747; x_wconf 71' lang='grc' dir='ltr'><strong><em>θεολογεῖν</em></strong></span> <span class='ocrx_word' id='word_1_342' title='bbox 502 3664 622 3729; x_wconf 88' lang='lat' dir='ltr'><strong>dicitur.</strong></span> <span class='ocrx_word' id='word_1_343' title='bbox 645 3667 676 3748; x_wconf 86' lang='lat'><strong>5)</strong></span> <span class='ocrx_word' id='word_1_344' title='bbox 697 3671 790 3730; x_wconf 87' lang='lat' dir='ltr'><strong>Enata</strong></span> <span class='ocrx_word' id='word_1_345' title='bbox 808 3671 877 3732; x_wconf 91' lang='lat' dir='ltr'><strong>inde</strong></span> <span class='ocrx_word' id='word_1_346' title='bbox 889 3672 1021 3732; x_wconf 90' lang='lat' dir='ltr'><strong>sublimis</strong></span> <span class='ocrx_word' id='word_1_347' title='bbox 1031 3670 1068 3730; x_wconf 90' lang='lat' dir='ltr'><strong>de</strong></span> <span class='ocrx_word' id='word_1_348' title='bbox 1079 3671 1182 3731; x_wconf 85' lang='lat' dir='ltr'><strong>divina</strong></span> <span class='ocrx_word' id='word_1_349' title='bbox 1203 3683 1306 3728; x_wconf 85' lang='lat' dir='ltr'><strong>natura</strong></span> 
     </span>
     <span class='ocr_line' id='line_1_36' title="bbox 84 3765 1308 3848; baseline 0.002 -25"><span class='ocrx_word' id='word_1_350' title='bbox 84 3777 137 3839; x_wconf 83' lang='lat' dir='ltr'><strong>est,</strong></span> <span class='ocrx_word' id='word_1_351' title='bbox 157 3768 331 3829; x_wconf 70' lang='lat' dir='ltr'><strong>acleanthe</strong></span> <span class='ocrx_word' id='word_1_352' title='bbox 352 3769 475 3848; x_wconf 91' lang='lat' dir='ltr'><strong>aliisque</strong></span> <span class='ocrx_word' id='word_1_353' title='bbox 495 3767 599 3828; x_wconf 88' lang='lat' dir='ltr'><strong>Stoicis</strong></span> <span class='ocrx_word' id='word_1_354' title='bbox 618 3768 764 3828; x_wconf 84' lang='lat' dir='ltr'><strong>celebrata</strong></span> <span class='ocrx_word' id='word_1_355' title='bbox 775 3815 783 3844; x_wconf 87' lang='lat'>,</span> <span class='ocrx_word' id='word_1_356' title='bbox 805 3768 951 3846; x_wconf 83' lang='lat' dir='ltr'><strong>doctrina,</strong></span> <span class='ocrx_word' id='word_1_357' title='bbox 970 3789 1056 3847; x_wconf 90' lang='lat' dir='ltr'><strong>quam</strong></span> <span class='ocrx_word' id='word_1_358' title='bbox 1074 3770 1134 3848; x_wconf 90' lang='lat' dir='ltr'><strong>ipse</strong></span> <span class='ocrx_word' id='word_1_359' title='bbox 1154 3765 1308 3826; x_wconf 88' lang='lat' dir='ltr'><strong>tradidisse</strong></span> 
     </span>
    </p>
   </div>
   <div class='ocr_carea' id='block_1_3' title="bbox 85 3967 333 3986">
    <p class='ocr_par' dir='ltr' id='par_1_4' title="bbox 85 3967 333 3986">
     <span class='ocr_line' id='line_1_37' title="bbox 85 3967 333 3986; baseline 0 -8"><span class='ocrx_word' id='word_1_360' title='bbox 85 3967 333 3986; x_wconf 49' lang='lat' dir='ltr'><strong>m-</strong></span> 
     </span>
    </p>
   </div>
   <div class='ocr_carea' id='block_1_4' title="bbox 113 4087 525 4494">
    <p class='ocr_par' dir='ltr' id='par_1_5' title="bbox 113 4087 313 4152">
     <span class='ocr_line' id='line_1_38' title="bbox 113 4087 313 4152; baseline -0.02 0"><span class='ocrx_word' id='word_1_361' title='bbox 113 4087 136 4152; x_wconf 80' lang='lat' dir='ltr'><strong>¹t</strong></span> <span class='ocrx_word' id='word_1_362' title='bbox 153 4095 231 4148; x_wconf 71' lang='lat' dir='ltr'><strong>Aeto.</strong></span> <span class='ocrx_word' id='word_1_363' title='bbox 250 4097 269 4148; x_wconf 89' lang='lat' dir='ltr'><strong>r.</strong></span> <span class='ocrx_word' id='word_1_364' title='bbox 288 4101 313 4150; x_wconf 79' lang='lat'><strong>4.</strong></span> 
     </span>
    </p>

    <p class='ocr_par' dir='ltr' id='par_1_6' title="bbox 113 4173 313 4238">
     <span class='ocr_line' id='line_1_39' title="bbox 113 4173 313 4238; baseline 0.015 -9"><span class='ocrx_word' id='word_1_365' title='bbox 113 4173 136 4238; x_wconf 80' lang='lat'><strong>2)</strong></span> <span class='ocrx_word' id='word_1_366' title='bbox 154 4180 230 4232; x_wconf 84' lang='lat' dir='ltr'><strong>Bruto</strong></span> <span class='ocrx_word' id='word_1_367' title='bbox 247 4200 270 4235; x_wconf 87' lang='lat' dir='ltr'><strong>c.</strong></span> <span class='ocrx_word' id='word_1_368' title='bbox 287 4181 313 4234; x_wconf 76' lang='lat'><strong>8.</strong></span> 
     </span>
    </p>

    <p class='ocr_par' dir='ltr' id='par_1_7' title="bbox 113 4259 375 4332">
     <span class='ocr_line' id='line_1_40' title="bbox 113 4259 375 4332; baseline 0.034 -20"><span class='ocrx_word' id='word_1_369' title='bbox 113 4259 137 4326; x_wconf 80' lang='grc'><strong>3)</strong></span> <span class='ocrx_word' id='word_1_370' title='bbox 157 4263 224 4318; x_wconf 77' lang='lat' dir='ltr'><strong>Tute.</strong></span> <span class='ocrx_word' id='word_1_371' title='bbox 242 4270 270 4332; x_wconf 84' lang='lat' dir='ltr'><strong>Q.</strong></span> <span class='ocrx_word' id='word_1_372' title='bbox 290 4268 332 4332; x_wconf 83' lang='grc' dir='ltr'>ΙΙΙ,</span> <span class='ocrx_word' id='word_1_373' title='bbox 352 4271 375 4320; x_wconf 75' lang='lat' dir='ltr'><strong>ll.</strong></span> 
     </span>
    </p>

    <p class='ocr_par' dir='ltr' id='par_1_8' title="bbox 113 4345 525 4494">
     <span class='ocr_line' id='line_1_41' title="bbox 113 4345 525 4420; baseline 0.017 -24"><span class='ocrx_word' id='word_1_374' title='bbox 113 4345 137 4408; x_wconf 75' lang='lat' dir='ltr'><strong>t)</strong></span> <span class='ocrx_word' id='word_1_375' title='bbox 154 4349 230 4403; x_wconf 83' lang='lat' dir='ltr'><strong>Arist.</strong></span> <span class='ocrx_word' id='word_1_376' title='bbox 247 4353 355 4420; x_wconf 75' lang='lat' dir='ltr'><strong>Muoph.</strong></span> <span class='ocrx_word' id='word_1_377' title='bbox 375 4353 393 4404; x_wconf 91' lang='grc' dir='ltr'><strong>Ι.</strong></span> <span class='ocrx_word' id='word_1_378' title='bbox 413 4369 437 4420; x_wconf 85' lang='lat' dir='ltr'><strong>p.</strong></span> <span class='ocrx_word' id='word_1_379' title='bbox 458 4353 481 4404; x_wconf 76' lang='lat'><strong>5.</strong></span> <span class='ocrx_word' id='word_1_380' title='bbox 502 4355 525 4403; x_wconf 81' lang='lat' dir='ltr'><strong>t.</strong></span> 
     </span>
     <span class='ocr_line' id='line_1_42' title="bbox 114 4431 345 4494; baseline 0.035 -12"><span class='ocrx_word' id='word_1_381' title='bbox 114 4431 137 4494; x_wconf 78' lang='lat'><strong>5)</strong></span> <span class='ocrx_word' id='word_1_382' title='bbox 155 4433 189 4486; x_wconf 88' lang='lat' dir='ltr'><strong>ld.</strong></span> <span class='ocrx_word' id='word_1_383' title='bbox 208 4441 258 4490; x_wconf 86' lang='lat' dir='ltr'><strong>cod.</strong></span> <span class='ocrx_word' id='word_1_384' title='bbox 278 4438 307 4488; x_wconf 89' lang='lat' dir='ltr'><strong>V.</strong></span> <span class='ocrx_word' id='word_1_385' title='bbox 326 4438 345 4490; x_wconf 92' lang='lat' dir='ltr'><strong>l.</strong></span> 
     </span>
    </p>
   </div>
   <div class='ocr_carea' id='block_1_5' title="bbox 0 0 1458 5114">
    <p class='ocr_par' dir='ltr' id='par_1_9' title="bbox 0 0 1458 5114">
     <span class='ocr_line' id='line_1_43' title="bbox 0 0 1458 5114; baseline 0 2"><span class='ocrx_word' id='word_1_386' title='bbox 0 0 1458 5114; x_wconf 95' lang='lat' dir='ltr'><strong> </strong></span> 
     </span>
    </p>
   </div>
  </div>
 </body>
</html>
