2908 5114
646 287 648 292 ’
676 291 735 352 365

84 471 153 510 nem
172 447 298 511 accedat.
341 449 559 532 Simplicissima
587 451 659 512 haee
678 473 747 512 sane
766 469 918 535 praecepta
938 469 1024 516 sunt:
1057 454 1136 517 idem
1165 461 1243 520 enim
1273 481 1325 520 nos

8 563 13 568 “
82 563 189 630 sponte
208 547 304 608 nostri
324 561 352 606 et
370 549 454 608 nobis
472 563 500 608 et
520 549 587 608 aliis
603 550 815 631 praecipimus:
848 554 1034 615 conveniunt*
1050 569 1144 614 autem
1166 556 1227 616 illis
1244 577 1324 638 pror·

82 667 151 722 sus,
173 667 246 725 quae
263 646 300 705 de
319 646 423 707 divina
443 661 548 708 natura
568 647 714 708 disseruit.
757 649 825 710 Non
846 670 925 726 cam,
956 666 1094 731 tanquam
1121 659 1249 714 caussam
1279 675 1322 714 rc·

81 765 149 803 rum
171 745 319 818 omnium,
341 743 526 821 describens,
547 747 611 826 ipse
630 767 682 827 per
700 746 777 806 hanc
803 768 947 824 caussam,
978 752 1029 828 qui
1057 751 1322 832 metaphysicorum

79 863 144 902 mos
161 855 212 917 est,
233 855 364 922 procreat
380 857 408 902 et
419 842 584 903 moderatur
594 847 700 905 omnia.
718 843 870 904 Materiam
890 848 1027 921 assumit,
1048 869 1121 926 quae
1133 850 1211 909 unde
1231 852 1324 910 exsti-

80 941 152 999 terit
182 963 242 1000 non
255 941 399 1020 ,quaerit3
431 941 482 1001 sed
511 944 604 1002 Deum
632 943 718 1002 nobis
746 963 808 1002 eam
828 945 870 1002 sic
890 945 1063 1004 formantem
1082 945 1119 1004 ad
1137 931 1211 1007 boni
1227 947 1324 1008 ideam

79 1038 242 1118 proponit,
264 1051 297 1095 ut
316 1038 460 1098 nobismet
479 1039 549 1120 ipsis
568 1041 600 1100 in
620 1061 654 1100 eo
673 1053 781 1115 exstet,
803 1038 881 1118 quod
900 1040 1032 1101 adnecte
1052 1043 1196 1122 agendum
1225 1045 1324 1106 imite-

78 1155 166 1212 mur,
188 1136 354 1216 exemplum
374 1138 543 1217 perfectum.
575 1138 661 1212 Quod
683 1151 779 1198 autern
797 1139 1017 1198 sublimitatem
1037 1142 1142 1200 attinet
1159 1141 1324 1202 Platonicae

80 1233 254 1308 doctrinae,
282 1231 324 1294 'ad
350 1234 426 1294 hanc
454 1236 674 1317 percipiendam
699 1235 806 1316 plene,
838 1237 952 1297 effatum
976 1238 1106 1297 Platonis
1133 1239 1170 1299 de
1192 1241 1324 1316 mundo,

79 1333 163 1410 quod
190 1332 261 1392 inde
286 1333 407 1393 ductum
434 1348 496 1408 est,
525 1334 741 1407 consideremus
768 1335 955 1415 praesertim:
987 1358 1047 1396 esse
1077 1338 1157 1395 launo
1177 1341 1324 1398 mundum

78 1431 313 1506 adspectabilem
331 1432 540 1511 intelligibilis
558 1430 620 1489 Dei
637 1439 812 1512 imaginem.
855 1434 928 1492 Nam
947 1433 1063 1514 elegans
1090 1455 1159 1494 sane
1180 1449 1221 1494 est
1251 1437 1324 1496 acle·

78 1527 265 1588 bratissimus
295 1527 347 1587 ille
376 1527 501 1588 Socratis
527 1529 606 1610 apud
632 1529 858 1610 Xenophontem
888 1530 924 1590 de
950 1533 1014 1591 Diis
1033 1553 1144 1609 sermo,
1175 1555 1232 1612 quo
1250 1535 1324 1594 Deos

79 1645 142 1684 esse
162 1638 191 1683 ct
207 1624 424 1707 providentiam
444 1627 597 1702 divinam,
627 1630 739 1704 exiis,
766 1649 839 1706 quae
857 1629 890 1688 in
909 1621 1005 1690 r'erum
1033 1645 1138 1690 natura
1158 1632 1323 1707 cernimus,

79 1743 134 1802 per
153 1723 355 1784 inductionem
375 1724 484 1786 efficit:
510 1724 539 1807 l)
569 1727 647 1787 unde
663 1727 787 1808 profecit
804 1727 971 1787 Aristoteles
986 1729 1136 1808 praeclaro
1147 1729 1220 1804 loco,
1238 1751 1324 1809 quem

76 1820 170 1879 nobis
196 1842 211 1881 e
239 1821 393 1901 deperdito
421 1839 506 1904 opere
542 1825 669 1900 serravit
697 1825 806 1884 Cicero.
855 1825 1023 1884 Praeclare
1037 1897 1039 1901 Ι
1053 1826 1252 1902 Aristoteles,
1295 1837 1324 1886 ai

79 1929 201 1993 essent,
221 1926 343 1996 inquit,
365 1929 419 1999 qui
437 1924 490 1980 sub
510 1932 597 1980 terra
618 1943 733 2000 semper
754 1924 975 1981 habitavissent
993 1926 1076 1982 bonis
1097 1935 1126 1982 et
1146 1927 1323 1984 illustribus

78 2018 264 2091 domiciliis,
286 2039 362 2096 quae
378 2030 476 2078 essent
495 2030 606 2078 ornata
625 2027 723 2100 cignis
741 2017 831 2099 utque
844 2027 1001 2099 picturis,
1032 2029 1246 2100 instructaque
1276 2045 1322 2080 re·

79 2117 195 2172 basiis
213 2117 366 2190 erunibus,
388 2120 495 2195 quibus
514 2120 670 2176 abundant
689 2126 734 2193 ii,
755 2127 808 2196 qui
829 2120 908 2176 beati
935 2129 1110 2198 putantur,
1140 2141 1193 2178 nec
1221 2130 1322 2179 tarueu

78 2220 217 2272 euiscerat
235 2235 370 2291 unquam
389 2237 484 2292 supra
502 2226 639 2290 terrem,
660 2223 844 2293 accepissent
860 2227 962 2274 autem
972 2219 1068 2292 semel
1088 2227 1118 2274 et
1145 2219 1321 2293 auditione,

79 2332 143 2370 etse
164 2313 310 2388 quoddam
331 2334 441 2370 numen
461 2324 491 2370 et
511 2321 572 2371 eim
591 2315 733 2372 deorum:
754 2315 861 2385 deinde
881 2315 982 2391 aliquo
1002 2324 1151 2392 tempore,
1176 2317 1321 2392 patefac-

79 2416 122 2467 tis
143 2418 249 2466 terrae
259 2412 428 2486 faucibus,
449 2433 485 2468 ea
502 2412 568 2469 illis
588 2413 700 2470 abditis
718 2412 836 2469 sedibus
855 2412 979 2470 eradere
997 2420 1031 2468 in
1052 2415 1124 2471 leaeo
1141 2415 1220 2489 loca,
1242 2433 1318 2491 quae

79 2529 133 2565 nos
161 2508 323 2565 incolimus
348 2518 439 2585 atque
465 2516 548 2566 eaire
572 2515 760 2585 potuissent:
790 2531 859 2567 cum
889 2509 1011 2586 reponte
1031 2519 1149 2569 terram
1168 2518 1319 2586 almaria

78 2606 253 2682 coelumque
270 2607 434 2680 vidissent,
466 2609 592 2666 nubium
613 2608 857 2686 maqniludinem
884 2616 1099 2684 ventorumque
1129 2616 1191 2664 eim
1219 2629 1321 2687 cogno·

79 2711 216 2778 cissent,
246 2699 509 2784 adoperiesentq'ue
536 2707 644 2778 solem,
673 2712 796 2782 ejusque
816 2715 883 2762 tum
901 2697 1145 2783 magnitudinem
1167 2707 1321 2781 pulcritu-

80 2804 261 2880 dinemque,
282 2812 349 2862 tum
366 2811 459 2862 etiam
480 2804 677 2883 efficientiam
696 2802 923 2884 cognovissent,
941 2803 1018 2881 quod
1035 2810 1065 2862 is
1083 2805 1162 2862 diem
1179 2804 1320 2882 efficeret,

81 2911 142 2959 toto
160 2902 236 2959 coelo
254 2903 320 2958 luce
338 2893 476 2978 diffusi:
497 2923 566 2960 cum
586 2912 688 2960 autem
709 2911 890 2960 terraenae
909 2911 1081 2979 opacasset,
1113 2911 1179 2958 tum
1207 2904 1321 2961 coelum

81 3011 179 3059 totum
196 3011 356 3058 cernerent
373 3009 470 3060 astris
487 3003 668 3059 distinctum
687 3011 897 3075 stornatum,
919 3000 1067 3077 lunaeque
1087 3001 1240 3058 luminum
1271 3021 1321 3058 oa·

81 3105 225 3156 rietatem
244 3108 309 3156 tum
329 3106 511 3174 crescentis,
540 3108 607 3156 tum
626 3106 825 3174 senescentis,
857 3119 1016 3177 eorumque
1035 3104 1169 3156 omnium
1187 3107 1273 3155 ortus
1292 3108 1323 3156 et

80 3218 204 3256 occasus
220 3207 311 3276 atque
330 3193 668 3258 inomniaeternitete
685 3208 770 3256 ratos
789 3197 1049 3275 immutabilesque
1069 3217 1199 3256 aureus:
1221 3217 1322 3274 quae

82 3317 171 3378 cum
208 3296 428 3370 viderent,
453 3299 837 3373 profecto'elesse
866 3299 1020 3355 ‹leotet
1057 3298 1322 3354 laeetania

81 3411 211 3470 opera
241 3395 407 3454 deorum
436 3417 520 3454 esee
549 3397 902 3455 arbitrarentur.
935 3392 967 3474 2)
1008 3393 1158 3454 Praeclare
1189 3393 1332 3473 profecto·

81 3490 269 3566 Aristotcles,
291 3513 344 3550 nec
364 3511 537 3571 quemquam
557 3491 643 3550 facile
660 3492 731 3552 haec
763 3493 904 3572 legentem
925 3481 1038 3574 fugiet,
1070 3492 1189 3552 ductum
1219 3491 1252 3549 in
1277 3491 1323 3549 his

83 3590 209 3649 colorem
229 3611 289 3650 esse
304 3609 325 3648 'a
346 3592 505 3668 speluncae
524 3591 670 3670 imagine,
691 3611 748 3669 qua
767 3591 908 3650 mundum
927 3589 1154 3671 adspectabilem
1180 3603 1208 3647 ct
1236 3586 1323 3646 intel·

84 3687 229 3768 ligibilem
249 3690 389 3768 expressit
408 3689 498 3749 Plato.
541 3689 617 3748 Solis
636 3689 750 3772 pariter¹
769 3703 798 3747 et
817 3689 985 3769 pulcritudo
1004 3704 1032 3748 et
1051 3708 1119 3748 vero
1138 3686 1322 3764 efficientia,

83 3788 160 3864 quod
187 3794 217 3845 it
246 3787 324 3844 diem
354 3788 486 3867 efficiat,
518 3797 578 3847 toto
596 3789 672 3846 coelo
693 3789 758 3846 luce
776 3787 914 3864 diffusi,
938 3786 1116 3849 celebratur.
1138 3781 1170 3861 3)
1199 3783 1246 3843 Ex
1275 3783 1323 3842 hi's

84 3898 179 3945 autem
198 3883 393 3964 comparando
410 3884 523 3946 efficere
542 3885 708 3973 Platonicae
729 3885 878 3944 doctrinae
899 3884 1104 3944 sublimitatem
1125 3881 1204 3942 licet.
1246 3879 1323 3941 Aris·

85 3983 186 4042 toteles
215 3997 301 4062 atque
326 3997 393 4045 ante
422 4005 486 4044 earn
511 3983 640 4044 Socrates
659 3997 688 4042 et
708 3984 847 4044 Socratici
868 4005 884 4043 e
904 3981 1104 4064 pulcritudine
1123 3979 1228 4042 mendi
1249 3980 1323 4038 Deos

121 4304 150 4369 1)
169 4305 234 4358 lien.
252 4307 354 4359 Memor.
369 4305 388 4356 l.
405 4309 430 4358 4.
529 4358 535 4372 ,
659 4384 662 4389 Ι

120 4387 150 4455 2)
170 4389 225 4443 Cic.
242 4394 272 4443 de
287 4393 344 4444 Nat.
363 4393 437 4444 Dece.
456 4391 488 4442 ll.
505 4389 546 4442 ³7.
563 4391 607 4442 ubi
624 4391 678 4442 vid.
697 4394 784 4446 Daris.

121 4473 150 4539 3)
170 4476 209 4531 cf.
225 4476 300 4530 Plato
317 4479 347 4529 ee
366 4478 427 4546 licp.
446 4473 502 4528 Vll.
518 4475 576 4528 516.
594 4476 624 4530 B.
640 4476 688 4530 ct.
701 4479 778 4532 initia
798 4495 823 4546 p.
836 4475 895 4530 321.
