2838 5120
641 261 701 324 268

68 443 191 502 suumque
217 420 342 502 singulis
359 422 536 482 tribueretur
556 436 585 483 et
602 424 798 504 assignaretur
817 426 1013 507 propositum,
1033 425 1186 490 diducti&
1207 449 1280 511 opus

67 536 127 582 erat.
147 522 240 602 Vulgo
258 520 290 590 id
309 521 434 582 effecisse
451 522 617 583 Aristoteles
635 537 774 603 putatur:
796 545 849 584 nee
868 523 1004 586 dubitare
1024 547 1092 588 sane
1111 527 1198 604 lieet,
1209 531 1281 608 quin

67 635 120 701 post
136 621 279 680 Platonem
299 620 423 680 maxime
443 621 653 702 praecipueque
671 643 723 702 per
743 622 841 698 bunc,
863 635 895 690 ut
911 622 1041 701 dicitur,
1062 625 1279 688 dialecticorum

65 719 212 800 principem
234 715 394 799 perfectum
413 716 490 803 illud
510 719 557 779 sit.
583 716 612 796 l)
650 717 709 778 Sed
725 719 833 801 'hospes
852 721 890 782 sit
908 741 1023 783 neeesse
1043 737 1085 784 est
1105 724 1138 784 in
1167 726 1281 807 seriptis

64 817 197 892 Platonis,
214 800 282 876 ¹nee
311 816 413 897 legerit
432 817 515 878 illam
540 819 574 877 in
600 817 742 897 Sophiste
760 819 877 878 Eleatae
896 819 1017 901 bospitis
1037 821 1282 903 disputationem,

63 918 105 994 qui
122 915 267 977 Platonem
290 936 350 975 non
370 914 469 978 videat
489 915 567 978 idem
585 915 664 978 illud
681 918 743 995 jam
773 930 897 992 tentasse
925 912 979 978 nec
1004 918 1187 981 mediocriter
1213 943 1282 1002 pro—

64 1016 176 1075 vexisse.
225 1015 261 1076 In
295 1013 425 1095 Gorgia,
453 1014 488 1075 in
514 1028 595 1076 sexto
624 1017 658 1074 de
688 1015 854 1092 Republica
888 1016 987 1092 libro,
1008 1017 1047 1076 ln
1072 1018 1137 1080 aliis
1168 1021 1283 1101 scriptis

62 1127 181 1173 accurate
202 1105 248 1172 eas
270 1111 383 1173 studuit
404 1134 422 1172 a
447 1133 476 1174 se
495 1113 623 1186 invicem
651 1112 851 1192 distinguere5
875 1112 910 1195 2)
939 1115 972 1174 in
1000 1115 1142 1194 Sophiste
1170 1132 1282 1194 autent,

63 1224 89 1269 ut
107 1211 249 1287 vidimus,
270 1232 350 1272 suam
378 1211 459 1273 illam
486 1210 628 1274 cernendi
652 1198 856 1292 jungendique
872 1211 1040 1296 methodum
1059 1213 1127 1274 dard
1145 1217 1231 1298 operi
1249 1236 1283 1276 eo

61 1309 194 1370 adhibuit.
247 1311 321 1370 Lo'ca
357 1308 410 1369 illa
432 1310 494 1388 jam
522 1309 716 1390 percurrimus
743 1329 875 1390 magnam
902 1325 1032 1392 partem;
1070 1311 1122 1374 sed
1146 1335 1237 1393 quae,v
1250 1315 1282 1374 in

63 1409 192 1487 Sophiste
216 1409 406 1488 similiterque
430 1408 463 1468 in
480 1406 640 1484 -Politieo,
666 1407 717 1487 qui
740 1406 823 1468 illius
848 1409 1032 1470 continuatio
1060 1423 1119 1486 est,
1148 1413 1282 1474 universa

61 1508 155 1586 urtium
174 1507 429 1587 doctrinarumque
448 1505 617 1567 distributio
634 1506 760 1566 occurrit
768 1549 784 1582 ‚.
798 1507 839 1566 ita
857 1521 886 1568 et
904 1521 1023 1568 naturae
1045 1510 1222 1570 conveniens
1240 1522 1283 1570 eet

61 1620 85 1665 et
101 1606 277 1668 inventionis
296 1606 489 1684 novitatisque
509 1593 655 1666 indicium
680 1605 787 1682 babet,
808 1618 841 1666 ut
859 1605 908 1666 hle
938 1605 1073 1668 rideatur
1089 1607 1190 1688 peullo
1209 1608 1284 1668 dili-

60 1706 163 1783 gentius
190 1704 412 1765 consideranda.
453 1704 489 1764 In
508 1702 567 1764 duo
590 1724 695 1784 genera
722 1703 806 1780 illie,
835 1706 875 1764 uti
901 1703 1045 1781 vidimus,
1074 1715 1158 1766 aeto
1180 1704 1283 1770 distri·-

61 1800 134 1862 buit:
161 1817 229 1864 sunt
250 1803 404 1866 illaesum
429 1798 589 1883 ποιητικαὶ,
615 1816 677 1862 tum
697 1799 845 1884 xrqrotul·
870 1803 932 1866 illis
956 1799 1112 1884 ιαμητικαὶ
1129 1807 1283 1866 eontinen-

61 1911 114 1976 tur,
134 1901 178 1962 bis
192 1923 265 1982 quae
279 1902 317 1963 ad
333 1902 566 1984 cognoscendum
578 1902 738 1983 pertinent.
767 1903 825 1964 sed
843 1918 1026 1982 utrarumque
1042 1905 1074 1964 in
1089 1902 1282 1968 discernendo

60 2013 182 2060 naturam
206 2001 296 2062 simul
323 2016 352 2062 et
378 2004 558 2086 propositum
577 1996 692 2061 definit.
733 2004 833 2065 Ducto.
846 2001 883 2062 ab
903 2001 1078 2082 agriculture
1100 2003 1205 2076 initio,
1225 2023 1282 2080 qua

60 2119 97 2157 res
113 2099 290 2160 efflorescunt
316 2122 389 2179 quae
416 2114 502 2162 antea
529 2122 590 2162 non
614 2099 752 2177 fuerunt,
779 2103 843 2175 ταῖς
863 2102 1024 2183 ποιητααῖς
1050 2101 1184 2162 universe
1208 2098 1283 2158 dicit

59 2217 96 2256 res
113 2199 210 2276 find,
231 2199 310 2278 effici
339 2213 371 2259 nt
388 2221 434 2260 res
450 2206 532 2275 rint,
553 2196 591 2259 ad
609 2189 712 2258 adeius
728 2198 874 2262 ducantur
893 2224 966 2285 quae
986 2199 1117 2264 nondum
1150 2197 1281 2258 fuerunt.

62 2295 278 2390 “Quodcunque
297 2297 381 2385 quis,
411 2299 471 2372 ait,
501 2317 567 2357 cum
586 2312 672 2358 antea
694 2321 754 2360 non
774 2302 897 2378 fuisset,¹
925 2315 1022 2382 postea
1042 2320 1075 2360 eo
1095 2296 1222 2360 adduxit
1249 2310 1280 2354 ut
1381 2337 1383 2352 .

59 2409 139 2470 esset,
159 2396 183 2455 is
193 2441 202 2470 ,
222 2397 273 2476 qui
292 2395 377 2458 ideo
398 2396 543 2471 adduxit,
556 2399 696 2473 seriem
711 2398 745 2459 id
761 2414 874 2476 autem,
895 2398 973 2480 quud
992 2421 1025 2460 eo
1046 2395 1204 2470 adductum
1223 2408 1279 2469 est,
1341 2427 1346 2438 ι

54 2494 167 2566 suetum
186 2493 313 2574 dicitur„
345 2495 537 2570 Quamobrem
555 2489 709 2578 ποιητικήν
730 2496 783 2558 illa
802 2500 918 2575 omnia,
941 2497 1136 2590 unolnomine
1154 2513 1279 2576 compre·

60 2590 226 2669 bendentes,
247 2594 456 2676 appellemus.»
481 2593 513 2676 3)
533 2596 602 2656 Esse
621 2621 690 2660 sane
709 2579 868 2680 simplicior
888 2599 1013 2677 itemque
1038 2592 1197 2656 accuratior
1217 2611 1277 2650 non

62 2704 139 2768 potest
158 2694 263 2755 artium
281 2693 399 2754 illarum
423 2692 590 2777 desoriptio.
630 2698 759 2762 Alterius
778 2687 891 2777 generis
910 2709 1004 2770 artes,
1025 2715 1098 2774 quae
1115 2690 1153 2750 ad
1172 2709 1278 2768 eogno—

65 2789 186 2850 scendum
206 2792 392 2868 referuntur,
413 2804 446 2850 ut
463 2787 600 2874 κτητικιὶς
625 2810 760 2870 vocaret,
781 2795 837 2854 bae·
861 2793 993 2868 ratione,
1020 2793 1142 2858 utitem
1163 2787 1280 2848 monui-

63 2905 130 2965 mus,
148 2889 293 2960 adductus
312 2901 363 2970 est·
415 2893 618 2976 Quodcunque
637 2893 674 2954 ad
698 2892 872 2962 discendum
891 2903 919 2952 et
938 2889 1189 2972 cognoscendum,
1210 2886 1278 2944 item

61 2985 269 3068 adquaestum,
291 2989 330 3052 ad
349 2993 522 3070 certamina,
542 2993 580 3054 ad
600 2993 784 3056 venationem
802 2991 1057 3068 reserum·,-quum
1075 2983 1179 3047 borum
1201 2983 1278 3062 nibil

54 3087 146 3158 faciut
163 3090 343 3170 quidquam,
364 3088 415 3150 sed
441 3111 496 3166 ea,
517 3113 591 3172 quae
619 3092 726 3154 adsunt
744 3103 774 3150 et
793 3090 869 3148 lacta
895 3101 962 3148 suut
973 3132 983 3162 ‚
1009 3086 1115 3168 partim
1135 3083 1278 3144 sermoni-

60 3181 105 3244 bus
122 3189 261 3268 factisque
279 3188 337 3248 sibi
356 3190 489 3250 vindieat
499 3235 508 3264 ,
528 3191 633 3272 partius
652 3187 874 3268 vindicantibus
892 3207 952 3247 non
973 3183 1131 3276 concedat,
1161 3193 1278 3262 propter

58 3280 102 3342 bas
117 3307 215 3346 omnes
233 3287 324 3367 ipsius
342 3300 436 3369 partes
457 3310 512 3348 ure
526 3290 705 3368 anquirendi
722 3287 801 3348 dieta
810 3332 819 3362 ,
841 3307 888 3346 eas
903 3305 1002 3345 omnes
1019 3281 1223 3364 complectitur
1235 3299 1277 3338 -ac

58 3380 161 3446 delinit.
177 3383 209 3466 lt)
239 3385 353 3460 Quibus
372 3385 474 3447 barum
492 3387 562 3446 item
580 3389 685 3447 artium
706 3388 796 3447 viset
813 3399 915 3446 natura
934 3383 1115 3466 exprimitur.
1152 3379 1224 3439 Nam
1244 3391 1276 3436 ut

58 3480 262 3544 ambitiosorum
289 3483 440 3544 bominum
467 3506 500 3544 ac
529 3484 768 3560 foeneratorum,
794 3484 918 3544 maxime
950 3495 1120 3542 venatorum
1147 3476 1276 3538 studium

57 3599 143 3640 return
161 3582 379 3662 acquisitionem
397 3597 525 3664 spectat,
545 3585 586 3643 ita
602 3581 793 3664 cognoscendi
815 3580 951 3642 studiosis
976 3578 1031 3640 boc
1055 3579 1088 3637 in
1113 3576 1214 3658 primis
1232 3586 1275 3634 est

58 3680 213 3759 proprium,
235 3694 265 3739 ut
284 3695 493 3760 persequantm·
511 3703 580 3744 vera
600 3695 629 3742 et
656 3682 803 3761 acquirere
831 3681 973 3752 nitantur.
1016 3675 1167 3737 Cernimus
1186 3670 1276 3748 inde,

57 3776 122 3854 quid
140 3792 206 3838 ante
226 3778 408 3838 Aristotelem
423 3779 504 3840 Plato
520 3782 582 3859 jam
600 3780 654 3840 bac
673 3781 707 3840 in
724 3800 822 3840 caussa
835 3776 1000 3839 tentaverit.
1021 3773 1080 3834 Sed
1096 3768 1273 3853 apponenda

58 3870 98 3932 bis
116 3877 323 3937 doctrinarum
341 3876 510 3940 distributio
530 3892 591 3954 est,
614 3899 686 3959 quae
710 3879 745 3938 in
766 3880 828 3956 ejus
847 3877 977 3936 Politice
996 3885 1111 3934 exstat·
1137 3866 1198 3930 Hae
1217 3889 1273 3950 pa·-

59 3969 119 4032 riter
137 3973 199 4036 illic
216 3976 251 4036 in
278 3973 337 4046 duo
362 3996 469 4057 genera
496 3974 733 4053 distribuuntur,
753 3995 876 4056 quorum
894 3974 1016 4034 alterurn
1033 3983 1076 4032 est
1094 3961 1271 4052 reuerteris,

60 4124 287 4141 w

88 4211 110 4278 ι)
126 4217 183 4271 ιιι.
201 4235 226 4272 v.
245 4236 268 4270 tt.
286 4205 392 4285 reiro.
412 4219 492 4274 urse.
510 4219 530 4271 r.
549 4219 573 4270 1.
591 4217 633 4272 vr.
651 4222 676 4273 r.
693 4221 763 4273 rso.
783 4219 801 4272 ι.
820 4220 851 4283 r,
872 4215 911 4270 ιι.
930 4217 960 4281 r,
980 4215 1015 4269 r.-

88 4299 111 4364 2)
128 4305 182 4357 vid.
200 4306 277 4376 Diog.
296 4307 379 4358 baert.
390 4308 449 4358 'rita
466 4307 531 4359 Plut.
551 4305 592 4358 lll.
610 4305 661 4370 83,
680 4305 721 4358 84.

88 4386 112 4438 st
128 4391 197 4460 squ.
215 4391 274 4444 urs.
293 4392 323 4444 ι.
342 4391 372 4442 u.

89 4471 112 4536 rt
128 4477 187 4530 sor.
204 4477 261 4530 rto.
282 4477 310 4530 c.
331 4477 377 4530 cr,
396 4479 473 4530 reri
489 4495 515 4545 p.
534 4476 593 4528 ess.
