2924 5132
456 887 963 982 auruncus

134 1254 265 1318 Perduxi
281 1252 320 1315 ad
338 1251 427 1314 finem
447 1253 608 1332 negotium,
626 1251 674 1310 eui
691 1250 856 1332 peragendo
871 1263 959 1312 totam
977 1251 1066 1312 ferme
1086 1252 1177 1314 vitam
1187 1247 1329 1334 impendi.

77 1343 153 1418 'Nee
177 1368 275 1416 tamen
301 1355 326 1412 is
354 1373 407 1433 ego
434 1372 515 1428 sum,
536 1352 587 1431 qui
616 1351 658 1410 sic
668 1395 678 1426 ‚
698 1371 743 1410 me
761 1361 897 1427 auctore,
918 1371 978 1410 rem
994 1349 1082 1430 plane
1102 1351 1262 1412 conlectam
1282 1371 1332 1411 ar-

92 1455 195 1516 bitrer.
237 1451 397 1512 Habebunt
423 1451 550 1532 posteri,
577 1471 650 1531 quae
676 1449 724 1511 vel
746 1449 892 1530 corrigant
916 1449 960 1508 in.
976 1448 1072 1524 hisce,
1092 1449 1141 1511 vel
1160 1449 1332 1531 suppleant,

92 1551 245 1635 permulta.
287 1549 345 1610 Sed
368 1571 425 1630 qno
445 1549 478 1610 id
497 1551 604 1612 rectius
631 1565 718 1631 agant
738 1571 770 1610 ac
790 1549 918 1612 Platonis
939 1547 1096 1628 aliquando
1116 1549 1332 1630 philosophiam

92 1673 210 1734 prorsus
236 1651 268 1710 in
301 1648 366 1708 luce
396 1662 525 1729 ponant,
557 1649 657 1708 critica
687 1647 856 1708 adhihenda
882 1649 1058 1727 philosopho
1087 1646 1226 1726 quaedam
1256 1649 1332 1721 erit,

93 1765 126 1810 ut
154 1750 191 1810 ab
217 1748 377 1822 erroribus,
402 1747 509 1827 quibus
534 1747 609 1828 lapsi
634 1747 815 1829 superiorum
835 1759 961 1806 aetatum
981 1747 1153 1827 interpretes
1179 1760 1264 1821 sunt,
1286 1767 1329 1805 ca·

93 1863 191 1912 veant.
232 1847 392 1928 Equidem,
414 1848 437 1908 si
457 1847 595 1928 prolicere
613 1848 678 1927 quis
699 1848 771 1907 forte
790 1868 805 1905 e
826 1867 888 1906 meo
905 1844 1038 1925 exemplo
1058 1844 1144 1920 velit,
1166 1843 1329 1905 carendum

93 1949 274 2030 potissimum
309 1946 346 2007 ab
382 1947 428 2007 his
447 1947 583 2007 censui:
615 1948 757 2028 primum,
788 1966 825 2004 ne
855 1947 1027 2006 doctrinam
1056 1957 1211 2024 spectarem
1236 1945 1329 2004 Plato-

93 2048 157 2122 nis,
172 2050 319 2124 ·formam
345 2045 537 2127 negligerem:
567 2044 710 2106 traderem
746 2043 877 2124 dogmata
905 2040 1091 2124 philosophi,
1122 2043 1203 2122 quasi
1233 2057 1327 2104 essent

93 2143 163 2204 haec
190 2145 305 2226 singula
332 2144 500 2225 singulatim
528 2143 564 2204 ab
591 2155 706 2202 anctore
737 2140 814 2202 libro
837 2141 963 2222 quodam
982 2140 1179 2222 metaphysico
1198 2140 1330 2216 condita,

93 2265 153 2304 non
181 2242 360 2302 attenderem
389 2243 521 2322 dialogi,
551 2243 609 2300 imo
639 2239 813 2301 Socraticam
836 2241 998 2316 rationem,
1017 2259 1074 2319 qua
1098 2259 1165 2314 usus
1187 2239 1260 2316 ille,
1280 2241 1331 2300 in-

94 2340 266 2420 terrogando
276 2384 286 2416 ,
312 2341 509 2420 inquirendo,
539 2337 768 2420 distinguendo,
789 2338 1045 2400 admirabilemin
1064 2338 1181 2400 modum
1205 2337 1332 2398 illustra-

93 2441 138 2500 vit
156 2440 268 2498 omnia:
289 2459 377 2518 quam
395 2441 446 2518 qui
466 2438 658 2518 neglexerunt
668 2483 678 2514 ‚
699 2437 849 2498 Platonem
875 2438 961 2498 nohis
978 2438 1058 2512 lere,
1079 2459 1157 2512 non,
1180 2450 1213 2497 ut
1230 2437 1330 2498 lumen

92 2537 292 2620 philosophiae
338 2536 389 2598 sed
417 2550 554 2618 tanquam
582 2537 620 2598 de
646 2536 746 2598 schola
771 2536 977 2618 philosophum
1007 2536 1150 2616 aliquem,
1171 2555 1329 2616 proposue-

92 2649 170 2696 runt.
212 2635 345 2710 Deinde,
368 2656 405 2696 ne
425 2635 587 2696 dividerem
606 2636 639 2694 in
656 2649 753 2715 partes
772 2648 800 2694 et
817 2633 910 2697 veluti
926 2632 1097 2694 dissecarem
1116 2631 1329 2714 philosophiam

93 2733 243 2808 Platonis,
260 2754 293 2792 ae
322 2734 347 2794 si
374 2735 573 2794 contineretur
594 2733 664 2792 haec
680 2723 811 2812 physica
821 2777 830 2808 ,
851 2734 1031 2812 dialectis-d,
1052 2733 1170 2790 ethica.-
1191 2731 1269 2810 quod
1292 2733 1332 2792 fe

93 2846 196 2892 cerunt
215 2853 231 2889 a
253 2830 415 2892 Xenocrate
435 2831 506 2892 inde
526 2831 565 2891 ad
584 2830 660 2891 hanc
675 2843 802 2891 nostram
822 2844 943 2890 aetatem
961 2830 1141 2911 interpretes.
1181 2831 1321 2911 Repugna

95 2930 126 2988 id
153 2929 209 3010 ipsi
238 2929 403 2989 Platonicae
431 2928 633 3010 philosophiae
662 2927 759 2988 indoli
786 2949 818 2988 ac
848 2939 988 3004 naturae,
1023 2932 1096 3008 quae
1111 2930 1332 3010 *nonpartium

95 3040 234 3108 systema,
256 3027 307 3086 sed
326 3047 424 3108 reapse
444 3028 609 3103 institutio,
631 3028 689 3086 imo
710 3047 780 3088 vero
793 3033 932 3087 initiatio
953 3026 1094 3106 quaedam
1115 3041 1157 3086 est
1175 3027 1213 3088 ad
1229 3049 1333 3109 puram

92 3126 350 3205 intaminatamque
376 3126 595 3206 percipiendam
616 3126 783 3187 'veritatem
825 3126 1037 3206 ltaqueagitur
1056 3124 1173 3204 quidem
1192 3127 1223 3186 in
1243 3148 1277 3188 ea
1296 3127 1334 3188 de

92 3223 264 3298 dialectica,
285 3224 381 3304 agitur
409 3224 445 3284 de
472 3224 582 3300 ethica,
604 3225 729 3303 itemque
752 3224 789 3284 de
809 3225 949 3305 physica3
973 3223 1025 3282 sed
1042 3215 1123 3292 ¹sitiit¹
1133 3222 1212 3305 apud
1235 3224 1334 3286 Plato-

93 3343 160 3382 nem
183 3336 271 3392 artes,
285 3343 318 3382 ac
348 3321 542 3404 disciplinae,
570 3321 737 3404 praesertim
762 3324 888 3399 musica,
910 3321 1086 3399 dialectica,
1108 3323 1220 3398 ethica,
1239 3305 1333 3386 veluti

89 3422 209 3502 gradus
232 3419 369 3500 quidam,
389 3420 496 3500 quihus
516 3419 554 3480 ad
575 3420 730 3479 sublimem
750 3418 869 3482 deDeo
888 3421 978 3482 aede
999 3422 1137 3484 universo
1152 3422 1318 3488 doctrinam
1325 3469 1334 3498 ,

91 3539 178 3600 quam
192 3521 355 3598 physicam
383 3532 525 3580 vocarunt
544 3531 643 3599 postea
670 3516 805 3596 antiqui,
826 3518 1001 3579 ascenditur.
1044 3521 1109 3580 Non
1126 3533 1241 3583 constat
1257 3521 1334 3580 enim

92 3615 172 3698 apud
201 3616 350 3678 Platonem
376 3617 561 3698 philosophia
586 3617 753 3693 doctrinis,
782 3614 834 3676 sed
859 3616 971 3676 artibus
996 3617 1192 3696 doctrinisque
1225 3620 1337 3694 utitur,

93 3730 127 3774 ut
159 3715 306 3776 hominem
332 3715 371 3778 ad
405 3717 586 3798 sapientiam·
607 3739 640 3777 ac
669 3717 724 3777 Dei
753 3715 977 3777 similitudinem
1007 3718 1111 3790 evehat
1138 3731 1167 3778 et
1193 3717 1334 3799 perficiat.

92 3816 276 3895 Quapropter
294 3812 398 3874 abillo
418 3814 523 3876 divino
543 3817 682 3892 nomine,
703 3807 725 3896 ἤ
744 3811 817 3876 θεία
838 3812 1003 3896 φιλοσοφία
1019 3817 1165 3898 appellata
1185 3831 1238 3880 eat.
1267 3819 1335 3878 Om-

91 3913 177 3972 nium
197 3931 266 3974 vero
285 3913 410 3974 maxime
426 3913 591 3976 cavendum
611 3935 669 3976 esse
685 3916 778 3994 duxi,
800 3937 837 3980 ne
859 3918 961 3979 aetatis
974 3937 1052 3977 meae
1073 3916 1227 3997 opiniones
1240 3916 1336 3999 philo·

92 4009 294 4093 sophandique
312 4033 441 4072 normam
460 4013 494 4071 in
512 4014 664 4092 antiquum
683 4013 763 4077 illud
781 4016 910 4077 Platonis
925 4016 1030 4078 aevum
1046 4013 1236 4076 traducerem.
1257 4015 1335 4078 Hinc

93 4109 173 4170 enim
201 4123 342 4190 quantum
372 4111 400 4170 e't
427 4112 521 4171 omnis
545 4111 731 4190 antiquitatis
755 4128 783 4173 et
804 4115 972 4195 praesertim
990 4113 1121 4174 Platonis
1137 4113 1336 4194 interpretatio

93 4208 262 4268 detrimenti
281 4210 408 4290 ceperit,
429 4208 491 4269 dici
511 4232 571 4270 non
594 4225 698 4292 potest.
751 4213 825 4271 Nam
851 4214 996 4294 primum,
1017 4211 1122 4272 alienis
1140 4210 1338 4272 immiscenda
1382 4224 1388 4242 ¹

93 4321 229 4388 corrupta
264 4306 351 4388 plane
387 4320 428 4366 est
463 4322 491 4367 et
520 4309 673 4370 obscurata
704 4308 871 4394 philosophi
901 4311 1053 4386 doctrina,
1084 4322 1145 4368 tum
1170 4309 1286 4384 etiam,
1305 4323 1338 4369 ut

94 4404 212 4464 obtrusa
241 4405 355 4465 Platoni
384 4421 472 4482 sunt,
494 4426 572 4488 quae¹
597 4429 657 4466 non
688 4423 835 4470 exstarent
859 4410 891 4469 in
915 4411 1007 4491 ipsius
1027 4408 1162 4490 scriptis,
1183 4407 1244 4482 ita,
1265 4428 1338 4486 quae

94 4516 242 4562 exstarent
260 4505 441 4584 maximeque
460 4504 632 4568 viderentur·
649 4523 805 4568 memoratu
826 4507 935 4588 digna,
957 4508 1087 4588 neglecta
1108 4520 1185 4567 sunt.
1217 4505 1337 4582 Veluti,
