2924 5132
646 269 705 333 out

64 431 208 518 μέγιστον
233 431 291 511 δὲ,
316 431 335 501 ὃ
357 432 410 498 air
428 427 516 502 citu
532 427 596 522 cippi
619 431 671 517 uti,
690 431 746 518 sd„
768 434 836 520 rupi
859 430 927 512 sotir
947 431 1040 512 θεοὺς
1060 423 1169 522 dpluir
1190 437 1311 519 descura

65 535 176 615 θένταν
204 536 264 622 ζῆν
288 537 385 612 καλῶς
405 529 425 620 ἢ
446 529 508 620 μή·
526 546 654 618 jaceatis
672 547 914 614 stromoncort,
930 539 981 614 fili
991 561 997 596 :
1014 562 1067 600 rrae
1094 542 1196 602 dubito
1206 585 1217 616 ‚
1234 548 1310 620 quin

62 649 241 722 progressio
262 648 414 720 ‘temporie
439 641 571 721 efficiat,
605 648 642 695 ut
668 638 703 698 ds
727 640 834 702 mulcta
849 639 973 714 ‘aslc'tar³
1001 659 1092 719 quem
1117 660 1217 714 nunc,
1246 661 1310 700 ran·

65 749 145 804 tiae:
167 727 317 819 'exspecta
345 745 465 820 igitur,
494 757 600 817 quasso
612 781 621 811 ,
658 739 695 794 iet
724 747 798 799 tane
826 738 862 796 dr
891 739 979 798 rebus
1006 743 1149 812 messinis
1165 739 1311 814 judicas:

65 846 240 900 ausimum
264 847 366 901 cutem
392 847 456 910 aar,
487 836 563 915 quod
590 844 625 894 tu
654 857 735 894 nune
770 837 852 897 niteat
880 855 940 897 erac
969 839 1156 913 erttcrarta,
1175 847 1212 898 ut
1229 845 1311 906 racto

66 939 99 996 da
126 935 208 1000 Dese
238 944 416 1012 mutientes,
444 937 514 996 benc
552 941 696 994 citamus.
753 935 881 996 Primum
915 933 952 996 de
986 934 1048 998 illis
1074 934 1129 998 eibi
1159 935 1311 1016 permagni

66 1034 137 1113 quid
165 1033 329 1110 indicans,
346 1031 431 1097 haud
459 1032 554 1094 fallax
578 1033 724 1114 reperiar:
746 1045 788 1092 cst
814 1045 910 1092 autem
935 1031 1035 1095 hocce..
1074 1033 1139 1096 Nun
1159 1033 1290 1094 tuusulus
1300 1091 1310 1124 ‚

67 1153 118 1195 uec
146 1135 240 1196 amici
270 1133 313 1196 tui
341 1133 482 1214 primum,
512 1131 588 1194 hanc
616 1130 654 1194 de
683 1130 747 1194 Diis
774 1130 940 1210 opinionem
976 1129 1109 1212 habetis3
1140 1129 1192 1192 sed
1217 1130 1310 1210 aliqui

66 1251 197 1313 semper,
220 1251 289 1319 cum
308 1232 427 1313 plures,
444 1245 506 1292 tum
525 1230 690 1312 pauciores,
721 1228 776 1290 ltoc
794 1228 895 1292 morbo
914 1227 1096 1291 laborarunt.
1135 1229 1222 1305 Quod
1240 1247 1312 1292 veru
1392 1215 1398 1228 ’

67 1330 329 1410 plurimisceuum
355 1331 494 1411 contigit,
524 1328 581 1392 tihi
600 1327 734 1392 narrabo.
776 1327 887 1390 Nullus
906 1326 1020 1388 scilicet
1049 1321 1150 1400 corum
1178 1327 1217 1388 ab
1236 1326 1312 1390 ado-

68 1427 208 1492 lescentia
240 1447 329 1508 usquc
351 1428 392 1492 ad
413 1439 589 1492 senectutem
614 1428 647 1490 iu
674 1425 729 1488 hae
757 1425 914 1506 opinione,
942 1425 1017 1488 Deos
1037 1445 1097 1486 non
1116 1444 1193 1499 esse,
1214 1444 1307 1505 persc-

68 1526 200 1600 vcrauit3
219 1525 333 1610 'reliqui
360 1541 455 1589 autem
478 1525 537 1587 duc
555 1523 648 1586 morbi
670 1525 802 1604 quamvis
820 1544 881 1584 uon
899 1522 1018 1600 multis,
1039 1521 1193 1586 nonnullis
1210 1535 1309 1586 tamen

67 1639 314 1704 permanserunt,
334 1645 393 1688 csse
421 1624 542 1704 quidem
566 1625 655 1698 Dens,
675 1621 727 1684 sed
747 1621 783 1686 de
804 1621 891 1682 rebus
916 1621 1059 1692 humanis,
1080 1621 1172 1696 nihil
1186 1639 1304 1694 curare:

69 1722 114 1780 vel
139 1743 248 1781 curare
279 1743 326 1782 eos
351 1722 486 1802 quidem,
508 1721 559 1783 scd
585 1721 671 1784 facile
698 1719 835 1802 precibus
863 1717 1068 1800 sacrificiisque
1098 1720 1219 1802 placari.
1260 1721 1308 1780 Tu

69 1820 174 1900 igitur,
197 1821 223 1880 si
252 1819 325 1883 mihi
355 1819 469 1896 credis,
490 1817 689 1900 exspectabis,
710 1819 802 1883 donec
829 1819 917 1900 plene
944 1832 1056 1883 conset
1075 1817 1132 1880 tibi
1159 1839 1212 1900 pro
1231 1819 1308 1879 viri-

69 1916 136 1994 bus,
158 1917 237 1998 quid
264 1917 302 1982 de
327 1919 374 1981 his
396 1916 593 1998 judicandum
618 1918 674 1981 sit:
696 1931 784 1998 utque
809 1916 843 1976 id
870 1938 1041 1998 assequare,
1060 1915 1220 1997 diligenter
1234 1936 1308 1976 con-
1358 1995 1359 2000 η

69 2015 227 2090 siderabis,
260 2017 321 2092 sic,
346 2039 384 2078 an
413 2038 508 2094 secus,
539 2038 568 2080 se
596 2037 641 2078 res
670 2015 784 2078 habeat.
823 2015 890 2080 Noli
917 2017 1040 2080 interea
1050 2029 1111 2116 tam
1138 2015 1308 2078 temerarius

72 2134 148 2190 esse,
170 2130 204 2176 ut
228 2116 318 2197 impie
337 2115 383 2178 de
394 2117 458 2179 Diis
477 2115 593 2176 sentias
605 2139 620 2172 r
646 2109 675 2192 l)

105 2215 267 2277 Praemisso
285 2214 339 2276 hoc
359 2215 469 2276 monito
493 2211 662 2295 gravissimo
672 2259 682 2290 ,
701 2213 781 2294 quod
808 2213 964 2276 senectutis
991 2233 1057 2274 cumr
1077 2213 1309 2292 experientiam,

71 2323 127 2372 tun
149 2313 328 2395 sapientiam
353 2313 459 2388 refert,
491 2310 731 2376 cavillationibus
759 2311 898 2394 deinceps
925 2311 1118 2394 sophistarum
1145 2332 1180 2370 ac
1205 2312 1308 2394 philo

71 2409 222 2490 sophorum
253 2411 295 2472 sic
326 2409 501 2490 respondet,
523 2423 556 2471 ut
574 2430 613 2472 ex
638 2411 731 2474 animi
749 2423 853 2472 natura
873 2409 1003 2488 efficiat,
1020 2409 1159 2491 potiorem
1178 2412 1309 2472 animum

48 2541 52 2548 ·
72 2525 100 2568 ac
118 2511 249 2590 priorem
272 2529 390 2590 corpore
417 2529 495 2570 esse:
516 2529 573 2590 quo
592 2508 792 2582 edmundum
812 2508 897 2572 hunc
913 2506 1140 2590 adspectabilem
1156 2509 1307 2586 traducto,

72 2605 116 2682 qui
140 2607 230 2671 rebus
252 2605 395 2687 corporeis
421 2619 552 2680 constat,
581 2608 690 2688 pariter
706 2606 777 2668 iude
798 2607 969 2682 concludit,
989 2619 1164 2684 anteaquam
1179 2606 1308 2668 mundus

73 2706 245 2780 exstitisset,
275 2705 372 2766 animi
396 2704 508 2766 affuisse
536 2703 635 2768 diuini
663 2703 816 2783 cujusdam
841 2705 920 2780 uim,
940 2725 997 2784 qua
1025 2695 1114 2784 φύσις
1142 2707 1198 2780 sit,
1219 2725 1309 2784 quam

73 2797 252 2880 loquuntur,
271 2816 342 2866 orta
363 2800 420 2862 11d
445 2815 539 2866 autem
560 2816 711 2884 postquam
730 2803 793 2862 fusa
812 2803 1056 2865 demonstratione
1076 2805 1217 2880 confecit,
1234 2803 1309 2866 haec

76 2897 158 2961 addit.
205 2923 220 2956 u
236 2901 273 2962 Ei
294 2921 380 2998 crgo,
401 2901 452 2982 qui
479 2903 554 2962 Deos
572 2921 631 2960 esse
651 2915 756 2982 negat,
776 2902 881 2982 positis
903 2902 1052 2978 terminis,
1071 2924 1230 2964 sermonem
1244 2905 1307 2982 jan

78 2995 287 3080 relinquamus3
311 3012 379 3061 sunt
406 3013 501 3058 autem
531 2999 577 3060 illi
604 2999 654 3062 hu
643 2999 795 3078 jusmodi,
814 3015 848 3064 ut
864 2999 913 3062 vel
935 2999 1054 3076 doceat,
1075 3022 1129 3092 nos
1154 3022 1213 3062 nou
1230 3015 1307 3062 recta

78 3096 201 3176 opinari,
234 3097 285 3157 ubi
308 3098 438 3156 animum
460 3097 584 3160 dicimus
607 3119 677 3178 prae
701 3099 821 3159 caeteris
851 3097 986 3160 omnihus
1003 3087 1129 3180 primum
1146 3099 1328 3176 summisse,¹

74 3212 194 3277 quaeque
224 3219 242 3258 a
273 3193 358 3256 nobis
387 3211 596 3276 cousequenter
623 3196 702 3258 dicta
720 3211 807 3280 suntp
827 3219 895 3257 vera
915 3219 976 3260 uon
996 3219 1075 3274 esse,
1096 3198 1165 3276 vel,
1184 3200 1208 3258 si
1228 3195 1306 3258 nihil

75 3291 188 3371 melius,
209 3316 298 3376 quam
325 3315 396 3371 nos,
417 3295 514 3354 dicere
542 3309 651 3379 potest,
673 3296 758 3358 uobis
787 3295 905 3374 nedae,
925 3309 1009 3378 atque
1035 3299 1076 3360 ita
1093 3299 1134 3386 ¹itu
1160 3311 1307 3382 posterum

75 3389 162 3479 vivat,
185 3409 217 3454 ut
237 3392 274 3452 de
288 3394 352 3454 Diis
369 3414 429 3453 non
450 3393 612 3476 ambigat.»
634 3391 666 3474 2)

110 3489 146 3550 Et
172 3492 244 3553 hinc
270 3491 390 3572 quidem
414 3490 520 3551 ducere
545 3492 684 3552 continuo
704 3493 785 3554 Plato
803 3493 918 3575 potuit,
938 3493 1017 3576 quod
1036 3494 1103 3556 aliis
1121 3514 1224 3574 negare
1243 3493 1306 3576 pla·

76 3585 169 3665 cebat,
192 3614 256 3652 esse
270 3591 486 3676 providentiam
504 3592 649 3666 Deorum,
670 3612 774 3673 eosque
793 3613 849 3652 res.
856 3592 989 3654 minimas
1008 3614 1068 3652 non
1086 3593 1307 3672 minus,qua1n

77 3688 229 3766 maximas,
260 3711 370 3750 curare.
413 3688 470 3749 Sed
494 3689 569 3750 his'
560 3703 630 3749 rtem
649 3687 819 3750 hominibus
839 3690 986 3750 meliorem
1001 3692 1172 3750 sententiam
1190 3690 1304 3774 persua·

78 3775 140 3844 dcte
150 3810 267 3868 ,quam
288 3802 445 3848 monstrare
461 3801 489 3846 et
506 3787 647 3868 probarqe
669 3787 804 3849 malebat
846 3787 1000 3870 sicigitur
1015 3809 1100 3870 porro
1119 3789 1307 3850 Atheniensis

79 3876 134 3942 ΙΙΙ-θ
179 3883 387 3949 «Adversus
379 3900 447 3946 ustos
476 3883 603 3955 finem
591 3907 654 3965 Jam
680 3883 784 3948 habeat
811 3886 970 3970 disputatio
997 3901 1110 3946 nostr:a
1140 3887 1191 3966 qui
1210 3900 1306 3948 autem

79 3992 131 4036 csse
159 3985 276 4064 quidem
304 3985 379 4046 Deos
407 3983 571 4065 existimat,
601 3981 653 4044 sed
681 4007 741 4045 non
772 4007 872 4046 curare
902 4007 947 4048 res
977 3984 1138 4062 humanas,
1165 3985 1235 4046 huie
1263 3987 1307 4046 siu

79 4079 299 4152 persuadeamus.
335 4075 374 4142 Ὠ
392 4075 493 4165 ἄριστε
516 4076 570 4166 δὴ,
591 4081 713 4166 φῶμεν,
735 4073 857 4164 ὅτι’μέν
877 4075 942 4176 ἡγῇ
958 4077 1070 4160 θεοὺς,
1089 4070 1237 4165 ξυγγένιιᾶ
1261 4106 1307 4159 τις

84 4257 330 4284 ...ἣ-,ὴ-

113 4383 135 4450 ¹>
152 4390 189 4442 oe
205 4394 275 4465 rep.
291 4397 321 4449 x.
334 4397 395 4451 ess.
409 4397 509 4450 Α.-ιι.

112 4468 135 4535 2)
153 4477 212 4532 oea.
228 4481 286 4533 ass.
301 4481 330 4534 c.
