2950 5134
656 293 695 352 57

518 446 856 549 reinone

267 672 408 730 Plutonis
426 671 460 727 do
480 671 531 727 hoe
552 679 730 749 argumento
747 669 977 745 philosophandi
996 629 1089 728 rotie.

123 850 265 910 Sententia
282 849 410 910 Platonis
432 847 468 908 de
493 868 588 908 amore
613 848 654 908 sio
681 848 905 927 omnitempore
934 846 1077 908 celebrata
1104 862 1163 921 est,
1190 862 1221 907 ut
1250 849 1310 909 vim

90 963 164 1008 nacta
189 949 224 1007 sit
250 947 398 1028 proverbii
425 959 453 1006 et
479 967 577 1008 nemo.
591 966 650 1004 non
680 945 814 1024 loquatur
844 944 880 1005 de
913 967 1012 1004 artiore
1038 946 1206 1006 Platonico.
1254 945 1312 1006 Sed

90 1047 217 1120 eandem,
239 1059 270 1106 ut
285 1044 335 1119 fit,
356 1066 411 1125 pro
427 1065 478 1104 suo
491 1045 612 1124 quisque
632 1064 717 1104 sensu
735 1057 764 1103 et
779 1043 895 1121 judicio
916 1063 981 1102 cum
1001 1045 1112 1125 accepit
1131 1045 1233 1118 aliter,
1251 1058 1313 1104 tum

87 1145 229 1220 judicavit.
251 1147 432 1223 deceperunt
448 1142 527 1202 huuc
545 1162 668 1203 amorem
687 1147 807 1222 poetae,
828 1143 861 1202 in
879 1143 981 1221 primis
999 1142 1085 1217 Itali,
1107 1143 1143 1202 de
1164 1143 1235 1202 mira
1260 1141 1313 1200 illa

91 1243 238 1302 animorum
256 1241 461 1318 conjunctione
472 1285 480 1315 ,
500 1261 573 1319 quae
592 1253 700 1301 amatae
724 1239 880 1300 intercedit
897 1261 963 1298 cum
987 1251 1124 1314 amatore,
1154 1254 1182 1300 et
1207 1227 1315 1298 utruim-

91 1341 184 1418 quein
203 1340 326 1419 regionis
346 1339 478 1400 coelestes
497 1338 623 1418 extollit:
646 1359 677 1397 ac
697 1339 881 1418 profecerunt
900 1338 969 1397 inde
987 1340 1095 1400 Dentes
1113 1321 1257 1418 Aligerius
1275 1336 1313 1396 ad

91 1437 253 1514 Beatricem,
269 1436 419 1496 petrarcha
439 1438 477 1497 ad
496 1438 637 1516 Lautam,
658 1436 710 1496 alii
731 1436 769 1495 ad
786 1435 857 1495 alias
872 1436 1059 1497 celebrandas
1075 1435 1171 1497 divini
1190 1437 1313 1516 pectoris

92 1536 225 1598 foeminas.
275 1535 443 1614 Philosophi
473 1555 559 1608 vero,
588 1536 612 1594 si
641 1533 678 1594 ab
709 1534 790 1593 Italis
809 1533 991 1608 discesseris,
1012 1535 1062 1613 qui
1090 1534 1234 1594 faciliores
1253 1533 1314 1592 fere

93 1634 216 1710 luerunt,
241 1648 272 1693 ut
293 1632 430 1692 nonnulli
449 1633 535 1692 etiam
552 1631 622 1707 alii,
643 1631 808 1713 philosophi
827 1633 916 1712 igitur
935 1632 1065 1712 plerique
1084 1651 1207 1692 amorem
1225 1633 1312 1692 istum

93 1732 257 1793 Platonicum
270 1731 307 1792 ad
322 1753 365 1790 res
383 1713 543 1790 retulerunt
552 1731 691 1811 poeticas,
700 1729 750 1790 sed
764 1729 948 1811 philosophie
958 1730 1113 1809 indignum
1131 1730 1308 1790 habuerunt:

93 1849 142 1888 esse
155 1831 229 1890 enim
243 1831 361 1890 fortasse
375 1842 474 1908 aptum
488 1828 539 1888 alii
550 1827 665 1889 cnidum
684 1827 807 1902 mundo,
817 1849 901 1906 quem
915 1829 1076 1907 ignoremus
1086 1875 1095 1903 ,
1105 1827 1156 1886 sed
1170 1828 1256 1902 huic,
1277 1829 1311 1886 in

92 1928 279 2004 quesivimus
297 1941 324 1986 et
341 1928 467 2006 agimus,
487 1925 567 1986 haud
586 1937 818 1984 consentaneum.
843 1925 928 1999 Quod
942 1925 1102 2002 judicium,
1121 1939 1232 2006 praeter
1246 1925 1310 2005 phi·

92 2024 208 2105 losophos
218 2071 226 2100 ,
245 2025 296 2084 alii
315 2025 400 2085 etiam
417 2024 610 2104 pronunciare
628 2022 741 2096 solent,
761 2024 811 2102 qui
827 2044 879 2082 nec
895 2023 1034 2084 dicuntur
1052 2023 1238 2105 philosophi,
1257 2043 1310 2081 nec

94 2137 157 2183 sunt.
195 2123 252 2184 Sed
270 2123 441 2182 exstiterunt
459 2122 546 2194 item,
567 2121 617 2200 qui
641 2141 700 2180 rem
719 2122 792 2180 serio
809 2119 995 2198 judicarent,
1023 2136 1137 2201 turpem
1157 2141 1218 2180 eam
1246 2141 1311 2180 cen·

93 2235 173 2280 serent
187 2236 214 2282 et
227 2220 354 2280 moribus
368 2220 498 2296 noxiam,
512 2219 661 2280 Platonem
671 2218 929 2299 reprehenderent,
944 2219 1204 2293 calumniarentur,
1219 2239 1312 2297 neque

94 2319 170 2398 ipsius
194 2333 344 2400 parcerent
367 2317 491 2388 Socratis
516 2317 627 2378 uirtuti.
661 2316 690 2397 l)
718 2318 847 2391 Quorum
876 2338 944 2376 sane
969 2318 1099 2378 omnium
1127 2317 1212 2378 nobis
1239 2318 1312 2376 ratio

94 2411 212 2477 habenda
239 2417 294 2476 erit
322 2417 353 2474 in
381 2415 460 2476 hisce
487 2414 756 2494 disquisitionibus,
789 2415 890 2476 sedin
920 2416 1021 2496 primis
1048 2437 1165 2491 eorum,
1185 2415 1236 2496 qui
1254 2426 1312 2473 tam

94 2514 179 2594 inique
197 2516 233 2575 de
250 2515 364 2575 Socrate
383 2527 410 2574 et
430 2513 547 2574 Platone
561 2513 752 2591 judicarunt,
775 2515 831 2575 imo
851 2535 920 2574 vero
940 2515 1110 2574 sententiam
1129 2515 1165 2574 iis
1183 2513 1311 2582 obtruse-

94 2628 165 2687 runt,
184 2615 310 2694 ipsorum
334 2612 449 2692 placitis
477 2613 684 2694 propositisque
708 2611 796 2692 plane
820 2613 1003 2672 contrariam.
1047 2611 1105 2672 Sed
1134 2626 1165 2672 ut
1192 2611 1312 2690 quisque

94 2709 123 2768 de
146 2711 188 2770 his
212 2711 347 2770 omnibus
374 2711 433 2790 ipse
457 2709 588 2787 judicet,
610 2731 669 2770 non
697 2710 734 2768 ab
761 2710 856 2770 aliene
884 2709 1009 2790 pendeat
1034 2711 1189 2790 opinione,
1222 2729 1312 2769 unum

94 2807 254 2887 alterumque
285 2817 484 2891 percurramus
510 2808 638 2869 Platonis
666 2807 828 2892 dialogum}
857 2822 884 2866 et
913 2809 1038 2887 primum
1068 2809 1185 2886 quidem
1207 2807 1312 2878 illum,

94 2906 134 2982 qui
155 2907 274 2972 Phaedri
298 2907 413 2965 nomine
433 2905 602 2968 inscribitur
620 2919 648 2965 et
673 2905 768 2966 locum
784 2907 844 2983 jam
872 2905 957 2964 nohis
978 2906 1174 2987 suppeditavit
1192 2905 1230 2964 de
1252 2905 1310 2966 rita

95 3001 170 3068 beata.
210 3005 311 3087 Capiet
330 3005 692 3083 noscontinuo.gene1·osa
711 3003 836 3065 Phaedri
857 3003 971 3065 indoles
991 3025 1057 3064 cum
1074 3003 1189 3062 Socrate
1209 3003 1312 3062 confa-

96 3098 207 3162 bulantis
237 3103 422 3176 suavissime,
452 3115 513 3160 tum
543 3101 667 3162 Socratis
695 3123 747 3162 nos
773 3102 885 3182 capiet,
907 3102 964 3160 imo
984 3101 1110 3166 movebit
1138 3103 1170 3158 in
1199 3114 1311 3180 turpem

96 3217 200 3258 amorem
219 3201 317 3259 oratio.
359 3198 417 3260 Sed
434 3200 471 3258 ab
488 3201 607 3260 exordio
627 3199 696 3260 inde
718 3221 903 3280 exponamus.
975 3239 977 3244 ,

533 3396 579 3455 De
600 3395 722 3478 uulgari
742 3419 849 3456 amore.

129 3593 283 3655 Sermonem
312 3617 327 3654 a
357 3595 440 3674 Lysia
464 3608 611 3674 acceperat
633 3594 796 3668 Phaedrus,
824 3616 881 3673 quo
902 3594 1091 3655 contenderat
1111 3593 1181 3667 ille,
1202 3593 1308 3674 amanti

99 3713 145 3750 non
162 3693 375 3772 gratificandum
400 3713 477 3767 esse,
498 3692 549 3752 sed
577 3694 621 3767 ei,
652 3695 702 3772 qui
731 3715 790 3752 non
815 3707 936 3752 amaret:
969 3693 1047 3750 hunc
1076 3692 1154 3750 enim
1169 3690 1310 3750 sedatum

99 3809 145 3846 esse
167 3805 192 3850 et
216 3792 383 3872 placidum,
409 3791 492 3850 illum
523 3812 590 3852 vero
618 3792 837 3852 vehementibus
864 3792 965 3871 agitari
994 3791 1106 3850 studiis
1158 3791 1249 3864 Quem
1279 3803 1310 3846 ut

100 3903 243 3966 acceperat,
266 3891 335 3948 mbe
355 3889 518 3969 egreditur,
541 3905 571 3949 ut
590 3890 665 3949 solus
693 3889 844 3949 ambulans
872 3889 1059 3948 meditaretur
1084 3908 1149 3946 enm
1173 3889 1307 3948 studiose,

101 3981 158 4041 llam
175 4003 311 4047 oratorum
340 3989 467 4047 omnium
492 3988 606 4068 Lysiam
629 3986 824 4046 admirabatur
853 3987 994 4060 maxime,
1015 4007 1072 4065 quo
1100 4009 1160 4046 non
1189 3986 1309 4067 putabat

101 4077 215 4144 disertius
232 4106 312 4167 posse
325 4105 494 4165 quemquam
513 4099 540 4144 et
559 4086 687 4144 ornatius
707 4085 812 4146 dicere.
856 4085 1024 4146 Ambulanti
1053 4100 1146 4145 autem
1167 4100 1194 4144 et
1213 4083 1308 4143 medi-

103 4180 176 4252 tanti,
196 4187 274 4243 ecee!
297 4183 400 4244 obvius
417 4197 459 4243 est
475 4184 501 4241 ei
522 4182 666 4256 Socrates,
688 4185 737 4263 qui
761 4186 876 4266 penitus
904 4205 1076 4266 cognoscens
1098 4186 1253 4263 juvenem,
1277 4194 1312 4262 ut.

109 4501 112 4510 ³
131 4418 151 4481 ¹l
166 4424 192 4473 V·
206 4427 310 4480 Gesneri
323 4429 436 4480 Socrates
450 4435 550 4480 sauctus
562 4427 708 4496 paederostn
721 4429 744 4477 in
763 4427 858 4478 Comen.
881 4428 939 4486 Soc.
956 4428 1056 4478 seientt.
1073 4425 1139 4477 Gon.
1165 4423 1194 4474 ll.
1215 4423 1305 4475 Editus
1383 4485 1387 4494 ³

109 4509 154 4557 rtem
164 4508 221 4576 lraj.
233 4515 271 4567 nd.
282 4513 330 4566 lllt.
350 4513 423 4565 1769.
