2924 5132
1320 295 1334 334 P

390 376 427 428 De
446 376 584 445 ducipls'nis
601 377 780 430 mammen
789 379 861 448 justo
877 379 999 447 proposita
1015 380 1160 430 tractandis.
1323 308 1361 431 lit

198 498 347 562 disciplinae
360 497 552 546 mathematicae
559 499 649 562 pulcri
664 498 771 562 emitque
786 513 888 548 sensum
901 513 952 546 non
968 499 1051 547 minus
1067 514 1141 562 quam
1160 500 1215 546 aeri
1229 499 1325 548 excitare

161 589 189 631 et
206 577 321 632 excolere
339 581 450 644 debent,
468 598 516 632 nec
529 584 576 632 sihi
594 589 692 632 mutum
714 584 887 647 doctrinisque
907 583 1049 648 sufficiunt,
1066 585 1110 634 sed
1128 583 1267 634 uberiorem
1283 587 1325 632 rim
1416 572 1417 576 ¹

160 668 263 718 hahent.

549 775 1001 828 nenlllucclcl.
1325 772 1365 826 236

194 877 252 928 Ara
273 884 313 928 est
332 883 359 927 et
373 881 538 944 sepimentum
552 881 742 944 doctrinarum,
760 882 921 946 ipsarumque
939 885 1039 950 ragina.
1060 881 1243 946 disquisitionis
1255 882 1328 946 graii-

160 972 198 1014 tas
214 971 242 1016 st
254 965 403 1032 amplitudo.
803 953 813 976 ⁶
1147 1003 1158 1020 .

540 1071 697 1122 Dialecticae
715 1073 782 1140 apud
799 1071 908 1123 &accos
924 1073 1005 1123 initia.
1328 1066 1365 1120 lii

197 1172 371 1222 Orientalium
397 1177 424 1222 at
453 1174 605 1222 Graecarum
623 1172 766 1223 discrimen.
792 1175 974 1238 llumantiquo
989 1175 1052 1224 aevo
1067 1174 1092 1222 in
1109 1175 1212 1223 Graecis
1225 1143 1329 1238 apparuit

162 1259 318 1309 dialectica?
333 1259 417 1308 Serius
436 1259 503 1324 apud
518 1275 561 1310 eos
574 1258 699 1322 invaluit,
718 1259 824 1308 dicendi
837 1259 1016 1324 scribendique
1029 1267 1084 1308 arta
1100 1263 1247 1326 conspicua.
1260 1259 1331 1307 Atha·

160 1345 289 1394 mandunt
308 1346 474 1411 principatus.
488 1347 648 1398 Socratas.
663 1347 723 1411 Ejus
739 1362 804 1410 quae
822 1347 954 1396 videbatur
970 1347 1113 1411 sophistica
1130 1347 1215 1414 qiralis
1228 1347 1295 1396 erati

631 1467 920 1518 Socraticadialeotica.
1010 1483 1014 1490 ¹
1326 1461 1365 1513 tlt

195 1568 304 1616 Socratis
326 1582 458 1616 semones.
481 1568 595 1616 Socrates
617 1567 767 1619 Platonicus
786 1574 813 1618 et
831 1569 1029 1632 Xenophontcus.
1055 1569 1274 1634 Xenophontis
1283 1568 1328 1617 dia·
1360 1571 1363 1576 '

159 1652 429 1703 machinamentis
445 1667 503 1702 cum
525 1654 653 1703 Glaucone
667 1671 748 1703 sermo
764 1655 944 1718 quospeclatl
965 1655 1083 1718 Ejusdem
1104 1671 1163 1704 eum
1183 1653 1329 1718 antaplon
1418 1663 1419 1678 ¹

160 1755 241 1788 sermo
265 1753 316 1804 quc
337 1738 465 1789 refecturi
486 1739 595 1809 Socratis
617 1739 781 1805 colloquendi
794 1740 900 1789 facultas
915 1755 976 1790 num
992 1747 1048 1788 arte
1063 1745 1149 1805 parta,
1164 1757 1226 1790 num
1239 1741 1269 1789 ah
1281 1745 1328 1787 arte

159 1825 259 1874 aliena?
281 1825 332 1874 alii
355 1826 461 1875 Socratis
485 1840 543 1873 cum
575 1827 717 1891 Glaucone,
749 1826 884 1876 Charmide
910 1831 936 1875 et
962 1825 1122 1875 Aristodemo
1137 1843 1266 1876 serrncnes
1285 1839 1327 1890 que

159 1911 296 1976 spectanti
310 1909 446 1980 'Eneyayrj
462 1911 589 1962 Socratica
606 1913 731 1977 quomodo
745 1919 864 1961 naturam
875 1913 984 1976 reserat,
1001 1912 1096 1976 linguis
1109 1913 1242 1979 probatur,

620 2031 760 2084 Arsitotelis
776 2032 917 2084 dialectica.
1327 2025 1362 2078 tlt

1418 2131 1419 2176 l

192 2134 253 2198 Ejus
277 2131 460 2201 ovlloysorrxi.
489 2136 640 2198 Sustentata.
662 2135 716 2198 Quo
736 2135 860 2199 spectavit
878 2135 934 2198 ejus
950 2135 1101 2184 dialectica?
1115 2137 1171 2199 Quo
1191 2137 1270 2196 vitio,
1286 2147 1327 2196 qiu

159 2221 257 2268 virntte
273 2218 378 2282 insignis
391 2219 448 2268 est?
463 2221 626 2270 Dialecticce
637 2225 663 2269 et
676 2221 833 2284 eloquentiae
844 2220 1011 2270 necessitudo.
1032 2222 1083 2285 Qua
1093 2221 1121 2269 in
1132 2237 1160 2269 re
1169 2217 1328 2269 Aristotelian

157 2305 291 2355 dialectica
307 2307 454 2370 Socraticas
471 2305 614 2354 dissimilis?
628 2307 696 2370 Quae
714 2306 863 2355 dialecticae
876 2311 933 2371 post
945 2307 1108 2356 Aristotelem
1126 2308 1198 2356 iata?
1216 2303 1328 2370 Sophiste«
1418 2363 1419 2370 ἵ

158 2407 214 2439 rum
232 2390 343 2439 concilia
362 2390 488 2453 quomodo
503 2390 683 2454 dijudicanda?
1103 2374 1104 2378 Ἰ

429 2512 573 2563 Socraticae
590 2511 737 2564 dialecticae
754 2523 777 2564 et
793 2513 967 2564 Aristotelicae
984 2513 1132 2570 discrimen,
1323 2501 1350 2554 245

192 2615 285 2666 Eidem
309 2591 437 2681 proposito
459 2611 564 2663 diversd
582 2615 677 2664 ratione
700 2616 815 2663 Socrates
839 2619 866 2663 et
882 2615 1030 2664 Aristoteles
1049 2615 1195 2664 satisfacere
1209 2613 1326 2663 studuere.

155 2703 204 2751 Sua
215 2703 348 2764 utriusque
364 2701 511 2750 dialecticae
521 2701 607 2750 virtus.
623 2701 785 2749 Aristotelica
792 2701 926 2764 vulgatior.
942 2701 969 2749 A
973 2703 1105 2748 eistete
1114 2700 1125 2748 l
1129 2703 1163 2748 is
1177 2698 1325 2750 excellentia.

155 2787 216 2850 Ejus
227 2781 400 2856 ’Όργανον
419 2786 514 2850 quale?

426 2905 538 2958 Platonis
555 2905 696 2958 dialectica.
733 2907 798 2970 Quid
815 2907 915 2957 Socrati
931 2905 1013 2958 deluit
1029 2905 1121 2958 Plato?
1324 2896 1358 2949 tlt

189 3008 257 3074 Quae
275 3008 390 3057 Socrates
412 3007 570 3076 sermonibus
591 3009 726 3057 miscendis
740 3011 876 3058 invenerat
891 3011 917 3058 et
921 3009 1151 3073 frequentaverat,
1173 3008 1261 3056 eadem
1276 3004 1324 3054 dili-

156 3095 258 3158 gentius
278 3095 405 3158 cacoluit,
429 3097 508 3142 auoit
526 3099 553 3143 et
577 3097 647 3143 artie
660 3091 749 3155 fosmd
768 3094 857 3142 induit
881 3095 961 3144 Plato.
985 3093 1136 3143 llialecticae
1159 3093 1261 3142 Platoni
1281 3104 1320 3138 non

153 3181 219 3230 alius
240 3197 269 3229 ac
295 3186 435 3228 ceterarum
464 3179 653 3245 disciplinarum
672 3181 737 3228 finis.
755 3181 807 3228 His
824 3185 986 3246 praeparatur
1003 3181 1116 3244 animus,
1136 3185 1165 3227 ut
1183 3178 1320 3228 dialecticae

155 3268 205 3317 rim
228 3266 343 3330 excipiat.
363 3266 491 3316 Sermonis
510 3268 594 3314 mutui
616 3266 809 3315 commendatio.
839 3266 974 3315 Dialectica
999 3282 1057 3316 curn
1074 3266 1105 3315 ad
1122 3265 1321 3314 discendentem

155 3353 187 3403 ad
211 3350 346 3400 docendam
364 3351 417 3399 veri
443 3351 574 3400 scientiam
602 3351 678 3400 valet.
713 3339 821 3400 Socratis
843 3357 870 3400 et
887 3352 999 3400 Platonis
1024 3352 1051 3400 in
1074 3367 1169 3400 summo
1188 3349 1322 3400 dialecticae

155 3438 283 3507 proposito
300 3431 435 3486 consensus
455 3441 481 3486 et
504 3439 644 3501 contentia,
661 3437 687 3485 in
706 3437 885 3487 contendendo
903 3438 1027 3486 cometas.

214 3556 517 3622 aemulationes,
534 3575 599 3626 quae
616 3559 738 3610 carneade
747 3559 924 3626 junpendoque
939 3557 1065 3626 procedit,
1084 3557 1136 3608 siae
1152 3557 1182 3607 de
1200 3529 1299 3621 amisii·
1321 3542 1360 3598 2²⁸

190 3665 255 3714 llum
278 3661 359 3711 aliena
382 3662 432 3711 luit
455 3678 469 3710 a
495 3661 644 3711 Socratica?
663 3662 775 3726 Apparet
789 3662 815 3709 in
831 3661 983 3710 Phaedro.
1003 3658 1154 3708 Vehementi
1166 3675 1221 3707 earn
1232 3654 1321 3722 juvenis

154 3765 239 3798 amore
264 3752 412 3813 prosecutus
435 3747 515 3796 Plato.
541 3748 571 3796 In
598 3746 734 3796 Philebo
761 3747 887 3794 illustrius
914 3748 990 3810 patet.
1014 3744 1166 3794 dialecticae
1185 3743 1320 3794 'Platonicae

155 3835 194 3883 vis
213 3839 239 3882 et
251 3851 311 3883 usus
329 3834 397 3898 apud
415 3833 564 3898 posteriores
582 3835 697 3882 Graecos.
717 3834 863 3882 Dialectici
878 3831 989 3880 Platonis
1007 3830 1100 3892 dialogi
1118 3831 1319 3888 Theaetetus,

155 3920 322 3986 Sophiste,
341 3919 511 3970 Politicus.
531 3920 610 3983 Quem
624 3919 664 3968 his
681 3919 821 3983 adjungere
836 3918 971 3968 meditatus
989 3916 1045 3966 esti’
1061 3917 1226 3981 Sophiste.

412 4041 579 4094 inductionem
596 4038 762 4106 amplectitur
770 4039 847 4106 *opssd
863 4036 991 4088 Platonem
1007 4034 1128 4102 analysis.
1318 4021 1356 4076 25⁴

189 4143 367 4195 Politicus.
392 4141 581 4213 ’lineyoyp'c
606 4142 748 4190 Socraticae
770 4155 829 4189 cum
853 4137 957 4190 incid
965 4159 1013 4189 σει
1028 4138 1158 4187 Platonica
1175 4131 1317 4200 conjunctio.

156 4231 352 4302 Παραδείγμασι
368 4234 475 4294 utraque
490 4228 631 4280 inetituitur
643 4243 672 4276 ae
687 4226 827 4292 perficitur.
842 4225 1037 4274 dialecticorum
1053 4223 1164 4273 Platonis
1177 4223 1317 4284 dialogorum

157 4317 210 4369 dos.
226 4317 393 4382 Sophiste.
414 4319 477 4366 llum
496 4314 603 4366 dedecet
619 4313 664 4362 dos
678 4312 722 4361 illa
738 4310 940 4376 philosophum?
959 4310 1118 4360 Conveniunt
1136 4309 1245 4372 linguae.
1258 4304 1316 4354 ehu

158 4419 209 4451 non
228 4404 308 4452 solum
326 4405 433 4454 ohecura
453 4400 608 4464 manifestis,
632 4398 676 4448 sed
694 4397 808 4448 sublimia
828 4397 936 4460 vilibus,
957 4391 1036 4461 vopei
1056 4393 1159 4466 ὅρᾰτοις
1171 4395 1281 4444 illuetrat.
