2832 5120
53 426 154 490 lienibus
177 445 237 486 non
264 423 390 498 accidit,
412 436 444 482 ut
467 418 591 480 subinde
616 418 768 479 simulacra
791 419 923 500 pariant,
945 439 1153 498 nonnunquam
1171 441 1257 496 vera,

52 527 127 602 sitque
151 521 276 583 difficile
291 522 362 582 baec
386 520 570 600 dignoscere:
592 516 671 596 quod
698 517 721 576 si
750 516 911 591 accideret,
932 517 1090 576 maximum
1114 518 1260 599 pulcerri-

50 644 164 702 numque
184 621 370 682 obstetricum
390 640 494 678 munus
515 632 603 690 esset,
625 637 725 676 verum
747 637 763 672 a
786 614 859 673 falso
886 614 1082 676 discernendi.
1124 617 1170 674 Tu
1190 639 1259 676 vero

51 721 109 800 quid
127 720 238 780 sentis?
259 750 293 760 -
314 719 393 778 Idem
412 717 548 796 profecto.
572 753 604 768 -ω
624 713 706 774 Meae
726 726 820 772 autem
839 713 893 772 arti
915 727 1024 772 caetera
1042 715 1158 794 propria
1176 729 1258 790 sunt,

49 841 107 898 quac
132 818 266 892 illarum;
289 817 384 876 differt
414 835 500 888 vero,
521 813 599 892 quod
626 811 773 886 maribus,
795 833 855 870 non
877 811 1012 870 foeminis
1030 813 1257 891 parturientibus

50 930 195 990 succurrat,
217 929 280 974 tum
298 915 384 972 etiam
403 916 514 974 animos
533 924 641 996 spectet
659 911 849 992 parientium,
871 931 930 968 non
946 929 1064 989 corpora
1071 933 1079 984 ;
1101 913 1258 971 maximum

49 1029 127 1073 autem
149 1014 203 1073 hoc
233 1014 308 1072 inest
335 1013 388 1070 arti
419 1032 516 1085 meae,
537 995 617 1092 posse
630 1038 633 1046 ·
646 1008 785 1070 videlicet
814 1007 970 1088 diligenter
999 1008 1149 1088 explorare
1178 1011 1257 1070 omni

50 1115 136 1186 nodo,
170 1110 393 1170 simulacrumne
423 1091 456 1168 etx
481 1109 605 1184 falsum,
638 1131 675 1166 an
704 1108 798 1166 nativi
828 1119 856 1164 et
883 1107 946 1166 veri
973 1106 1113 1184 quiddam
1136 1109 1257 1186 juvenis

49 1212 146 1269 animus
164 1209 266 1289 pariat.
315 1210 462 1268 Caeterum
480 1208 513 1267 id
531 1208 604 1266 mihi
625 1206 710 1264 etiam
729 1225 794 1263 cum
812 1203 1014 1263 obstetricibus
1032 1226 1181 1266 commune
1201 1220 1254 1266 est:
1340 1237 1347 1244 ·

12 1299 13 1362 Ῐ
49 1331 96 1366 non
112 1308 190 1388 pario
210 1307 399 1390 sapientiam:
422 1305 555 1384 quodque
575 1304 744 1382 objecerunt
762 1303 834 1361 mihi
853 1302 957 1376 multi,
978 1302 1049 1362 alios
1066 1325 1111 1363 me
1130 1306 1256 1366 interro-

11 1395 13 1464 ]
48 1427 116 1484 gare,
131 1407 224 1486 ipsum
240 1425 309 1463 vero
323 1402 360 1461 de
374 1402 458 1461 nulla
475 1424 506 1460 re
520 1401 705 1482 respondere,
727 1402 795 1480 quia
810 1400 888 1460 nibil
897 1399 1017 1459 habeam
1026 1402 1104 1480 quod
1113 1405 1257 1485 sapienter

48 1503 237 1583 respondeam,
258 1521 325 1562 vere
344 1499 486 1579 objiciunt
506 1499 561 1560 illi.
604 1501 708 1560 Caussa
734 1512 829 1558 autem
847 1499 888 1556 rei
913 1497 982 1558 haec
1001 1513 1060 1558 est:
1091 1503 1257 1582 parturien-
1316 1490 1325 1510 ’

49 1601 113 1660 tibus
132 1620 295 1660 succurrere
313 1600 389 1658 Deus
402 1619 454 1660 ,me
478 1599 571 1678 cogit,
602 1619 736 1678 generare
763 1595 931 1678 probibuit:
963 1618 1025 1656 sum
1052 1598 1113 1679 ipse
1139 1601 1258 1680 quidem

48 1721 97 1759 non
121 1698 291 1779 magnopere
320 1697 451 1777 sapiens:
480 1717 572 1782 neque
601 1709 641 1754 est
668 1696 741 1754 mibi
771 1696 864 1753 ullum
889 1697 1002 1776 sapiens
1025 1697 1196 1774 inventum,
1220 1720 1257 1760 ex

48 1797 129 1857 animo
160 1817 223 1855 meo
255 1809 373 1872 natum,
415 1795 464 1872 qui
491 1815 558 1854 vero
585 1793 792 1873 colloquuntur
821 1814 950 1868 mecum,
984 1795 1109 1875 primum
1140 1799 1258 1876 quidem

49 1895 190 1968 videntur,
221 1885 359 1952 nonnulli
388 1914 448 1952 non
474 1891 608 1967 solertes,
633 1891 661 1971 1)
687 1893 741 1950 alii
769 1913 905 1972 perquam
930 1891 1002 1951 adeo
1028 1893 1131 1969 rudes,
1161 1917 1259 1958 omnes

48 2007 129 2051 autem
138 2039 146 2068 ,
167 1991 341 2072 procedente
362 2013 415 2050 usu
430 2004 457 2050 et
471 1990 697 2065 consuetudine,
712 1989 818 2068 quibus
833 1988 948 2068 quidem
967 1991 1043 2049 Deus
1053 1992 1131 2052 favet
1137 1996 1259 2067 ,mirum

49 2093 74 2150 in
89 2091 206 2151 modum'
219 2089 419 2170 proficientes,
442 2089 484 2147 uti
508 2102 535 2148 et
554 2088 739 2168 sibimetipsis
754 2103 781 2148 et
800 2089 918 2148 caeteris
937 2087 1085 2148 videntur.
1112 2089 1148 2148 Id
1164 2104 1259 2149 autem

49 2189 143 2268 liquet,
163 2209 179 2246 a
197 2209 242 2246 me
257 2187 324 2246 illos
344 2186 421 2247 nibil
442 2207 568 2266 unquam
587 2187 742 2260 didicisse,
764 2186 814 2244 sed
833 2187 909 2266 ipsos
926 2207 978 2266 per
992 2188 1155 2268 semetipsos
1168 2189 1259 2248 multa

50 2301 71 2344 et
86 2286 227 2366 praeclara
246 2286 391 2344 invenisse
411 2279 494 2364 atque
515 2287 547 2342 in
575 2305 603 2342 se
632 2283 738 2344 habere
763 2283 930 2344 recondita:
952 2283 1192 2346 obstetricationis
1211 2307 1259 2360 au·

50 2399 97 2442 tem
122 2386 210 2444 Deum
234 2398 262 2442 et
279 2403 323 2443 me
346 2396 491 2442 auctorem
514 2382 692 2461 essetquod
710 2382 780 2441 hinc
809 2382 932 2440 maxime
957 2396 1044 2463 patet.
1086 2382 1175 2444 Multi
1199 2385 1261 2462 jam

50 2479 102 2540 boc'
112 2484 273 2562 ignorantes
301 2495 329 2540 et
357 2482 521 2561 semetipsos
536 2481 742 2562 increpantes,
763 2501 807 2538 me
835 2493 929 2538 autem
959 2495 1191 2557 contemnentes,
1212 2483 1261 2543 vel

52 2579 96 2659 ipsi
120 2602 181 2661 per.
198 2601 276 2654 sese,
298 2579 345 2640 vel
373 2579 410 2638 ab
439 2580 504 2638 aliis
533 2578 671 2654 adducti,
692 2579 797 2652 eitius,
818 2598 903 2656 quam
929 2599 982 2658 par
1008 2592 1087 2653 erat,
1106 2579 1259 2639 abierunt:

52 2680 136 2738 remoti
155 2693 250 2738 autem
268 2699 283 2736 a
301 2699 364 2754 me,
384 2698 450 2736 cnm
468 2690 643 2737 caeterorum
658 2691 775 2760 propter
788 2697 906 2758 pravam
926 2677 1164 2736 consuetudinem
1177 2678 1260 2737 abor·

52 2788 101 2833 tum
119 2778 268 2850 fecerunt,
289 2790 349 2835 tum
370 2796 419 2850 ea,
441 2797 512 2855 quae
533 2796 582 2855 ego
601 2774 764 2834 obstetricid
787 2794 840 2855 ope
860 2793 897 2831 ex
917 2773 954 2831 iis
975 2773 1168 2855 protuleram,
1187 2776 1262 2835 male

27 2873 146 2960 ,alentes
170 2873 382 2956 perdiderunt,
407 2873 485 2934 'falsa
516 2886 544 2931 et
569 2872 721 2932 simulacra
754 2870 848 2952 pluris
877 2871 1033 2945 habenteS,
1063 2894 1148 2950 quam
1176 2895 1260 2935 vera:

11 3030 13 3033 .
54 2971 208 3050 tandemque
226 2972 260 3030 hi
281 2986 309 3030 et
329 2971 515 3052 sibimetipsis
539 2984 567 3030 et
594 2971 713 3030 caeteris
735 2970 822 3029 rudes
846 2971 999 3030 visisunt.
1040 2970 1169 3044 Quorum
1188 2993 1264 3032 unus

55 3069 98 3128 luit
122 3068 262 3130 Aristides
291 3069 455 3149 Lysimachi
484 3069 580 3145 filius,
601 3082 663 3128 tum
690 3067 826 3148 permulti
854 3067 923 3126 alii:
954 3089 1093 3148 quorum,
1122 3069 1263 3148 siquando

56 3167 160 3228 redeunt
188 3167 227 3226 ad
255 3187 316 3241 me,
338 3181 504 3248 expetentes
532 3187 696 3246 congressus
717 3185 792 3225 meos
813 3175 915 3246 atque,
937 3179 969 3224 ut
996 3165 1164 3242 obtineant,
1186 3168 1264 3227 nibil

57 3287 102 3324 non
126 3267 295 3340 molientes,
327 3264 480 3325 nonnullis
503 3285 597 3324 meum
623 3265 667 3323 me'
691 3264 874 3324 daemonium
901 3263 996 3335 adesse
1024 3263 1176 3345 probibet,
1197 3267 1264 3325 aliis

57 3363 126 3422 sinit:
147 3363 178 3424 hi
205 3377 300 3422 autem
325 3377 386 3421 tum
410 3363 549 3422 continuo
569 3361 726 3444 proficiunt
754 3362 866 3423 denuoa
901 3364 963 3422 Hoc
993 3383 1061 3423 vero
1089 3364 1173 3422 etiam
1198 3385 1264 3424 cum
1349 3391 1351 3396 ¹

57 3460 267 3538 parturientibus
286 3461 419 3520 foeminis
441 3481 591 3519 commune
614 3459 742 3536 habent,
764 3461 814 3540 qui
833 3481 878 3520 me
906 3475 1046 3520 utuntur:
1067 3461 1165 3543 partius
1185 3463 1263 3524 dolo·

58 3557 121 3618 ribus
148 3558 282 3617 laborant
308 3572 336 3617 et
364 3572 461 3617 noctes
480 3557 615 3636 diesque,
643 3560 730 3638 magis
751 3561 837 3618 etiam
852 3581 943 3637 quam
961 3559 1049 3635 illae,
1070 3561 1265 3622 anxietatibus

59 3657 205 3736 replentur:
227 3657 280 3716 hos
298 3671 392 3715 autem
411 3655 525 3716 dolores
546 3677 591 3716 ars
609 3678 670 3716 mea
685 3671 713 3716 et
733 3657 857 3716 excitare
876 3671 969 3738 potest
988 3672 1016 3716 et
1033 3657 1140 3718 sedare.
1171 3660 1264 3740 Atque

12 3831 13 3840 ἵ
60 3751 87 3812 ita
102 3755 214 3833 quidem
231 3754 279 3814 isti
299 3774 327 3813 se
347 3753 474 3831 habent,
497 3754 655 3834 aliquando
676 3777 761 3830 vero,
783 3756 965 3816 oTheaetete
975 3801 985 3830 ‚
1006 3756 1095 3836 siqui
1114 3757 1186 3816 mihi
1205 3781 1265 3818 non

60 3870 104 3910 esse
121 3866 306 3933 praegnantes
327 3851 484 3929 videntur,
505 3854 599 3914 sciens
623 3875 673 3935 ego
699 3853 776 3913 nibil
796 3875 840 3912 me
864 3854 901 3912 iis
919 3852 1052 3934 prodesse
1078 3875 1178 3936 posse,
1198 3857 1265 3917 aliis

61 3967 95 4006 eos
118 3949 254 4011 benevole
282 3949 465 4031 despondeo,
492 3966 538 4026 et,
570 3952 649 4032 quod
674 3973 734 4012 non
760 3954 821 4012 sine
852 3952 904 4012 Dei
935 3953 1055 4012 numine
1085 3951 1167 4030 dico,
1197 3955 1265 4016 satis

87 4145 108 4212 ¹)
127 4150 215 4202 Tteoer.
239 4149 299 4202 150.
318 4149 349 4200 D.
384 4137 412 4201 οἱ
434 4135 462 4202 d'
484 4138 552 4220 ἐμοὶ
573 4135 787 4222 ξυγγιγνόμενοι
814 4137 851 4203 ro*
872 4137 929 4221 μὲν
954 4140 1073 4225 πρῶτον
1100 4140 1264 4225 φαίνονται,

65 4233 117 4301 ἔνιοι
135 4241 186 4322 μὲν
205 4243 253 4305 καὶ
274 4236 350 4304 πάνυ
372 4238 516 4323 ἀμαθεῖς,
538 4239 643 4320 πάντες
665 4241 700 4305 δὲ
718 4295 749 4304 ..
771 4254 907 4307 Excidisse
926 4257 1043 4308 nonnihil
1061 4257 1171 4309 videtur.
1197 4258 1264 4309 For-

66 4356 120 4405 tasse
135 4358 231 4424 scripsit
253 4363 344 4408 auctor
367 4341 435 4408 ἔνιοι
462 4341 518 4426 μὲν
544 4341 596 4408 οὐκ
618 4337 774 4427 algadefe,
796 4341 878 4410 ἄλλοι
900 4345 1004 4412 δὲκαὶ
1024 4343 1100 4411 πάνυ
1121 4345 1271 4429 dparrtg,

68 4439 149 4520 πάντες
167 4445 200 4508 δὲ
213 4489 244 4498 -
264 4458 307 4508 Sic
323 4459 398 4509 verti.
