2886 5118
730 277 790 336 tta

137 455 257 494 numero
275 454 372 495 eorum
390 455 510 494 acumen
533 451 561 494 et
577 439 760 516 sagacitatem
780 457 896 509 smnus,
916 455 968 494 nec
990 449 1094 493 temere
1116 433 1200 493 nobis
1218 431 1369 494 affirmasse

139 532 290 607 videmur,
318 534 474 614 profecisse
494 553 531 590 ex
555 554 653 593 eorum
674 533 807 594 doctrina
826 532 950 591 multum
971 531 1131 592 Platonem.
1175 534 1293 592 Tantum
1315 555 1372 592 au-

138 645 193 688 tem
213 629 311 705 abest,
332 644 365 690 ut
386 631 554 691 Platonicae
574 630 776 712 philosophiae
797 628 1084 712 philosophandique
1104 631 1211 689 rationi
1229 633 1371 690 contraria

136 749 233 786 eorum
251 729 325 788 ratio
345 730 448 802 fuerit,
469 740 501 786 ut
521 728 655 787 similiter
674 728 821 787 hominem
839 728 990 808 explorare
1008 726 1228 806 diligentissime
1247 731 1372 788 niteren-

136 838 197 898 tur,
218 847 249 884 ac
272 847 309 884 ne
326 827 461 903 rejecerit
481 826 600 905 quidem
619 827 716 900 Plato,
735 848 825 906 quae,
846 826 1005 907 priscorum
1022 827 1114 884 instar
1123 825 1372 907 philosophorum,

136 922 172 980 dc
201 924 355 998 sensibus,
386 923 423 983 de
450 924 606 1004 opinione,
635 923 685 982 de
700 945 796 982 rerum
825 937 904 983 motu
925 938 953 982 et
972 923 1162 982 fluctuatione
1181 923 1371 1004 philosophati

135 1021 265 1082 fuerunt.
295 1021 371 1102 Ergo
383 1043 443 1080 non
455 1021 672 1099 contemnendi}
682 1023 767 1081 nobis
778 1022 921 1103 sophistae
943 1036 1026 1095 sunt,
1044 1043 1097 1081 nec
1117 1041 1187 1082 vero
1202 1023 1250 1081 isti
1264 1044 1372 1102 quoque

135 1118 314 1199 repudiandi
334 1140 468 1199 prorsus,
487 1141 558 1200 quos
578 1120 684 1178 imitati
703 1141 836 1200 magnam
854 1134 965 1201 partem
983 1121 1118 1193 fuerunt,
1138 1118 1286 1180 fluitantes
1306 1143 1372 1199 quos

136 1217 304 1277 vocavimus
334 1217 532 1298 philosophos.
575 1219 708 1294 Horum,
738 1219 848 1293 fateor,
875 1219 908 1277 in
936 1216 1172 1298 philosophando
1194 1218 1373 1278 'consuetudo'

137 1315 236 1394 inepta
265 1336 298 1373 ac
328 1315 455 1374 ridicula
488 1317 555 1378 luit.
602 1317 763 1395 «Colloqui
794 1337 860 1375 cum
889 1316 926 1376 iis
954 1337 1014 1375 non
1034 1317 1140 1395 magis,
1171 1317 1212 1373 ait
1231 1315 1372 1378 Socrates,

137 1433 223 1489 quam
250 1434 316 1471 cum
336 1413 503 1473 furentibus
530 1413 608 1474 licet.
651 1415 794 1474 Referunt
813 1413 884 1473 adeo
903 1415 959 1495 ipsi
980 1412 1149 1472 disserendo
1168 1413 1373 1490 scribendoque

136 1524 246 1570 motum
265 1510 351 1570 illum
370 1532 467 1570 rerum
487 1513 636 1587 omnium,
658 1533 743 1592 quem
759 1512 920 1592 loquuntur
930 1557 939 1586 ,
959 1525 987 1570 et
1006 1511 1210 1590 agitationem:
1232 1511 1320 1591 plane
1338 1511 1373 1569 sic

137 1608 281 1668 fluctuant
299 1625 328 1669 et
344 1611 493 1689 agitantur.
509 1632 607 1669 corum
621 1611 737 1690 scripta.
768 1612 922 1669 Persistere
939 1623 1035 1668 autem
1054 1611 1087 1668 in
1103 1629 1234 1669 sermone
1243 1623 1273 1668 et
1283 1629 1372 1687 quaes-

139 1706 270 1765 tionibus
288 1729 320 1766 ac
339 1707 456 1787 placide
476 1709 604 1768 vicissim
624 1708 797 1788 respondere
819 1722 847 1768 et
867 1728 1019 1787 quaerere,
1040 1707 1137 1766 minus
1157 1707 1194 1765 iis
1214 1720 1276 1780 est,
1295 1727 1372 1785 quam

140 1801 234 1860 nihil:
263 1819 380 1884 superat
403 1806 489 1864 etiam
518 1805 596 1864 nihil
626 1805 724 1881 illud,
752 1805 831 1884 quod
861 1807 897 1865 iis
925 1819 984 1864 est:
1014 1804 1086 1865 adeo
1104 1823 1208 1884 parum
1229 1804 1301 1864 viris
1318 1805 1372 1862 istis

139 1899 362 1976 tranquillitatis
391 1917 452 1978 est;
483 1902 534 1963 sed
563 1905 587 1962 si
616 1925 702 1981 quern
729 1924 828 1962 eorum
854 1903 1096 1984 interrogaveris,
1126 1903 1223 1961 statim
1253 1902 1371 1964 velutie

140 1994 274 2076 pharetra
301 1997 422 2058 obscura
453 2001 542 2061 verba
575 2001 780 2082 depromentes
809 2016 947 2080 tanquam
977 2000 1140 2081 sagittando
1169 2001 1320 2059 emittunt:
1349 2013 1372 2057 et

141 2093 245 2152 horum
265 2097 289 2154 si
309 2097 450 2155 rationem
469 2087 603 2177 quaeras,
623 2098 718 2158 altero
733 2099 845 2158 ferieris
863 2099 956 2173 dicto,
976 2120 1052 2162 nove
1069 2097 1212 2159 conficto:
1233 2118 1369 2178 nunquam

141 2206 237 2252 autem
253 2194 412 2274 quidquam
430 2194 509 2275 apud
528 2195 579 2254 hos
599 2193 732 2274 perficies
752 2215 846 2274 neque
868 2198 924 2276 ipsi
943 2198 1030 2255 etiam
1048 2217 1144 2255 secum
1162 2197 1307 2270 invicem;
1327 2195 1368 2254 sed

140 2291 210 2350 scite
237 2290 391 2350 admodum
411 2291 444 2350 id
464 2305 587 2366 carent,
616 2291 828 2370 nequidquam
848 2308 963 2352 maneat
984 2295 1044 2354 sive
1065 2295 1096 2353 in
1116 2314 1247 2356 sermone
1267 2297 1366 2354 sivein

144 2389 271 2468 ipsorum
302 2389 407 2449 animis
434 2389 555 2447 stabile:
587 2390 804 2466 existimantes,
833 2405 865 2450 ut
885 2391 1026 2468 arbitror,
1046 2391 1079 2450 id
1097 2393 1193 2472 ipsum
1214 2413 1302 2450 unum
1319 2411 1366 2448 esse

143 2485 247 2538 stabile
262 2482 321 2560 l).'’

180 2577 239 2637 Sed
255 2583 330 2640 es‘to:
354 2583 465 2642 fuerint
486 2584 534 2642 isti
554 2583 686 2644 homines
704 2585 834 2645 omnium
854 2586 1020 2652 mortalium
1039 2587 1216 2667 ineptissimi
1236 2586 1364 2644 molestis-

139 2677 279 2754 simique;
311 2679 334 2737 si
356 2679 498 2739 mundum
520 2682 685 2757 visibilem,
713 2684 764 2761 qui
784 2685 916 2743 sensibus
936 2699 1033 2764 patet,
1055 2705 1224 2764 cognoscere
1243 2683 1363 2754 velimus,

140 2796 199 2832 non
220 2775 312 2834 solum
334 2799 391 2835 non
407 2778 585 2858 repudiandi
606 2780 691 2839 nobis
712 2793 798 2855 sunt,
817 2780 868 2840 sed
888 2783 921 2840 in
940 2782 1095 2842 consilium
1114 2781 1188 2842 adeo
1207 2780 1362 2841 adhibendi.

140 2871 280 2934 Debuisse
308 2875 368 2935 illis
388 2874 513 2936 Diotime
524 2922 532 2952 ‚
557 2875 713 2935 mulie'rum
734 2879 964 2958 sapientissima,
986 2881 1121 2954 videtur,
1146 2880 1363 2960 quac'Socratem

139 2971 201 3051 ipsa
222 2971 322 3032 docuit
341 2988 511 3054 perpetuam
529 2997 626 3034 rerum
647 2976 796 3052 omnium,
823 2997 896 3055 quae
917 2979 1050 3038 sensibus
1070 2981 1282 3060 percipiuntur,
1297 2997 1362 3034 com·

139 3089 168 3128 m
191 3071 329 3130 tationem
340 3071 381 3140 2).
423 3074 602 3151 Quamquam
623 3073 711 3132 latuit
729 3074 849 3135 fortasse
867 3096 929 3151 eos,
947 3076 1026 3155 quod
1045 3078 1113 3136 item
1133 3076 1238 3136 divina
1258 3073 1363 3144 mulier,

137 3168 171 3226 in
189 3168 292 3226 iisdem
305 3190 371 3228 cum
385 3169 501 3229 Socrate
522 3170 717 3246 sermonibus,
738 3170 774 3232 de
784 3171 874 3232 altero
885 3175 938 3233 illo
949 3173 1059 3234 mundo
1065 3220 1075 3250 ,Ι
1094 3173 1217 3254 qui{non
1229 3181 1301 3254 p‘atet
1311 3195 1366 3230 sen·

141 3264 238 3339 sibus,
255 3265 292 3323 de
313 3265 400 3325 rebus
416 3270 552 3348 νοηταῖς,
568 3268 604 3329 de
624 3271 711 3342 ideis,
737 3290 809 3349 quae
828 3275 1030 3332 immutabiles
1049 3288 1121 3346 sunt·
1159 3271 1362 3355 pronunciarit.

138 3364 218 3425 illud
242 3387 309 3427 vero
330 3368 422 3427 omnis
439 3371 503 3429 aevi
523 3371 711 3453 philosophos
730 3391 762 3429 ac
783 3368 925 3450 sophistas
946 3385 974 3430 et
995 3372 1082 3431 latuit
1103 3385 1131 3430 et
1151 3371 1254 3431 debuit
1271 3371 1363 3442 latere,

138 3479 279 3544 quotquot
296 3465 414 3546 quidem
433 3468 466 3526 in
487 3468 603 3529 homine
622 3485 736 3552 praeter
752 3486 885 3531 externos
896 3492 996 3530 sensus
1007 3469 1083 3528 nihil
1095 3468 1294 3548 explorarunt.
1312 3469 1363 3525 Har

139 3586 207 3624 vero
227 3565 260 3624 in
282 3586 312 3623 re
333 3587 393 3625 non
414 3565 556 3627 laudandi
574 3569 622 3628 illi
642 3571 727 3630 nobis
745 3569 1007 3650 magnopere„imo
1023 3566 1256 3647 reprehendendi
1277 3566 1364 3626 viden·

138 3644 195 3722 tur.
238 3664 311 3723 Nam
329 3678 440 3745 partem
459 3678 581 3741 tractare
596 3666 816 3750 philosophiae,
834 3668 953 3727 alteram
972 3687 1041 3728 vero
1060 3678 1186 3745 partem,
1204 3685 1274 3742 quae
1293 3664 1364 3742 longe

139 3759 316 3821 difficillima
337 3764 562 3843 gravissimaque
580 3778 641 3839 est,
662 3767 812 3846 ignorare,
844 3766 945 3826 saltem
972 3763 1134 3843 negligere,
1163 3763 1258 3841 ecquis
1276 3762 1364 3820 decere

139 3855 346 3939 philosophum
375 3861 507 3923 dixerit?
550 3864 693 3936 Quocirca
720 3888 781 3926 non
809 3865 907 3946 inepte
925 3862 1011 3923 nobis
1030 3881 1116 3940 supra
1135 3861 1269 3941 suspicati
1290 3859 1365 3918 ride-

139 3973 219 4030 mur,
248 3977 306 4015 esse
327 3959 394 4019 illos
409 3961 621 4038 quodammodo
642 3961 743 4042 specirs
762 3947 906 4024 Platoriici
925 3960 1031 4022 incolis
1049 3957 1177 4033 similes,
1203 3958 1252 4037 qui
1269 3958 1365 4037 pariter

139 4053 260 4112 alterius
278 4055 427 4133 cujusdam
446 4058 570 4134 mundi,
599 4080 683 4138 quem
704 4082 765 4122 non
785 4061 946 4137 ridebant,
968 4057 1082 4140 ignari,
1102 4078 1134 4116 ea
1154 4071 1282 4128 tantum,
1300 4074 1365 4132 quae

147 4242 403 4254 *ι’-ἡ.-

172 4367 198 4430 1)
222 4369 315 4418 Theaet.
332 4367 420 4419 179Ε
451 4401 482 4410 —
502 4371 559 4422 180.
578 4372 611 4424 Α.
633 4372 662 4422 B.

173 4450 200 4512 2)
218 4455 299 4520 Symp.
319 4453 385 4514 207,
404 4454 462 4504 208.
