2872 5122
755 256 812 318 1211

160 419 249 480 nibus
268 421 374 480 nostris
393 432 618 480 consentaneum
628 460 637 494 ,
658 421 709 481 sed
721 418 800 500 quud
809 407 915 484 ’1111111
932 437 992 498 est,
1010 423 1174 502 quaerimus
1184 467 1194 500 ,
1213 426 1373 490 1111111111·

160 521 223 580 niat
241 518 317 593 illis,
339 519 400 580 sive
419 533 567 599 repugnet.
610 518 762 598 Quidquid
780 519 1036 600 igitu1·clamitant
1054 522 1120 600 isti,
1141 523 1314 584 nibilnunc
1326 527 1373 603 qui·

159 617 225 677 dem
246 638 398 676 moramur.
434 616 545 691 Quodsi
562 617 727 696 quaerendo
746 618 883 700 reperisse
902 619 987 680 nobis
1004 619 1162 698 aliquando
1180 622 1316 684 nonnihil
1332 625 1374 686 visi

159 717 316 790 fuerimus,
337 730 399 775 tum
418 714 531 774 scilicet
549 737 608 774 non
627 716 864 796 aspernabimur,
883 716 936 778 sed
950 717 1111 778 redibimus
1130 719 1169 780 ad
1186 720 1253 780 illos
1272 720 1374 796 hilares,

159 812 210 874 sed
228 836 326 874 eorum
345 815 467 874 inventa
486 811 657 893 diligentius
675 814 941 890 considerabimus,
962 817 1080 896 illisque
1092 797 1169 878 *baeu
1193 833 1291 880 nostra
1312 843 1375 880 corr-
1423 772 1428 863 1

157 913 322 996 parabimus
333 937 341 988 3
364 913 390 971 si
407 911 599 993 praestabunt
623 913 693 988 illa,
714 912 918 989 laudabimus,
938 916 1134 997 accipiemus:
1156 938 1224 978 nam
1247 919 1377 978 neminem
1427 895 1428 928 ³

157 1010 289 1086 odimus,
311 1011 495 1088 omniumque
515 1010 633 1070 minime
653 1012 720 1072 illos
746 1011 876 1087 scilicet,
896 1013 947 1091 qui
967 1015 1124 1095 sapientiae
1144 1027 1212 1075 sunt
1230 1029 1260 1076 et
1277 1017 1377 1076 virtutis

157 1110 297 1170 doctores.
339 1108 393 1168 Sin
423 1129 490 1168 vero
517 1129 578 1168 non
609 1109 790 1170 videbuntur
817 1125 976 1191 praestare,
998 1112 1065 1186 illi,
1084 1111 1160 1192 quid
1188 1114 1315 1189 faciant,
1334 1113 1377 1195 ipsi
1426 1089 1428 1124 1

159 1207 314 1270 1111111111·
339 1228 391 1266 nos
414 1206 520 1287 speciei
548 1207 716 1282 veritatem,
743 1208 877 1288 opinioni
896 1211 1089 1290 praeferemus
1117 1211 1279 1274 scientiam.
1319 1215 1378 1272 Cae-
1427 1201 1428 1221 ³

158 1322 250 1367 terum
268 1305 418 1366 scientiam
434 1305 540 1378 nos,si
558 1306 655 1366 minus
675 1320 876 1367 consecuturos.
886 1352 895 1382 ,
916 1321 1011 1382 11111,
1033 1308 1194 1387 cujusmodi
1213 1311 1269 1384 sit,
1285 1331 1377 1372 essecu-

157 1420 236 1465 turos
255 1425 333 1480 esse,
354 1402 547 1477 confidimus,
567 1425 713 1484 speramus
730 1404 846 1464 saltem:
879 1427 964 1484 quam
984 1407 1069 1466 uobis
1086 1409 1240 1488 spem-alit
1259 1407 1378 1470 consida-
1424 1393 1428 1420 ³

147 1505 231 1564 'ratio
242 1549 250 1578 ,
268 1505 375 1581 justam
395 1523 448 1561 nos
466 1502 617 1562 instituere
642 1502 803 1580 quaerendi
827 1504 986 1580 rationem,
1001 1506 1109 1586 quippe
1127 1527 1142 1564 a
1162 1506 1378 1588 nobismetipsis,
1424 1485 1428 1517 ‘¹

83 1653 87 1662 .
158 1602 195 1661 ab
215 1602 346 1676 homine,
367 1600 458 1661 averi
477 1621 572 1660 amore
590 1599 701 1662 homini
717 1601 819 1660 innato
833 1601 1065 1683 proficiscentem
1084 1603 1180 1666 firmat
1198 1619 1295 1666 autem
1314 1625 1379 1686 spem
1426 1585 1428 1616 1

159 1700 241 1761 illam
260 1699 386 1758 maxime
412 1698 461 1758 hic
488 1699 549 1779 ipse
572 1711 671 1758 nostor
700 1699 762 1760 veri
779 1720 876 1774 amor,
897 1703 981 1779 eujus
1006 1701 1113 1778 nobis,
1134 1715 1166 1766 ut
1192 1704 1286 1784 ipsius
1316 1705 1378 1766 ritae

159 1813 289 1874 11111111,
310 1797 420 1859 conscii
438 1817 545 1856 sumus.
586 1794 645 1856 Sed
664 1817 816 1875 sequamur
834 1797 938 1859 ducem
957 1814 1095 1862 nostrum.
1421 1775 1428 1820 1

343 1992 1199 2060 1111111111111111111111111111111.

1425 2082 1428 2116 1

198 2193 281 2253 Plato
298 2191 331 2250 in
347 2189 465 2249 Politia
488 2188 629 2267 ejusmodi
659 2188 743 2251 nobis
773 2188 998 2270 disputationem
1025 2192 1160 2270 reliquit,
1179 2213 1250 2274 quae
1273 2215 1311 2254 ex
1330 2195 1381 2275 ipsa
1426 2180 1428 2213 ³

157 2292 246 2374 petita
264 2289 390 2349 bominis
409 2285 526 2363 indole,
538 2309 595 2346 una
615 2287 711 2347 valere
730 2289 856 2350 maxime
869 2287 908 2348 ad
923 2289 1052 2353 veritatis
1069 2290 1281 2360 vindicandam
1296 2307 1380 2354 aueto-
1425 2277 1428 2312 '³

157 2392 272 2451 ritatem
288 2387 395 2469 possit,
418 2400 446 2446 et
473 2407 541 2446 sane
567 2385 779 2461 adolescentes,
801 2409 871 2465 quos
888 2386 952 2447 illic
976 2388 1172 2467 colloquentes
1189 2411 1256 2450 cum
1277 2391 1381 2452 Socrate
1426 2377 1428 2410 1

157 2490 246 2563 11111,
267 2486 338 2546 tales
358 2485 507 2565 proposuit
526 2483 630 2559 nobis,
651 2485 750 2562 quales
777 2506 828 2544 suo
849 2486 905 2566 ipsi
934 2487 1052 2566 ingenio
1081 2488 1201 2550 insitum
1220 2490 1381 2550 mortalibus
1427 2477 1428 2508 1

157 2587 313 2670 proderent
336 2603 459 2644 amorem
480 2584 551 2644 veri.
574 2581 603 2664 l)
623 2583 680 2642 Sed
698 2584 752 2643 boc
779 2585 859 2645 idem·
877 2584 943 2644 aliis
961 2585 1178 2649 conscribendis
1195 2586 1337 2669 dialogis,
1356 2589 1382 2648 in
1425 2636 1426 2644 ,

157 2687 258 2770 primis
281 2685 454 2755 Theaeteto,
476 2680 543 2741 data
562 2681 647 2762 operi
675 2683 750 2762 egit:
773 2697 860 2761 utque
888 2698 1029 2764 apparent
1055 2685 1114 2742 fere
1140 2684 1267 2747 hominis
1295 2685 1383 2747 studia

157 2784 362 2862 facultatesque
382 2789 414 2840 11
431 2780 592 2855 illustrius,
608 2801 664 2858 quo
682 2781 720 2839 sit
739 2783 930 2861 praestantius
947 2783 1114 2861 ingenium,
1128 2783 1161 2842 in
1175 2805 1231 2863 quo
1245 2805 1279 2846 ca
1293 2786 1381 2867 exple

157 2905 269 2958 ramus,
289 2883 330 2941 ita
347 2883 379 2942 in
403 2881 456 2940 hoc
478 2879 562 2940 nobis
582 2878 696 2958 dialogo
722 2879 865 2961 perfectae
890 2893 1009 2946 naturae
1033 2878 1243 2944 adolescentem
1272 2884 1382 2965 conspi-

157 2982 295 3042 ciendum
313 2977 580 3062 explorandumque
600 2975 691 3036 dedit.
713 2976 793 3039 Fecit
811 2976 922 3038 scilicet
938 2977 1128 3058 philosophus
1148 2980 1245 3042 iubis
1265 2981 1302 3042 de
1323 3003 1383 3044 reru

156 3079 427 3162 disquisitionibus,
448 3076 525 3157 quod
545 3076 577 3134 in
597 3074 774 3134 sermonibus
788 3073 825 3134 de
844 3074 947 3156 pulcro
963 3089 994 3156 et
1013 3097 1106 3136 amore
1125 3078 1303 3158 perfecerat„
1321 3080 1382 3142 Illic

158 3201 210 3240 nos
236 3181 269 3239 in
295 3177 418 3237 mediam
443 3175 582 3236 continuo
605 3173 753 3235 transtulit
781 3173 878 3254 pulcri
899 3173 1130 3254 philosophiam,
1149 3177 1276 3258 imagine
1304 3179 1383 3239 nobis

157 3278 282 3338 Phaedri
301 3273 505 3357 proponendi,
526 3271 694 3354 pulcerrimi
712 3271 909 3362 adoles-centis
921 3285 949 3333 11
966 3293 1104 3353 perquam
1133 3275 1287 3352 amabilis,
1307 3279 1382 3355 cujus

158 3398 225 3438 cum
244 3375 357 3434 Socrate
377 3373 414 3432 de
430 3372 532 3453 pulcro
552 3385 580 3430 et
596 3391 689 3430 amore
707 3391 850 3430 sermones
869 3368 900 3429 id
919 3371 1089 3448 effecerunt,
1105 3387 1137 3432 ut
1155 3394 1213 3434 esse
1232 3375 1382 3438 fateremur

156 3495 281 3536 ¹aratorem
307 3495 367 3534 non
390 3471 512 3532 noxium
539 3468 725 3544 mortalibus,
755 3483 788 3528 ut
814 3468 915 3548 Lysiae
942 3468 1104 3550 placebat,
1120 3470 1170 3530 sed
1196 3475 1382 3534 maximorum
1427 3509 1428 3512 =

158 3574 300 3635 bonorum
318 3584 471 3630 auctorem.
511 3569 619 3628 Pariter
639 3588 718 3629 nunc
738 3566 822 3628 nobis
842 3565 1052 3628 adolescentem
1069 3570 1204 3651 proponit
1223 3570 1325 3632 indole
1342 3572 1382 3632 di·

159 3675 247 3750 vind,
268 3693 328 3730 non
348 3671 520 3742 formosum,
541 3666 651 3726 Socrati
670 3666 742 3726 adeo
761 3665 956 3740 simillimum,
977 3667 1028 3745 qui
1046 3669 1166 3728 aforma
1178 3670 1309 3750 profecto
1325 3691 1381 3732 11111

157 3768 411 3832 commendabatur
429 3785 598 3846 magnopere
604 3789 613 3840 3
635 3765 685 3824 sed
703 3764 807 3838 talem,
826 3763 940 3843 qualem
958 3763 1012 3823 1111
1029 3766 1155 3846 postulat
1171 3783 1381 3848 argumentum,

160 3871 328 3950 flagrantem
356 3866 511 3947 sapientiae
539 3883 651 3938 amore,
680 3862 783 3922 natura
811 3860 1035 3944 philosophum,
1063 3867 1200 3945 cujusque
1227 3869 1260 3930 in
1289 3869 1380 3940 animo

159 3969 287 4029 Socrates
307 3967 422 4025 insitam
441 3962 573 4023 discendi
592 3960 839 4041 cognoscendique
859 3959 1024 4020 facultatem
1052 3964 1091 4022 sic
1118 3965 1224 4025 excitat
1253 3967 1379 4026 sermoci·

159 4067 276 4144 nando,
298 4080 347 4140 ut,
368 4085 440 4144 quae
459 4061 584 4121 hominis
603 4061 639 4118 sit
662 4058 699 4119 ad
720 4060 867 4120 veritatem
891 4059 1099 4118 inveniendam
1127 4060 1241 4122 indoles
1265 4067 1378 4140 natira,

158 4188 287 4249 quaeque
315 4163 423 4223 indolis
451 4163 486 4221 sit
510 4160 596 4238 hujus
616 4157 827 4239 promovendae
855 4157 1136 4238 corroborandaeque
1164 4161 1235 4221 ratio
1256 4165 1378 4244 optima,

160 4282 261 4350 sponte
279 4265 367 4324 simus
386 4260 550 4322 assecuturi.
592 4259 663 4317 Nam
681 4257 779 4332 Plato,
800 4256 879 4335 quod
898 4255 1044 4333 diximus,
1065 4278 1137 4335 quae
1156 4275 1249 4322 mente
1270 4262 1379 4341 excogi-

161 4401 417 4419 ἐ...-

195 4470 221 4540 1)
238 4473 277 4524 11
293 4471 354 4538 rep.
372 4467 418 4517 vi.
