2838 5120
621 263 680 326 ‘tta

56 451 105 508 pon
131 429 234 490 civium
262 428 455 488 conventibus
488 426 654 502 factitabat,
684 446 744 486 non
771 425 995 504 assequebantur
1026 427 1157 506 aequales
1164 454 1174 506 q
1206 451 1264 510 quo

54 528 159 602 accidit,
189 541 220 586 ut
247 527 393 607 peculiare
421 525 474 586 hoc
505 525 653 585 videretur
679 527 857 602 sophisticae
876 545 965 604 genus
993 536 1069 599 esse,
1098 541 1182 607 atque
1203 531 1264 612 ipse

53 649 65 684 a
88 627 211 700 comicis,
241 639 377 703 tanquam
404 647 479 684 unus
508 623 725 704 sophistarum,
753 623 786 682 in
820 643 903 681 scena
923 613 1132 700 traducor-etum
1155 630 1261 706 posteri

52 725 152 782 demum
175 725 211 788 id
237 723 464 797 intellexerunt,
494 736 645 805 postquam
675 742 741 780 cum
769 721 820 780 alii
841 720 995 795 Socratici,
1016 736 1076 780 tum
1097 721 1263 806 Xenophon

51 837 73 881 et
97 823 172 884 Plato
201 823 277 881 hanc
306 843 403 882 reram
431 820 633 894 dialecticam,
662 819 814 880 tradendis
831 821 892 898 ejus
910 821 1111 896 sermonibus,
1126 844 1263 904 exposue-

52 933 117 978 runt.
157 921 192 979 ld
221 933 316 980 autem
346 941 413 1000 prae
443 919 562 978 caeteris
587 919 711 976 maxime
737 917 897 999 patefacere
917 917 996 976 Plato
1016 919 1145 995 studuit,
1165 925 1262 1002 quiet

52 1019 174 1077 rationem
201 1017 483 1095 hujus'dialecticae
501 1029 529 1075 et
548 1018 608 1078 vim
618 1063 626 1089 ,
647 1037 732 1096 quam
749 1018 780 1074 in
799 1015 981 1074 audientium
1000 1019 1109 1076 animos
1125 1018 1242 1083 haberet
1252 1070 1261 1098 ,

50 1116 196 1175 scribendis
225 1116 367 1196 dialogis,
399 1116 595 1196 exprimeret:
611 1143 613 1152 =
627 1114 704 1174 idem
732 1112 803 1172 adeo
831 1112 934 1172 iisdem
963 1114 1103 1195 dialogis,
1124 1139 1196 1198 quae
1213 1122 1263 1182 ’vel

50 1215 100 1293 ipse
126 1217 157 1273 in
184 1215 240 1272 hac
269 1227 329 1272 arte
360 1217 531 1287 invenerat,
554 1214 602 1274 vel
622 1234 637 1271 e
655 1212 778 1272 Socratis
796 1212 974 1290 aliorumque
994 1215 1103 1274 ratione
1122 1218 1263 1296 duxerat,

49 1313 200 1393 complexus
223 1325 282 1370 est:
306 1326 337 1370 ut
358 1312 443 1372 nobis
463 1333 542 1372 nunc
566 1311 683 1390 quidem
693 1357 702 1385 ,
723 1311 747 1369 si
767 1331 916 1390 germanae
935 1309 1103 1371 dialecticae
1123 1319 1264 1378 rationem

50 1431 131 1468 reram
150 1411 261 1488 assequi
282 1411 405 1470 velimus
415 1457 424 1485 ,
447 1429 482 1468 ex
501 1411 548 1468 his
566 1411 688 1468 maxime
707 1408 837 1468 fontibus
852 1408 1045 1468 hauriendum
1065 1413 1110 1472 sit.
1152 1417 1265 1477 Patebit

50 1507 80 1565 ita
98 1510 249 1581 omnibus,
270 1510 348 1588 quod
373 1509 503 1568 nondum
524 1528 621 1567 omnes
640 1507 761 1582 vident,
783 1528 843 1566 non
863 1505 1079 1586 confirmando,
1100 1513 1263 1596 probando,

51 1603 258 1666 demonstrando
285 1621 415 1666 constare
445 1607 647 1680 dialecticam,
668 1604 718 1664 sed
746 1606 871 1686 primum
898 1609 1065 1684 quaerendo
1089 1612 1263 1689 procedere:

51 1725 98 1762 oon
126 1705 252 1764 fructum
280 1725 316 1764 ex
341 1725 373 1762 ea
400 1706 485 1764 unice
513 1705 592 1764 hunc
622 1703 795 1785 capiendum
817 1725 896 1778 esse,
918 1719 966 1780 ut,
988 1727 1060 1784 quae
1078 1727 1146 1766 vera
1167 1712 1264 1770 existi·

51 1817 161 1878 nentur,
183 1803 270 1863 nobis
294 1803 415 1883 aliisque
443 1802 664 1886 persuadeamus
686 1817 770 1881 atquc
791 1825 806 1861 a
827 1801 1059 1862 dissentientium
1077 1807 1266 1887 opinionibus

51 1897 247 1978 defendamus3
279 1901 330 1962 sed
359 1903 390 1961 in
419 1902 539 1982 primis,
571 1914 603 1960 ut
625 1909 816 1960 investiremus
827 1901 918 1974 =vera:
941 1923 993 1960 nec
1013 1914 1125 1964 tantum
1143 1927 1195 1965 nos
1213 1927 1266 1988 per

53 2017 100 2055 can
126 2000 162 2060 ad
191 2001 268 2060 benc
298 1998 503 2081 cogitandum,
543 1998 701 2059 dicendum
741 1998 981 2080 scribendumque
1011 2000 1168 2080 prolicere,
1196 2005 1265 2081 sed,
1322 1991 1326 2000 ⁴

53 2096 114 2170 quod
139 2098 254 2159 Platoni
279 2098 412 2179 placebat
441 2098 635 2177 potissimum,
667 2118 700 2156 eo
727 2096 813 2155 simul
841 2096 938 2156 valere
959 2100 1020 2177 ejus
1038 2099 1166 2158 studium
1182 2124 1265 2182 opor-

55 2206 113 2269 tere,
141 2210 171 2255 ut
202 2198 258 2278 ipsi
288 2197 346 2255 toth
375 2210 470 2255 mente
494 2197 574 2275 quasi
594 2207 811 2254 convertamur
832 2195 869 2255 ad
889 2197 1047 2257 veritatem.
1088 2198 1145 2258 Sed
1164 2198 1200 2258 de
1218 2200 1266 2259 his

20 2349 22 2384 ἱ
58 2291 156 2376 singulis
174 2293 344 2375 singulatim
364 2296 413 2354 ria
433 2309 460 2354 et
479 2295 588 2353 ratione
606 2315 730 2374 agamus.

400 2491 624 2552 Socratica
655 2475 900 2552 dialectica.

87 2686 137 2746 Non
164 2688 293 2749 dicendo
319 2689 411 2748 solum
436 2689 555 2770 publice
581 2704 630 2748 aut
660 2688 820 2768 scribendo
840 2704 991 2748 exercetur
1013 2691 1183 2769 dialectica,
1214 2694 1265 2754 scd

60 2789 219 2861 praesertim,
252 2802 285 2848 ut
309 2788 403 2868 ipsum
432 2787 516 2847 docet
542 2788 611 2845 artis
631 2809 754 2872 nomen,
783 2786 829 2871 τῷ
843 2783 1045 2868 διαλέγεσθαι,
1068 2795 1262 2871 colloquendo.

60 2877 87 2938 ld
108 2899 190 2944 autem
219 2886 345 2945 Socratis
363 2887 543 2946 sermonibus
561 2887 708 2967 proprium
729 2889 803 2964 suit,
838 2905 885 2966 ut,
916 2893 1082 2972 priusquam
1101 2894 1125 2952 is
1140 2895 1266 2971 ⁸iuuenes

57 2977 85 3036 ad
99 3003 187 3042 verum
205 2983 416 3064 assequendum
436 2985 554 3044 duceret
564 3031 572 3059 ,
599 3001 734 3066 purgaret
753 3007 849 3046 eorum
869 2991 979 3048 animos
1001 2992 1148 3064 vanitate,
1170 3005 1266 3048 tumo-

57 3096 92 3150 re,
118 3083 322 3162 praejudicatis
352 3084 488 3162 falsisque
517 3083 722 3163 opinionibus,
751 3087 857 3167 quippe
876 3109 946 3166 quas
966 3087 1111 3167 cogitandi
1131 3087 1265 3146 censebat

56 3190 165 3257 recteque
193 3181 316 3240 dicendi
346 3181 550 3260 scribendique
577 3182 981 3263 gravissimaimpedimenta.
1025 3186 1192 3266 Neglectum
1211 3185 1264 3242 hoc

55 3276 116 3333 omni
136 3299 204 3340 acro
222 3302 237 3337 a
261 3279 406 3360 plerisque
426 3293 467 3338 est
478 3326 486 3354 ,
515 3281 565 3359 qui
585 3279 767 3338 dialecticam
787 3283 991 3343 tradiderunt:
1015 3285 1163 3344 methodos
1181 3304 1265 3363 quae·

55 3371 183 3451 siverunt,
204 3378 312 3456 quibus
321 3423 329 3452 ,
352 3391 488 3457 tanquam
507 3378 723 3452 instrumentis,
745 3382 822 3440 viam
839 3383 969 3441 veritatis
985 3385 1130 3463 aperirent
1140 3409 1148 3461 3
1172 3384 1266 3463 ipsum

56 3489 110 3532 tcto
134 3475 325 3555 cognoscendi
346 3477 526 3556 principium
547 3496 686 3534 summum
697 3523 705 3551 ‚
728 3480 789 3536 veri
811 3501 950 3556 amorem,
972 3484 1022 3562 qni
1042 3503 1170 3556 exserere
1187 3501 1265 3553 sese,
1317 3465 1321 3474 ⁸

56 3569 98 3640 nisi
114 3573 232 3632 sublatis
253 3572 486 3654 impedimentis,
508 3596 567 3634 non
588 3588 697 3654 potest,
720 3576 771 3634 vix
794 3579 991 3639 attenderunt.
1013 3583 1077 3656 Quo
1095 3579 1184 3658 magis
1198 3599 1264 3650 nos,

55 3663 78 3722 in
102 3671 278 3749 exquirendo
300 3671 354 3732 hoc
384 3666 719 3754 principio,.noi3epota
738 3675 819 3735 illam
846 3676 1018 3738 Socraticam
1048 3694 1075 3739 et
1097 3669 1267 3755 μαιευτικήν

56 3761 105 3822 susc
129 3767 340 3849 diligenterque
370 3774 565 3853 exposuimus.
608 3775 716 3834 Verum
742 3775 885 3834 Socratem
904 3775 999 3836 adhuc
1020 3776 1266 3837 consideravimus

55 3857 249 3942 Platonicum,
271 3870 291 3928 i.
313 3890 337 3928 c.
361 3871 402 3929 uti
423 3869 501 3951 apud
518 3873 665 3933 Platonem
685 3897 745 3934 non
764 3894 844 3932 suam
862 3874 969 3949 solius,
1000 3876 1051 3936 sed
1073 3876 1161 3954 hujus
1180 3875 1266 3936 simul

56 3966 207 4024 sententiam
228 3966 372 4044 declarat;
394 3968 442 4027 htc
464 3989 531 4028 vero
550 3993 638 4049 quum
657 3981 735 4051 ipsa,
759 3987 791 4032 nt
806 3973 941 4052 cogitavit
958 3974 1126 4054 locutusque
1142 3989 1197 4049 est,
1217 3976 1266 4034 So·

56 4071 130 4119 nates
145 4078 261 4143 agatur,
292 4065 411 4159 prodeat
427 4066 512 4127 nobis
530 4090 546 4126 e
566 4069 770 4150 Xenophontis
797 4072 1054 4148 Memorabilihus,
1084 4075 1128 4134 nil
1156 4074 1265 4134 habens

56 4153 142 4218 adsciti
152 4175 178 4220 et
189 4163 297 4240 alieni,
319 4164 370 4224 sed
380 4167 438 4240 sic,
461 4181 492 4226 ut
502 4168 630 4242 solebat,
651 4171 781 4250 cogitans
791 4169 957 4249 dicensque.
977 4173 1265 4252 Incidcrataliquan·

58 4248 87 4308 do
104 4255 331 4338 inGlauconem,
347 4264 474 4325 Platonis
493 4267 628 4344 fratrem,
650 4259 792 4343 eundern,
813 4290 897 4348 quem
907 4269 954 4329 hic
966 4269 1108 4331 dicentem
1119 4273 1151 4329 in
1161 4270 1275 4348 Politia,

60 4345 181 4432 indusio
209 4361 346 4436 juvenem
366 4383 427 4422 non
445 4364 519 4424 malo
538 4365 675 4445 ingenio,
702 4366 753 4427 sed
769 4367 1054 4450 inssatnmopinionc
1075 4370 1265 4450 praestantiae

59 4465 112 4506 suae
131 4469 157 4513 et
176 4461 271 4520 nescio
289 4461 361 4540 quid
378 4464 474 4542 magni
493 4478 521 4522 et
539 4465 678 4544 praeclari
698 4487 763 4525 curn
783 4487 832 4547 spe
851 4467 1095 4548 praecipientem,
1116 4481 1178 4528 tum
1192 4470 1265 4544 jam·
