2872 5122
738 253 794 313 lot

153 414 209 476 Hac
236 414 382 489 Socrates,
404 413 490 472 Haud
519 434 570 494 ego
590 421 641 489 te,
662 415 803 488 Diotime,
825 417 939 494 inquit,
960 429 1076 496 propter
1106 418 1273 497 sapientiam
1292 431 1359 476 tuam.

153 511 309 572 admiratus
327 533 430 586 essem,
461 532 514 571 nec
543 511 676 572 discendi
700 535 797 574 caussa
822 513 859 572 ad
882 527 910 572 te
935 516 1136 588 renuissem,
1157 514 1182 572 si
1211 515 1263 574 hoc
1287 531 1356 574 tene·

153 631 221 670 rem.
240 639 274 650 -
311 610 367 671 Sed
394 630 445 690 ego
470 609 543 686 tihi,
564 610 679 689 inquit,
700 611 813 672 dicam:
845 603 904 672 ἔστι
931 606 987 694 γάρ
1014 612 1102 673 τοῦτο
1127 606 1215 686 τόκος
1240 611 1271 673 ἐν
1293 612 1357 697 accipi

152 706 201 767 καί
221 702 293 769 aurii
314 702 351 769 td
373 709 461 786 σῶμα
481 705 529 767 καί
550 702 624 768 nord
644 702 699 790 τήν
719 705 841 792 ψυχήν·
870 727 914 776 eet
932 717 1107 792 leopertus
1120 717 1270 794 inpulere
1288 725 1357 773 ette-

153 813 282 869 cundum
311 831 418 887 corpus
446 820 475 868 et
503 811 664 868 secundum
693 819 837 874 animum.
857 843 892 852 -
922 814 1089 887 Vaticinio,
1110 815 1225 892 inquit,
1246 834 1313 894 opus
1327 826 1359 870 est

153 907 191 967 ad
219 908 270 983 id,
299 907 377 987 quod
405 905 497 981 dicis,
528 907 769 988 intelligendum:
801 912 933 992 equidem
961 934 1020 970 non
1049 912 1191 992 intelligo.
1213 939 1247 948 -
1275 912 1384 970 Dican'

152 1006 240 1086 igitur
268 1004 394 1085 planius.
433 1004 549 1065 Κυοῦσι
574 1000 645 1086 γὰρ,
674 1001 699 1067 ιιι
725 1003 891 1090 Σώκρατες,
917 1003 1022 1084 πάντες
1047 1003 1204 1090 ἅνθρωποι
1230 1007 1278 1070 καί
1295 997 1360 1070 aurci

151 1097 187 1164 τιι
221 1103 308 1182 σῶμα
338 1103 387 1164 καί
417 1101 490 1166 κατιι
520 1101 575 1189 τήν
606 1103 723 1190 wagris·
751 1110 799 1170 καί
826 1106 949 1174 ἕπειιιεινι
970 1107 1001 1171 ἕν
1026 1133 1080 1172 τινι
1103 1105 1200 1196 ἡλικίᾳ
1224 1106 1361 1191 γένωνται,
1419 1177 1420 1180 ¹

97 1221 99 1229 '
152 1201 255 1266 τίκτειν
281 1203 424 1286 dardanii
445 1203 533 1290 ἡμῶν
558 1203 579 1291 η’
606 1204 700 1290 φύσις.
744 1212 851 1272 Omnes
879 1216 1027 1288 homines,
1055 1223 1098 1272 mi
1128 1214 1285 1288 Socrates,
1311 1222 1361 1270 tan

154 1316 273 1384 animo,
293 1332 381 1391 quum
409 1333 529 1390 corpora
539 1360 548 1387 ,
566 1321 739 1390 concipiunt
758 1322 787 1369 et
800 1324 1007 1394 praegnantes
1024 1324 1096 1373 eunt
1106 1310 1119 1382 ,²
1140 1331 1232 1392 quum
1254 1333 1316 1370 nero
1333 1313 1363 1368 od

153 1417 267 1466 certum
295 1410 445 1487 qnondam
474 1421 603 1469 oetatem
627 1423 850 1488 pervenerunt,
872 1433 985 1490 parare
1009 1421 1104 1493 gestit
1127 1423 1244 1470 nutura
1262 1421 1362 1470 nostru.

154 1507 254 1564 Parere
276 1519 386 1582 autem,
409 1509 466 1566 nisi
488 1509 519 1567 in
546 1509 667 1590 pulcro,
689 1510 843 1570 nonlicet.
885 1511 957 1570 Nam
976 1509 1093 1589 quando
1112 1510 1163 1584 id,
1183 1505 1261 1588 quod
1281 1509 1364 1589 grati·

154 1604 223 1664 dum
251 1620 308 1681 est,
329 1608 408 1687 turpi
435 1609 664 1689 appropinquat,
691 1608 807 1668 tristitia
835 1621 863 1667 et
890 1607 988 1667 dolore
1015 1609 1208 1682 contrahitur,
1238 1608 1365 1682 ayenitur

154 1717 237 1781 atquc
264 1703 439 1779 involvitur,
465 1726 517 1765 uec
546 1721 675 1785 generat,
697 1706 767 1780 sed,
787 1704 864 1784 quod
891 1706 1041 1786 concepit,
1063 1725 1144 1785 aegre
1169 1705 1303 1780 cohibet3
1329 1703 1364 1761 sin
1415 1727 1421 1780 g,

153 1821 221 1860 vero
244 1801 346 1882 pulcro
374 1802 544 1878 adhaereat,
566 1803 674 1864 laetitia
692 1806 792 1884 gestit,
813 1803 959 1861 hilaritate
977 1817 1005 1861 et
1023 1803 1171 1883 voluptate
1188 1802 1365 1873 diffunditur,

150 1899 229 1980 parit
257 1913 285 1958 et
313 1915 436 1984 generat.
475 1901 526 1960 Est
555 1903 650 1976 enim,
681 1901 868 1976 oSocrates,
889 1923 967 1960 amor
985 1921 1044 1960 non
1064 1902 1160 1982 pulcri
1177 1921 1276 1977 amor,
1297 1915 1326 1960 ut
1341 1913 1365 1957 tu
1420 1947 1421 1950 ,

69 2041 72 2058 ,
153 2009 254 2076 putas,
274 1995 325 2058 sed
353 1999 546 2078 generationis
574 2013 602 2058 et
631 2014 729 2081 partus
757 2000 788 2059 in
813 1999 934 2081 pulcro,
955 1999 1012 2058 imo
1041 2019 1109 2059 vero
1137 1999 1366 2072 immortalitatis,
1420 2071 1421 2078 ἵ

152 2115 238 2172 quam
259 2116 311 2176 per
332 2098 543 2175 generationem
566 2099 774 2176 consequimur.
787 2122 801 2153 ιι
822 2095 851 2176 Ι)

192 2190 249 2251 Sed
276 2195 406 2274 quamvis
434 2195 473 2252 ita
500 2196 671 2270 sententiam
699 2195 825 2280 amplicat
853 2195 996 2269 Diotime,
1018 2194 1102 2255 nohis
1131 2209 1228 2254 tamen
1257 2196 1367 2255 obscura
1418 2237 1421 2278 t

152 2302 267 2364 manet,
296 2291 354 2349 nisi
380 2290 433 2350 hoc
462 2291 740 2369 animadvertamus,
773 2289 876 2353 τίκτειν
909 2291 988 2374 apud
1017 2291 1159 2367 Graecos,
1191 2308 1224 2354 ut
1253 2290 1367 2352 subinde
1419 2279 1420 2306 ¹

154 2387 240 2447 etiam
258 2387 336 2468 apud
354 2388 470 2447 Latinos
485 2411 615 2466 parare,
636 2391 673 2450 de
696 2394 812 2454 feminis
837 2416 896 2453 non
923 2405 1054 2464 tantum,
1074 2392 1214 2451 seditem
1242 2391 1280 2452 de
1306 2390 1368 2452 viris

156 2487 306 2567 usurpari,
325 2499 466 2565 totamque
485 2487 560 2547 hanc
581 2488 806 2568 disputationem
825 2493 863 2552 ad
882 2490 940 2551 viri
966 2504 1097 2549 naturam
1125 2489 1368 2568 conditionemque

154 2583 264 2644 referri.
305 2585 364 2658 Qui
387 2605 521 2666 corpore,
542 2587 655 2664 inquit,
677 2603 871 2671 conceperunt
889 2609 921 2648 ae
941 2602 1131 2669 praegnantes
1150 2601 1237 2661 sunt,
1258 2587 1297 2647 ad
1321 2587 1369 2646 foe·

154 2682 246 2741 minas
262 2703 291 2741 se
306 2696 495 2743 convertunt:
516 2698 657 2763 quaerunt
671 2701 766 2746 autem
785 2689 918 2769 pulcras:
940 2708 1007 2746 nam
1024 2706 1124 2766 parere
1143 2685 1174 2744 in
1194 2686 1297 2766 pulcro
1316 2704 1368 2766 pos

154 2793 239 2872 suat,
260 2781 292 2840 ιιι
310 2782 388 2862 turpi
417 2803 476 2842 non
500 2797 637 2863 possunt:
660 2799 687 2844 et
714 2787 838 2866 gignunt
865 2787 905 2844 ita
934 2783 1059 2858 liberos,
1080 2797 1239 2864 propagant
1261 2785 1370 2863 stirpem

154 2899 252 2954 suam,
273 2877 348 2938 liunt
375 2880 556 2941 immortales.
578 2879 609 2960 2)
629 2881 664 2942 Id
692 2885 828 2944 transfert
855 2881 963 2943 deinde
990 2882 1114 2941 Diotime
1134 2880 1172 2940 ad
1191 2881 1369 2960 ingeniorum

153 2975 387 3037 foecunditatem.
433 3000 446 3032 ιι
457 2977 549 3056 Sunt,
571 2981 630 3055 ait,
656 2983 706 3060 qui
735 2982 852 3060 ingenio
882 2980 972 3060 magis
1000 2982 1103 3055 etiam,
1124 3001 1209 3060 quam
1239 2999 1370 3059 corpore,

140 3075 214 3134 ¹sint
228 3090 415 3158 praegnantes
432 3091 460 3136 et
478 3076 531 3136 illa
548 3080 752 3159 conceperint,
773 3100 845 3157 quae
873 3080 995 3138 maxime
1024 3092 1134 3160 oportet
1158 3093 1254 3142 mente
1278 3097 1370 3136 conce·

153 3173 245 3253 pisse,
264 3173 433 3256 sapientiam
450 3188 478 3234 et
497 3175 593 3234 nullas
611 3198 671 3235 non
690 3179 823 3237 virtutes:
846 3180 877 3237 in
895 3195 1016 3257 quorum
1034 3196 1138 3256 genere
1154 3175 1294 3236 censendi
1310 3187 1371 3234 sunt

154 3283 182 3328 et
196 3275 298 3350 poitae
309 3291 405 3329 omnes
419 3286 447 3330 et
460 3277 596 3353 quotquot'
611 3273 734 3334 artifices
748 3272 918 3334 inveniendi
937 3273 1034 3334 valent
1050 3273 1204 3334 facultate:
1224 3283 1370 3354 genitores
1421 3293 1422 3296 ¹

152 3381 221 3427 sunt
239 3367 285 3428 illi
305 3368 593 3449 praeclarissimarum
612 3393 725 3431 rerum:
747 3371 870 3430 maxima
895 3385 936 3430 est
964 3386 1058 3431 autem
1080 3385 1108 3431 et
1135 3374 1371 3452 praestantissima

154 3466 311 3546 sapientia,
331 3486 387 3546 qua
405 3468 517 3547 negotia
536 3470 775 3530 administrantur
792 3491 857 3527 cum
876 3469 989 3549 priv'ata
1000 3515 1008 3544 ,
1028 3472 1089 3527 tuni
1108 3470 1235 3549 publica.
1268 3471 1370 3528 Harum

155 3563 294 3622 virtutum
309 3564 333 3622 si
347 3564 411 3643 quis
425 3586 440 3626 a
455 3586 544 3648 puero
558 3567 662 3648 plenus
677 3569 715 3626 sit
728 3582 756 3627 et
766 3567 916 3647 gravidus,
938 3569 1021 3641 θεῖος
1043 3561 1084 3629 aiv
1104 3565 1153 3628 act
1172 3561 1303 3650 ηἰιοιισης
1322 3565 1371 3648 τῆς

154 3653 264 3742 ἡλικίας
284 3658 386 3722 τίκτειν
406 3684 436 3723 τε
457 3661 505 3724 καί
525 3664 625 3744 γεννᾶν
644 3657 705 3746 ἤδη
728 3663 882 3744 ἐπιθυμεῖ·
904 3668 1107 3744 divinasset,
1128 3680 1176 3744 et,
1196 3681 1296 3730 aetate
1314 3691 1370 3729 nm·

156 3773 247 3837 hero,
263 3783 374 3842 parere
385 3773 457 3841 jum
471 3777 500 3824 et
513 3789 662 3850 generare
678 3775 781 3849 gestit.
793 3766 824 3846 3)
845 3769 964 3843 Quaerit
983 3769 1031 3828 hic
1050 3770 1156 3849 igitur,
1176 3769 1210 3828 in
1229 3791 1326 3834 omnes
1344 3789 1370 3828 se

155 3874 248 3941 partes
265 3877 434 3924 convertens
444 3909 452 3938 ,
471 3865 624 3946 pulcrum,
646 3879 677 3924 ut
695 3866 784 3947 possit
801 3867 934 3946 gignere:
957 3887 1023 3925 nam
1043 3868 1075 3925 ιιι
1094 3868 1172 3947 turpi
1191 3889 1251 3926 non
1268 3881 1368 3950 potest:

154 3958 283 4039 pulcram
300 3961 387 4040 igitur
411 3963 530 4024 formam
558 3965 663 4043 magis,
683 3984 767 4043 quam
794 3977 906 4044 turpem
928 3965 1126 4045 prosequitur:
1148 3963 1250 4045 quodsi
1269 3967 1302 4024 in
1322 3963 1369 4024 illa

154 4056 280 4114 animum
307 4057 392 4117 simul
411 4063 547 4142 repererit
564 4061 714 4144 pulcrum,
735 4081 918 4142 generosum,
939 4062 1086 4137 solertem,
1108 4063 1291 4126 vehementer
1308 4069 1368 4124 'am-

197 4213 422 4223 .—-—-——

190 4300 215 4368 tt
233 4305 314 4371 Samr-
332 4300 390 4352 206·
410 4303 438 4353 Β·
459 4303 487 4355 0·

191 4388 216 4452 ι)
235 4389 295 4439 na.
314 4385 371 4436 sos.
391 4388 421 4438 u.

189 4470 215 4535 a)
234 4475 293 4525 aaa
312 4471 368 4523 eoa.
388 4473 415 4523 a.
