2838 5120
613 273 671 334 303

54 438 190 498 cultiore?
205 477 240 490 -
264 427 328 500 jan:
359 450 388 496 et
416 435 580 518 Xenophon
607 435 777 515 disjunctim
805 432 984 496 considerati
1011 435 1049 494 ab
1074 435 1164 496 altera
1183 449 1262 518 parte

56 541 185 596 Persarum
201 533 341 618 perlidiA,
362 535 399 594 ab
418 535 508 595 altera
527 557 577 594 sua
596 524 767 614 suorumque
787 518 955 597 conditione
961 581 971 610 ‚
992 535 1143 617 conjungit
1152 549 1263 594 utram-

8 655 10 662 ’
50 658 113 715 que,
135 633 358 715 jungendoque,
388 634 446 693 imo
483 636 659 714 cogitando,
688 630 760 712 quid
794 631 851 716 sibi
889 632 1032 713 agendum
1061 635 1115 709 sit,
1146 635 1261 716 reperit.

50 733 110 810 Sed,
137 732 372 812 quemadmodum
399 731 606 813 distinguendo
626 729 887 810 conjungendoque
906 730 944 790 ad
959 751 1053 792 rerum
1068 733 1263 812 cognitionem

48 833 184 914 perteniat
209 832 314 908 bomo,
344 831 506 895 dilucidius
533 832 620 890 etiam
638 850 653 888 e
672 828 884 910 Xenophonteo
901 828 1001 891 eodem
1020 831 1053 890 in
1067 851 1152 912 opeoe
1179 851 1259 890 exer·

48 932 111 994 citus
138 932 242 992 Persici
264 929 450 992 adventantis
469 928 666 1010 descriptione
684 941 771 1010 patet.
814 928 939 988 Enarrat
958 949 1018 988 rem
1037 928 1202 1010 Xenophon
1220 933 1260 991 ita

48 1043 74 1086 ut
87 1029 139 1109 ipsi
158 1029 311 1110 apparuit,
333 1042 420 1108 utque
439 1028 501 1110 ipse
520 1042 548 1086 et
568 1027 673 1086 Graeci
702 1025 848 1086 cernendo
862 1027 1070 1107 jungendoque
1088 1029 1260 1121 effecerunt,

47 1141 70 1186 et
87 1149 154 1203 esse,
174 1129 224 1207 qui
244 1127 433 1201 adventaret,
455 1126 614 1185 exercitum
633 1125 799 1199 Persicum,
820 1139 848 1184 ct
864 1124 959 1204 qualis
979 1140 1060 1187 esset.
1101 1125 1167 1186 liat
1198 1119 1259 1210 ἤδη

47 1247 71 1284 τε
89 1219 124 1308 ἦν
144 1221 235 1306 μέσον
254 1219 384 1308 ἡμέρας,
406 1221 455 1289 καὶ
476 1217 558 1284 uincto
580 1225 756 1303 καταφανεῖς
776 1215 853 1305 ἦσαν
879 1219 907 1284 oi
933 1219 1074 1303 πολέμιοι.
1105 1221 1205 1290 Hono
1226 1225 1263 1292 dd

47 1325 117 1410 trita
148 1324 278 1410 ἐγένετο,
308 1321 406 1410 ἐφάνη
438 1321 605 1410 κονιορτός,
641 1318 740 1407 ὥσπερ
766 1321 872 1409 νεφέλη
898 1321 987 1410 λευκή
996 1374 1006 1403 ,
1032 1323 1136 1416 χρόνῳ
1164 1328 1201 1393 dd
1226 1327 1262 1394 osi

47 1433 135 1518 συχνῷ
157 1425 294 1513 ὕστερον,
323 1423 421 1512 ὥσπερ
443 1428 565 1510 μελανία
586 1452 630 1503 τις
651 1427 683 1490 ἐν
704 1427 750 1516 τῷ
770 1427 863 1516 πεδίῳ
885 1425 1024 1491 ἐπιπσλῦ·
1047 1425 1095 1493 ὅτε
1117 1432 1153 1496 δὲ
1175 1429 1262 1518 ἐγγύ-

46 1555 118 1616 τερον
144 1533 305 1616 ἐγίγνοντο,
333 1527 415 1614 τάχα
442 1529 482 1616 dp*
510 1532 560 1594 καὶ
583 1527 693 1613 χαλκός
713 1555 758 1607 τις
778 1526 942 1615 ἤστραπτε,
965 1532 1014 1595 καὶ
1034 1531 1066 1596 αἱ
1085 1530 1192 1619 λόγχαι
1213 1539 1262 1601 καὶ

46 1633 71 1696 ci
92 1630 182 1712 τάξεις
205 1639 382 1718 καταφανεῖς
408 1634 566 1718 ἐγίγνοντο·
588 1633 637 1696 nni
657 1627 734 1717 ἦσαν
755 1631 850 1710 ἱππεῖς
870 1633 926 1716 μὲν
947 1660 972 1698 n.
993 1661 1020 1699 τ.
1043 1641 1069 1699 λ.
1111 1642 1185 1703 Jam
1204 1666 1261 1703 ms·

46 1741 128 1799 tidiss
159 1752 245 1816 erut,
265 1743 390 1798 necdum
407 1742 503 1799 hostes
522 1742 717 1818 apparebant,
760 1739 874 1798 Verum
887 1743 1095 1819 pomeridiano
1113 1752 1261 1822 tempora,

47 1839 118 1896 eccs!
145 1842 252 1920 puluis
289 1840 412 1918 qnidam
443 1847 528 1896 visus
557 1848 602 1896 est
629 1839 765 1896 sublatus
795 1847 941 1916 tanquam
970 1842 1078 1899 nebulo
1108 1843 1261 1919 albicans,

46 1959 126 2015 nequo
160 1948 207 1997 itu
242 1940 336 1997 mulio
359 1947 429 2018 post
457 1937 582 2017 nigredo
610 1944 756 2015 apparuit
784 1939 929 2014 quaedum
957 1946 991 1997 in
1021 1960 1140 2020 campo:
1170 1961 1263 2020 quum

43 2045 155 2114 propius
180 2035 391 2111 accessissent,
422 2036 566 2116 extemplo
593 2043 623 2092 et
640 2057 691 2093 oss
701 2019 821 2110 fulsit,
839 2046 869 2094 st
887 2037 991 2096 dusios
1011 2048 1041 2096 et
1057 2041 1176 2098 ordines
1193 2063 1264 2099 con-

47 2139 258 2210 spiciebantur:
279 2145 309 2194 et
327 2142 441 2214 equites
459 2136 583 2214 qnidam
601 2146 671 2194 caet.
696 2131 725 2214 l)

78 2234 151 2306 Quae
181 2233 337 2314 descriptio
366 2255 424 2292 una
454 2233 486 2291 in
517 2233 617 2313 paucis
638 2233 762 2314 optime,
783 2233 924 2312 quomodo
942 2255 994 2315 per
1010 2235 1185 2316 analyticam
1203 2235 1264 2296 dia-

48 2329 165 2390 lecticam
192 2331 340 2392 cetnendo
367 2330 575 2411 jungendoque
604 2329 641 2389 ad
666 2351 765 2390 verum
795 2332 1016 2414 percipiendum
1043 2335 1265 2415 perveniamus,

48 2431 167 2490 ostendit.
201 2415 283 2490 ‘Nam
311 2429 470 2489 cernebant
497 2429 600 2492 Graeci
618 2428 666 2487 illi
684 2449 699 2486 a
719 2428 805 2492 rebus
826 2431 960 2491 omnibus
977 2453 1048 2512 quae
1068 2433 1264 2514 apparebant,

48 2528 157 2606 primum
182 2531 341 2608 pulverem
369 2530 540 2602 sublatum,
566 2527 617 2609 qui
636 2526 760 2586 nebulae
778 2527 932 2588 albicantis
950 2531 1041 2591 instar
1057 2545 1134 2607 erat,
1156 2531 1264 2592 deinde

49 2631 222 2706 nigredinem
243 2627 389 2706 quandam
407 2627 440 2686 in
461 2645 575 2706 campo,
596 2639 657 2684 tum
679 2645 746 2686 vero
768 2625 922 2706 derepente
931 2630 1091 2709 fulgorem
1104 2651 1262 2689 armorum:

52 2723 149 2786 tandem
175 2725 315 2798 ordines,
345 2725 473 2804 equites,
503 2735 630 2782 caetera:
663 2721 769 2802 quibus
788 2725 922 2784 omnibus
942 2739 969 2785 et
988 2727 1110 2808 singolis
1131 2727 1263 2788 discretis

52 2833 76 2879 et
100 2825 234 2886 universis
258 2824 388 2901 junctis,
418 2822 468 2898 id,
496 2822 574 2902 quod
602 2843 705 2884 verum
723 2837 799 2897 erat,
821 2821 976 2884 aduentare
996 2829 1153 2886 exercitum
1173 2829 1263 2887 Persi·

51 2909 123 2996 crim,
151 2922 386 3002 assequebantur.
429 2919 539 2996 Quodsi
569 2941 629 2978 rem
657 2939 693 2978 ex
722 2921 845 2981 Homero
874 2936 901 2980 et
921 2922 1054 3003 tragicis,
1075 2926 1125 3007 qui
1144 2947 1204 2986 mos
1222 2939 1263 2985 cst

49 3016 177 3096 Platonis,
197 3020 345 3081 illustrare
363 3019 516 3092 volumus,
537 3019 680 3076 Priamum
699 3018 778 3100 apud
796 3019 881 3090 illum
900 3041 1036 3102 senesque
1056 3024 1214 3101 Trojanos,
1232 3023 1264 3104 2)

47 3128 70 3173 et
88 3119 159 3198 apud
177 3119 351 3201 Euripidem
370 3120 403 3178 in
422 3117 586 3177 Phoenissis
605 3119 777 3197 Antigonam
791 3117 822 3200 3)
844 3119 1065 3181 consideremus.
1107 3120 1213 3182 Sedent
1231 3124 1264 3182 in

48 3217 183 3277 moenibus
212 3219 316 3296 Trojae
342 3237 423 3277 senes
451 3216 513 3294 illi5
537 3216 706 3276 conscendit
725 3218 871 3297 Antigone
888 3239 953 3276 cum
970 3219 1132 3301 paedagogo
1152 3221 1265 3280 Theba·

48 3334 99 3372 rum
128 3316 290 3396 speculam:
322 3315 401 3375 unde
427 3335 559 3395 campum
578 3315 827 3391 circumjacentem
845 3318 1036 3399 prospiciunt.
1077 3319 1183 3380 Ubivis
1201 3320 1265 3381 illio

47 3410 106 3489 ipsis
130 3417 270 3475 continuo
294 3415 370 3489 viri,
400 3434 495 3488 arma,
524 3433 642 3487 currus,
665 3414 750 3491 equi,
771 3415 913 3490 tentoria,
935 3416 985 3476 sed
1006 3419 1177 3492 commixta,
1198 3439 1264 3478 con·

48 3508 117 3586 lusa,
145 3514 258 3572 incerta
287 3527 443 3593 apparent:
480 3504 657 3592 ἀστράπτειν
696 3523 775 3571 totus
799 3533 915 3595 campus
944 3536 1086 3574 armorum
1112 3515 1265 3596 splendore

48 3611 197 3692 Antigonae
227 3609 353 3671 videtur.
404 3613 515 3687 Quodsi
550 3611 733 3691 quaerimus,
763 3611 1022 3691 quemadmodum,
1054 3634 1125 3692 quae
1155 3615 1264 3676 incerta

19 3689 21 3701 ¹
47 3705 77 3764 iis
101 3712 193 3790 specie
224 3725 421 3791 apparuerunt
449 3713 554 3788 initio,
584 3712 716 3793 cognosci
746 3709 782 3770 ab
810 3711 912 3771 iisdem
932 3711 1038 3771 deinde
1056 3727 1185 3772 accurate
1203 3733 1264 3774 coe·

47 3806 150 3884 point,
185 3806 296 3866 scilicet
309 3852 317 3882 ,
348 3821 380 3866 ut
406 3810 485 3891 apud
505 3811 581 3892 ipsos
610 3810 702 3891 legere
732 3816 829 3891 poetas
855 3824 913 3886 est,
935 3810 1126 3870 discernendo
1146 3832 1179 3871 eo
1191 3815 1262 3892 jun·
1325 3825 1329 3830 '

48 3904 186 3986 gendoque
215 3922 419 3988 pervenerunt.
461 3911 524 3984 Quo
552 3911 641 3990 magis
670 3933 686 3968 a
714 3910 832 3968 caeteris
857 3910 919 3968 istis
938 3909 1023 3968 rebus
1039 3908 1262 3991 hominibusque

50 4001 180 4063 universis
208 4026 286 4066 nunc
313 4005 392 4065 hunc
412 4007 527 4068 heroem
547 4007 752 4068 discernebant
772 4007 948 4088 diligenter,
968 4028 1047 4067 nunc
1068 4007 1175 4086 alium,
1197 4031 1263 4070 con·

51 4097 247 4183 serebantqpe,
278 4126 351 4182 quae
368 4104 522 4180 videbant,
544 4121 572 4166 et
591 4107 717 4166 invicem
738 4120 765 4165 et
785 4127 850 4165 cum
870 4107 925 4182 iis,
947 4125 1019 4186 quac
1038 4107 1127 4168 fando
1142 4109 1190 4168 vel
1211 4129 1264 4168 usu

51 4235 319 4300 5-

77 4309 101 4362 tt
117 4313 180 4364 Xen.
200 4315 280 4367 Anni.
299 4317 318 4364 l.
337 4313 372 4380 8,
391 4315 415 4368 5.

78 4401 100 4467 2)
118 4407 189 4459 llom.
207 4383 282 4462 lls'ui.⁴
300 4395 329 4462 δ’
349 4428 388 4463 vs.
407 4409 464 4462 160.
484 4427 555 4478 seqq.

78 4494 100 4560 3)
118 4499 204 4568 Eurip.
224 4503 312 4555 Pisces.
330 4520 370 4556 vs.
390 4502 447 4554 105.
466 4519 537 4570 seqq.
