2886 5118
641 250 699 313 iil

463 411 879 478 brenemensem.

101 610 278 680 Ordiendum
305 607 391 672 nohis
420 606 517 676 denuo
547 621 575 670 et
602 607 652 671 hic
680 607 801 689 quidem·
828 607 952 672 maxime
973 627 989 664 a
1010 603 1154 670 nobismet
1174 607 1245 686 ipsis
1264 619 1292 666 et

67 713 148 772 animi
177 708 268 773 nostri
288 721 389 774 natura
412 706 477 766 erit.
520 707 592 768 Nam
611 707 871 786 quomodocunque
890 704 927 767 de
946 704 1007 765 vita
1025 704 1108 766 beata
1125 706 1292 768 existiman·

67 809 129 871 dum
148 828 310 881 censemus,
332 806 394 876 sive
413 827 475 874 eam
495 827 511 866 a
530 805 651 886 physica
672 806 820 881 hominis,
840 824 926 883 quam
945 816 1065 878 uocant,
1086 803 1147 866 sire
1164 803 1293 866 amorali

67 907 227 969 conditione
246 905 484 986 repetiverimus,
507 918 538 963 ut
558 917 634 966 recte
655 902 692 965 de
712 925 743 962 re
761 903 930 984 gravissima
943 900 1126 980 judicemus,
1144 901 1217 980 quid
1232 904 1293 980 jus-

67 1005 124 1064 titia
162 1006 218 1078 sit,
253 1001 424 1083 qualemque
454 1023 513 1065 esse
538 1001 685 1069 hominem
715 1002 875 1084 perlectum
905 1013 1054 1081 oporteat,
1081 998 1182 1061 dedita
1208 999 1294 1080 opert

68 1101 272 1180 exquirendum
302 1114 353 1168 est.
396 1101 556 1180 Utrumque
585 1114 681 1160 autem
707 1099 873 1175 declarare,
895 1099 953 1161 nisi
984 1097 1075 1158 animi
1096 1109 1228 1160 naturam
1246 1119 1294 1157 ex·

56 1201 270 1282 'ploraverimus
295 1200 382 1275 satis,
411 1221 471 1266 non
496 1219 655 1281 possumus.
697 1197 755 1263 Hic
784 1219 853 1258 vero
881 1196 966 1276 longe
996 1194 1163 1276 ampliorem
1183 1195 1294 1276 plenior

69 1319 178 1378 remque
208 1297 433 1379 explicationem
467 1296 523 1358 hoc
551 1313 771 1378 argumentum,
799 1315 885 1375 quant
911 1296 946 1358 in
977 1293 1192 1375 superioribus,
1227 1316 1296 1375 pos-

69 1397 147 1458 tulat.
189 1399 265 1456 Tum
296 1396 374 1456 enim
406 1417 460 1459 nos
485 1395 577 1460 veluti
603 1396 789 1458 instituentes
816 1393 977 1468 bominem,
1008 1389 1250 1472 quemadmodum
1272 1395 1297 1454 is

69 1495 158 1576 pulcri
189 1497 309 1574 verique
342 1514 436 1552 amore
464 1496 620 1568 incensus,
650 1493 762 1573 riteque
791 1493 824 1555 in
853 1494 915 1573 ipso
948 1492 1076 1552 veritatis
1095 1483 1211 1575 ὀργάνῳ
1229 1515 1297 1576 pur·

72 1607 148 1674 gato,
175 1583 291 1672 et'quo
318 1591 402 1653 decet
431 1613 588 1666 converso,
619 1590 655 1659 ad
683 1592 780 1673 pulcri
799 1593 918 1670 verique
938 1590 1088 1654 scientiam
1107 1590 1298 1654 adducendus

73 1706 155 1766 esset,
185 1689 423 1770 inquirebamus:
462 1691 597 1770 quocirca
627 1703 655 1748 ot
682 1679 888 1771 amorcmipsi
906 1688 1027 1754 insitum
1055 1690 1151 1770 pulcri
1180 1693 1299 1771 verique

71 1802 96 1847 ct
123 1811 191 1849 vero
222 1789 277 1850 hoc
306 1780 432 1870 ὄργανον
458 1788 623 1870 explorasse
651 1786 822 1852 sufficiebat.
864 1789 950 1852 Nune
970 1809 1056 1864 uero,
1086 1809 1152 1848 curn
1171 1790 1207 1850 dc
1228 1791 1299 1853 civi·
1338 1803 1342 1810 '

71 1900 122 1946 tate
149 1888 295 1968 agendum
324 1891 409 1950 nobis
436 1889 488 1964 sit,
514 1889 561 1948 cui
585 1887 749 1969 praefuturi
775 1900 844 1951 suut
863 1885 927 1960 illi,
952 1907 1022 1964 quos
1042 1887 1082 1948 sic
1101 1888 1301 1965 erudivimus,

70 1985 150 2046 homo
175 1987 262 2049 nobis
289 2002 366 2053 totus
395 1987 569 2070 penitusque
597 1984 796 2068 explorandus
824 1986 889 2047 erit.
913 1985 997 2046 'Non
1021 1986 1100 2046 enim
1121 2008 1136 2046 o
1156 1987 1255 2068 lapide
1274 2002 1303 2048 et

73 2082 163 2164 ligno,
192 2085 272 2164 quod
293 2087 441 2154 verissime
462 2085 558 2164 aiebat
577 2085 677 2159 Plato,
702 2081 733 2164 l)
760 2083 909 2146 conlectae
929 2082 1062 2150 civitates
1081 2099 1167 2159 sunt,
1195 2101 1227 2146 ut
1245 2107 1303 2147 rna·

72 2181 220 2245 elisarum
241 2185 333 2252 instar
352 2198 540 2246 moveantur:
572 2181 740 2248 hominibus
759 2194 902 2248 constant.
944 2179 1020 2244 Sunt
1039 2195 1134 2245 autem
1153 2183 1304 2246 h'irariae

73 2279 194 2356 indolis,
228 2284 375 2345 variarum
403 2283 595 2357 facultatum,
625 2280 888 2348 diversissimorum
914 2295 1051 2342 sensuum
1065 2301 1111 2343 .ac
1131 2281 1303 2349 studiorum.

73 2378 128 2440 alii
155 2379 194 2446 ad
232 2401 278 2440 eas
308 2381 449 2462 regendos
467 2382 528 2462 apti
549 2394 633 2443 sunt:
659 2378 731 2445 alios
751 2391 779 2438 et
799 2377 884 2458 longe
904 2378 1060 2442 maximam
1078 2391 1189 2461 partem
1208 2383 1268 2464 regi
1289 2404 1305 2443 a

74 2477 309 2556 prudentioribus
338 2494 468 2561 oportet:
499 2493 568 2544 sunt
586 2479 675 2553 item,
705 2478 755 2557 qui
775 2475 914 2558 opitulari
933 2476 1015 2552 illis,
1043 2477 1096 2540 hos
1114 2494 1210 2543 autem
1228 2487 1306 2542 coir·

74 2596 133 2636 cere
160 2576 307 2655 debeant,
340 2577 472 2639 custodes
499 2579 629 2642 ciuitatis
659 2598 692 2639 ac
722 2574 864 2637 vindices.
917 2575 1049 2655 Singulis
1074 2576 1136 2637 illis
1164 2580 1209 2638 sui
1238 2595 1307 2641 sunt

75 2693 181 2750 mores,
211 2696 278 2751 suae
305 2677 529 2757 propensitatos:
556 2677 589 2736 in
609 2676 646 2738 iio
665 2687 779 2747 autom,
807 2672 857 2751 qui
873 2687 1029 2752 reguntur,
1047 2672 1181 2755 infinitae
1198 2677 1259 2738 lere
1279 2693 1308 2739 et

74 2794 193 2833 numero
211 2787 240 2832 et
255 2793 359 2854 genere
377 2773 553 2855 cupiditates
570 2787 647 2837 sunt,
677 2773 761 2834 Hanc
780 2770 930 2834 hominum
950 2772 984 2830 in
1002 2772 1120 2835 ciuitate
1140 2776 1308 2841 varietatem

76 2871 242 2946 attendere,
270 2873 433 2953 perspicere
461 2873 646 2953 praesertim,
684 2867 945 2950 quemadmodum,
984 2871 1169 2932 moderandis
1197 2888 1310 2957 tempo-

77 2969 231 3048 randisque
249 2970 453 3033 diversissimis
469 2971 549 3052 hisee
568 2970 719 3034 hominum
737 2967 925 3028 facultatibus
943 2977 972 3028 et
990 2968 1110 3044 studiis,
1137 2972 1225 3032 saluti
1245 2995 1309 3054 pro-

79 3068 185 3148 spicere
206 3069 334 3134 civitatis
355 3069 458 3145 liceat,
477 3071 583 3130 frustra
600 3068 756 3130 conabitur
773 3087 856 3141 sanc,
873 3066 924 3145 qui
941 3067 1032 3128 animi
1050 3068 1170 3130 humani
1180 3087 1312 3134 naturam

78 3187 135 3226 non
168 3179 272 3236 totam,
288 3167 493 3248 exploraverit.
537 3167 643 3243 Qoidr
672 3165 751 3247 quod
763 3211 772 3242 ,
799 3164 917 3244 moralis
942 3165 1136 3248 politicaeque
1162 3168 1319 3231 doctrinae

79 3265 193 3339 caussa,
224 3265 352 3345 perfecta
383 3266 468 3341 nobis
497 3279 555 3329 tam
586 3266 716 3330 civitatis
742 3285 829 3344 quam
853 3263 1313 3348 hominisimagoadumbranda

75 3363 141 3422 erit.
186 3361 221 3424 ld
251 3364 347 3434 facere
375 3379 472 3440 recte,
501 3366 560 3428 nisi
579 3365 629 3445 qui
651 3365 731 3426 intus
749 3377 842 3424 totum
861 3377 1056 3444 perscrutatus
1075 3369 1204 3428 animum
1223 3368 1314 3429 homi·

80 3461 125 3520 nis
141 3462 206 3537 sit,
235 3475 387 3542 partesque
416 3465 478 3542 ejus
504 3477 533 3525 et
561 3463 716 3524 facultates
740 3463 835 3531 varias
855 3460 1079 3542 diligentissime
1098 3466 1314 3546 exploraverit,

78 3561 143 3635 quis
159 3561 292 3642 poterit?

201 3755 259 3822 Do
289 3766 329 3821 ei
359 3769 515 3820 omorio
542 3762 591 3820 cd
616 3768 820 3820 virtutem
841 3758 1201 3840 felicitatemque

608 3861 797 3919 dominia.

124 4051 329 4134 Exploratoris
357 4069 450 4114 autern
471 4055 556 4115 nobis
577 4056 667 4116 animi
685 4053 805 4114 humani
825 4063 975 4126 naturam,
1005 4073 1065 4112 non
1084 4053 1168 4116 aliud
1188 4073 1229 4118 est
1246 4080 1320 4119 cou-

84 4149 169 4211 tiouo
200 4152 379 4236 principium
409 4152 642 4234 exquirendum,
670 4167 755 4234 atque
785 4149 863 4210 illud
889 4151 963 4226 fuit,
993 4150 1073 4210 unde
1092 4167 1190 4214 omnes
1208 4171 1339 4240 nostrae*

87 4245 123 4306 de
151 4249 257 4330 pulcro
285 4265 314 4310 et
342 4273 411 4315 uero
427 4252 653 4334 disceptationes
672 4253 831 4316 fluxerunt.
872 4254 960 4312 Amor
979 4263 1038 4326 est,
1068 4271 1164 4328 amor,
1183 4253 1320 4333 inquam,

86 4386 348 4402 —t———ffl

89 4471 90 4476 ¹
122 4457 148 4525 1)
167 4461 207 4511 De
219 4462 280 4531 dep.
301 4461 359 4514 Vlll
371 4463 453 4514 initio.
