2872 5122
696 267 701 274 '
752 267 794 328 et

158 433 251 510 λσρσων
279 425 369 492 uitus
393 449 424 490 re
444 426 493 488 sat
513 445 625 501 norme,
647 425 696 489 nuc*
717 422 828 492 tmen
854 424 1075 522 rslmuaiuumo
1092 424 1213 506 αὐτούς·
1236 429 1267 503 ἔξ
1287 421 1325 494 clv
1340 428 1370 493 ri

159 530 297 611 τεττίγων
322 525 403 611 γένος
429 525 492 610 μετ’
519 527 608 591 dasiro
636 524 759 610 φύεται,
785 526 875 613 γέρας
900 535 989 594 redte
1015 527 1096 614 narni
1122 533 1258 594 Mauorte
1280 531 1369 614 λαρόν,

158 631 255 714 μηδὲν
274 632 390 714 τροφῆς
411 633 532 694 return
559 626 726 713 γενόμενον,
747 629 809 694 ἀλλ’
829 629 932 696 ἄσιτόν
947 657 982 698 σε
1002 635 1052 697 sol
1066 630 1175 698 aneso
1189 630 1370 722 εὐθίςᾷδισ,

160 734 217 811 ἕως
237 730 274 798 dv
293 729 462 820 cebamrp'op.
480 736 509 819 l)
530 738 630 815 ltaque
639 781 648 810 ‚
671 737 751 816 quod
774 737 882 820 adiicit
906 737 1053 813 Socrates,
1079 761 1136 798 nec
1155 739 1240 799 nobis
1258 755 1298 800 est
1314 741 1371 798 reti-

160 839 301 912 cendum,
324 854 384 900 tum
402 839 470 919 aliis¹
488 836 632 896 nunciant
650 835 761 910 Musis,
781 838 900 915 quinam
919 837 967 896 hle
988 859 1035 897 eas
1054 839 1176 907 maxime
1193 839 1306 912 colant,
1323 853 1372 897 turo

160 937 308 1018 Calliopae
328 951 356 997 et
373 937 519 1009 Uraniae,
540 935 694 1021 Musarum
712 936 935 1014 antiquissimis,
956 957 1003 996 eas
1022 936 1181 1000 conciliant
1199 938 1373 1018 gratioresque

159 1035 301 1107 reddunt,
321 1036 371 1114 qai
385 1036 418 1104 in
431 1033 614 1115 philosapbia
630 1033 754 1106 vivunt,
768 1054 919 1113 earumque
939 1034 1062 1102 maxime
1081 1036 1217 1102 musicam
1230 1035 1373 1095 celebrant.

200 1134 294 1197 Homo
320 1134 428 1213 igitur,
459 1131 496 1192 de
523 1131 650 1193 Platonis
680 1133 843 1207 sententia,
864 1146 948 1202 natus
976 1145 1018 1201 est
1045 1132 1083 1196 ad
1111 1134 1266 1195 musicam:
1287 1132 1374 1192 natum
1426 1125 1427 1136 ¹

161 1232 269 1312 quippe
289 1232 437 1311 praeditus
455 1229 586 1309 rhythmi
605 1228 825 1308 harmoniaeque
844 1249 929 1290 sensu
949 1244 977 1290 et
995 1230 1101 1313 studio.
1123 1231 1180 1293 Nec
1191 1249 1260 1295 uero
1270 1232 1374 1302 musica,

159 1349 246 1408 quam
275 1343 427 1404 memorat,
449 1327 535 1389 exilis
564 1340 605 1389 est
633 1327 686 1389 ista
713 1341 741 1386 et
767 1326 859 1400 leuis,
881 1347 953 1406 quae
981 1349 1063 1389 aures
1090 1328 1182 1398 solum
1209 1327 1375 1388 modulando

162 1446 350 1506 sonorumque
381 1427 519 1492 varietate
547 1423 709 1501 demulcet;
739 1423 807 1498 sed,
829 1439 861 1483 ut
889 1426 973 1488 modo
999 1448 1052 1497 nes
1078 1426 1177 1488 docuit
1205 1427 1376 1490 Atheniensis

161 1525 282 1604 hospes,
312 1523 364 1596 illa
393 1539 455 1598 est,
484 1545 556 1604 quae
585 1524 618 1584 in
646 1523 759 1598 choris,
784 1523 818 1584 in
845 1525 960 1603 tragicis
988 1525 1192 1584 certaminibus
1219 1539 1248 1584 et
1276 1525 1376 1586 comicis

163 1624 258 1702 viget:
280 1642 352 1702 quae
372 1620 470 1694 decori
489 1621 617 1684 studium
636 1622 669 1681 in
688 1621 793 1685 animis
815 1620 965 1682 hominum
985 1623 1070 1685 unice
1090 1624 1214 1698 excitat,
1233 1645 1332 1704 eosque
1347 1622 1376 1685 ad

162 1714 345 1802 ώρυθμίαν,
367 1713 575 1799 εὐαρμοστίαν,
596 1711 1378 1802 edompootiuqucomponit12)quaeadexoolendun
1426 1749 1427 1802 p

163 1821 309 1885 bominem
337 1822 397 1887 rim
421 1819 508 1882 habet
536 1822 707 1896 maximam,
728 1819 766 1882 ad
794 1820 930 1881 subhmia
959 1819 1073 1893 omnia,
1094 1819 1133 1878 ad
1150 1820 1298 1883 Musarum
1316 1821 1377 1882 anti·

163 1921 312 2000 quissimus
331 1919 482 2000 Calliopen
503 1934 530 1980 et
545 1920 703 1997 Uraniam,
725 1920 744 1988 i„
762 1940 786 1978 e.
808 1918 845 1978 ad
863 1917 995 1985 divinam
1015 1916 1227 1999 philosophiam
1247 1917 1391 1981 hominen.

165 2017 271 2082 evehit.
314 2017 372 2083 sed
401 2032 443 2080 tot
469 2032 537 2081 sunt
564 2018 635 2081 haee
660 2033 688 2078 et
707 2031 787 2082 tanta
805 2017 926 2078 musices
945 2036 1081 2090 munera,
1102 2029 1134 2076 ut
1154 2015 1288 2084 rideatur
1306 2015 1339 2074 de
1352 2017 1379 2074 iis

165 2116 333 2196 singulatim
354 2115 506 2197 agendum.

369 2310 417 2372 De
438 2320 469 2374 oi
488 2320 616 2377 musices
634 2314 674 2374 ed
693 2313 861 2384 recolendos
876 2331 1040 2390 puerorum
1058 2317 1181 2402 animos.

207 2507 328 2571 Initium
346 2506 484 2578 ducamus
503 2509 606 2573 iterum
621 2506 658 2568 ab
676 2508 737 2588 ipsa
753 2506 880 2570 hominis
896 2520 1007 2571 natura.
1033 2505 1124 2569 «Dico
1135 2537 1166 2546 -
1188 2508 1228 2573 ait
1248 2507 1324 2570 idem
1340 2505 1379 2566 ille

166 2604 244 2686 apud
267 2604 417 2673 Platonem
445 2606 630 2669 Atheniensis
658 2604 778 2686 hospes,
797 2625 947 2686 ,germanae
966 2605 1111 2688 principia
1130 2605 1321 2674 institutionis
1338 2625 1380 2664 ex·
1426 2645 1427 2672 ff

166 2693 283 2782 plorans
303 2703 424 2763 -dico
444 2702 596 2782 equidem,
616 2704 741 2784 primum
758 2723 816 2764 esse
833 2723 988 2783 puerorum
1016 2722 1149 2776 sensum,
1171 2702 1344 2784 voluptatem
1360 2715 1381 2760 et
1426 2765 1427 2784 ,

167 2800 293 2868 dolorem
303 2847 312 2876 ,
334 2821 387 2860 nee
414 2802 562 2882 principio
589 2801 696 2876 alium,
717 2815 829 2882 praeter
853 2800 951 2876 hunc,
972 2799 1112 2862 virtutum
1130 2821 1187 2862 esse
1207 2823 1239 2865 ac
1258 2804 1381 2866 uitiorum
1426 2793 1427 2868 l

168 2898 285 2960 fontem.
328 2900 399 2958 Nam
428 2899 602 2978 sapientiam
628 2895 739 2979 assequi
768 2911 796 2957 et
811 2899 923 2967 ratione
944 2897 1111 2958 confirmare
1125 2919 1207 2967 peras
1225 2902 1381 2981 opiniones,

167 2994 267 3059 beatus
294 2996 366 3072 ille,
387 2997 433 3055 cui
463 2995 495 3058 id
521 2996 554 3057 in
580 3011 724 3076 senectute
748 2997 910 3080 contigerit.
942 2994 1062 3055 Sensum
1088 2997 1176 3076 igitur
1203 2997 1283 3068 bunc
1303 3001 1340 3067 ita
1357 2998 1381 3056 iu

167 3115 256 3174 puero
283 3094 432 3168 excolere,
454 3107 486 3154 ut
511 3092 604 3154 oderit
631 3095 788 3172 continuo,
809 3116 880 3176 quae
908 3093 1064 3178 fugienda,
1085 3108 1159 3160 amet
1177 3116 1245 3158 vere
1265 3111 1295 3164 et
1310 3116 1382 3178 appe

166 3207 226 3268 tat,
246 3214 318 3272 quae
338 3192 500 3274 appetenda
519 3206 606 3268 sunt,
626 3192 680 3259 bec
699 3213 783 3255 verae
802 3206 843 3256 est
862 3191 1052 3257 institutionis
1072 3189 1208 3255 officium.
1250 3195 1383 3260 Perfectus
1425 3223 1426 3232 κ

168 3285 308 3353 videlicet
326 3289 411 3350 bomo
430 3291 455 3348 is
475 3304 516 3350 est
526 3334 534 3364 ,
554 3291 605 3369 qui
624 3313 641 3350 a
660 3305 759 3353 tenera
777 3288 848 3350 inde
868 3302 976 3364 aetate,
996 3289 1174 3370 priusquam,
1194 3292 1267 3370 quid
1286 3293 1382 3354 honum

167 3388 222 3464 sit,
243 3387 316 3468 quid
343 3388 469 3463 malum,
486 3387 619 3466 judicare
647 3388 754 3469 possit,
774 3401 874 3470 sponte
899 3409 949 3448 sua
978 3407 1015 3448 ex
1033 3387 1118 3458 rebus
1135 3389 1246 3470 pulcris
1265 3405 1293 3452 et
1310 3390 1383 3450 honis

169 3486 365 3567 voluptatem,
385 3507 422 3551 ex
445 3486 578 3566 turpibus
607 3500 635 3548 ct
662 3487 745 3551 malis
774 3485 902 3552 dolorem
929 3485 1054 3566 ceperit:
1085 3500 1184 3555 nactus
1206 3503 1301 3554 autem
1328 3507 1383 3546 cum

168 3586 278 3647 ratione
304 3583 460 3662 judicandi
491 3584 674 3660 facidtatem,
704 3585 844 3644 rationem
874 3603 938 3642 cum
969 3582 1023 3642 hoc
1051 3605 1136 3650 sensu
1160 3587 1190 3644 in
1222 3601 1384 3658 censentem
1425 3597 1426 3658 t

169 3681 319 3764 redegerit.
360 3683 417 3746 Hic
446 3682 558 3744 scilicet
586 3698 759 3756 concentus,
780 3681 849 3740 baec
876 3677 1034 3760 ξυμφωνία
1063 3683 1124 3768 ipsa
1143 3697 1184 3744 est
1204 3685 1305 3748 virtus.
1335 3679 1384 3752 Sed

171 3802 237 3840 eum
264 3780 339 3842 hanc
369 3795 473 3844 rectam
501 3779 683 3862 voluptatum
709 3795 736 3842 et
763 3779 894 3841 dolorum
921 3781 1144 3848 moderationem
1172 3783 1317 3852 remittant
1334 3782 1384 3840 fere

172 3878 305 3938 mortales
329 3893 357 3940 et
379 3892 546 3960 pervertant
571 3899 789 3963 saepenumero,
810 3878 936 3957 indeque
963 3882 1092 3939 oriantur
1119 3895 1146 3939 et
1164 3880 1234 3942 vitia
1252 3881 1346 3938 omnia
1362 3889 1385 3934 et

172 3998 324 4036 aerumnae
353 3978 554 4058 gravissimae,
583 3977 651 4050 Dii,
680 3975 836 4034 humanum
863 3998 951 4057 genus
979 3979 1123 4052 miserati,
1151 3978 1228 4058 quod
1251 3976 1385 4039 aerumnis

171 4075 249 4134 bisce
277 4076 335 4135 suis
362 4090 390 4135 et
419 4073 568 4134 laboribus
593 4074 807 4150 succumberet,
824 4077 912 4151 sesto
942 4079 1148 4150 instituerunt,
1168 4097 1239 4156 quae
1264 4076 1384 4137 laborum

206 4385 232 4451 η
250 4388 356 4445 rana.
373 4386 433 4440 ess.
446 4385 477 4438 u.
492 4383 553 4447 aaa
566 4385 597 4440 a.
611 4385 641 4442 r.
656 4384 699 4443 c..

205 4471 556 4541 nmmmma
