2838 5120
738 263 798 328 298

160 425 209 488 Sic
244 427 373 486 referunt
406 425 493 509 plane
512 440 615 488 artem
647 426 775 488 Platonis
813 425 1050 509 philosophorum
1078 441 1106 486 et
1133 439 1296 499 stamnum,
1320 429 1358 507 qui

159 526 197 586 de
231 525 394 604 eloquentia
423 540 560 606 egerunt,
589 526 698 606 scripta
727 525 882 606 palmmia:
918 547 1108 606 quamquam,
1136 527 1218 606 quod
1243 527 1360 605 eloquen-

159 631 220 684 tiae
238 623 319 704 apud
337 616 485 684 Platonem
503 623 653 704 proprium
675 639 736 700 est,
766 639 797 684 ut
816 633 882 684 ocri
902 626 986 686 unice
1003 633 1144 705 justique
1166 645 1292 684 amoram
1314 624 1360 703 spi-

132 725 134 732 ’
163 722 207 782 re't
217 768 226 798 ,
247 723 290 782 uti
308 743 344 781 ex
365 723 427 803 ipso
445 722 500 782 hoc
522 723 668 782 Ciceronis
685 723 748 783 loco
773 738 870 806 patet,
891 724 987 784 minus
997 769 1006 802 ,
1026 745 1111 804 quant
1129 724 1214 784 Plato
1231 743 1361 805 praecepe-

157 835 220 899 rat,
241 822 274 882 in
293 823 453 904 praeceptis
471 822 536 903 ipsi
554 822 614 880 suis
632 836 782 883 curarunt.

238 1017 296 1078 Do
324 1026 465 1097 topica
495 1018 767 1080 Aristotelis.
798 1019 858 1078 Ee
887 1019 1096 1080 Plutonis
1121 1020 1306 1077 ducendo
1398 1007 1399 1016 ἵ

521 1118 761 1177 dialectica
789 1119 971 1178 videtur.

200 1313 258 1372 Nec
276 1332 349 1386 vero,
363 1312 635 1395 praetermittendus
650 1311 736 1372 nobis
754 1313 787 1373 in
805 1313 884 1374 hisce
901 1314 981 1375 locus
998 1315 1036 1375 de
1055 1322 1230 1374 inventione
1249 1325 1306 1386 est,
1322 1329 1359 1390 quo

159 1411 320 1474 Aristotelis
338 1433 372 1472 ao
391 1411 538 1474 Ciceronis
555 1412 651 1491 topica
671 1413 855 1472 referuntur:
876 1413 925 1472 hic
936 1459 945 1488 ,
966 1414 990 1472 si
1010 1415 1074 1492 quis
1095 1414 1127 1471 iu
1153 1413 1300 1490 utriusque
1317 1409 1358 1467 rhe

156 1511 271 1586 torica,
292 1531 307 1570 e
325 1511 456 1572 Platonis
474 1509 627 1570 dialectica
646 1524 675 1570 et
693 1510 867 1591 repetendus
886 1525 913 1571 et
932 1510 1126 1593 explicandus
1143 1510 1273 1572 ridetur.
1312 1508 1362 1565 Nan

143 1607 239 1689 'quod
265 1609 429 1670 Platonicae
458 1607 588 1668 methodi
614 1609 763 1689 proprium
783 1611 895 1686 fuerat,
916 1625 961 1670 ut'
976 1611 1013 1670 ad
1040 1609 1256 1672 inveniendum
1280 1606 1362 1668 valeret

160 1709 302 1783 maxime,
324 1691 388 1788 iquo
416 1708 482 1787 quis
503 1699 724 1790 eiectantemque
743 1712 805 1788 ejus
832 1709 928 1769 studio
953 1709 1052 1784 lieret,
1074 1706 1107 1766 id
1126 1707 1238 1787 negligi
1259 1717 1361 1786 posteat

159 1805 323 1868 dialecticis
343 1808 438 1888 coepit
448 1854 456 1883 ,
477 1810 586 1890 quippe
605 1811 655 1889 qui
682 1807 868 1890 disciplinam
887 1807 962 1866 hanc
979 1806 1018 1865 ad
1035 1804 1222 1888 probandum
1241 1799 1362 1883 inprimis

159 1918 192 1964 et
217 1904 474 1966 demonstrandum
501 1907 684 1968 adhiberent.
727 1907 923 1967 Veruntamen
950 1926 1010 1964 non
1036 1905 1098 1986 ipsa
1123 1905 1163 1962 ita
1184 1902 1272 1962 simul
1289 1897 1361 1977 negle
1399 1919 1400 1992 q

160 2016 209 2060 cta
228 2025 244 2062 a
263 2003 380 2064 Graecis
398 2027 443 2066 ars
461 2005 636 2066 inveniendi
655 2006 723 2066 fuit.
764 2005 789 2064 E
811 2000 1259 2082 dialectica,quaeea1nhaud
1281 1996 1360 2058 nunu
1399 2015 1400 2060 1

157 2101 320 2182 capiebat,
349 2103 382 2162 in
412 2117 560 2184 cognatam
590 2103 795 2184 disciplinam,
825 2104 858 2162 in
888 2102 1058 2162 rhetoricam
1084 2099 1243 2180 migravit,
1273 2096 1313 2156 uhi
1333 2089 1357 2148 ad
1399 2159 1400 2176 ,

161 2200 312 2260 Ciceronis
329 2215 405 2262 certe
432 2216 560 2284 tempora
579 2201 675 2262 sedern
703 2204 807 2263 tenuit.
850 2201 1106 2262 commutationem
1134 2199 1176 2258 ita
1207 2207 1354 2280 perrrtrgttm

166 2319 236 2360 sane
266 2319 310 2358 ars
339 2293 514 2380 pulcerrima
536 2299 637 2360 subiit.
678 2301 719 2360 Ut
735 2303 850 2360 anima
876 2300 994 2360 Platone
1023 2297 1070 2358 ad·
1090 2319 1134 2358 res
1160 2289 1356 2377 cognoscendae

160 2397 201 2458 de
221 2396 328 2476 quihus
346 2411 495 2477 ageretur,
516 2397 649 2458 adhibita
677 2400 790 2475 fuerat,
819 2402 858 2459 ita
878 2417 957 2460 nunc
976 2419 991 2456 a
1011 2395 1233 2477 Peripateticis,
1254 2393 1358 2474 prinam

162 2517 220 2575 que
240 2495 276 2554 ab
298 2497 362 2576 ipso
380 2497 531 2557 Aristotele
553 2517 586 2555 eo
604 2495 747 2558 destinata
776 2512 838 2574 est,
865 2511 897 2558 ut
921 2496 959 2556 ad
978 2493 1161 2576 probandam
1191 2493 1360 2552 demonstran·

160 2593 306 2674 dumque,
327 2596 501 2675 omninoque
519 2594 557 2655 ad
575 2596 811 2676 persuadendum
834 2608 1000 2676 argumenta
1027 2607 1055 2653 et
1075 2605 1303 2672 argumentorum
1323 2584 1361 2642 lor·

163 2715 226 2754 mas
239 2707 267 2753 et
282 2694 421 2769 rationes,
441 2715 513 2774 quas
531 2687 653 2768 τόπους,
675 2696 767 2770 lacos,
788 2706 947 2767 vocarunt,
972 2692 1167 2771 exquirerent.
1192 2690 1361 2750 Veruntamen

163 2792 233 2852 haec
255 2793 317 2872 ipsa
343 2791 507 2869 rhetorum,
534 2795 747 2875 qualiscunque
774 2793 911 2866 tandem,
935 2797 1088 2864 meantia,
1107 2788 1250 2868 quamdiu
1276 2787 1304 2843 iu
1320 2789 1361 2838 adt

159 2890 282 2952 dicendi
310 2889 493 2950 obtinuit-
511 2915 579 2954 narn
609 2908 637 2952 et
666 2894 738 2952 hinc
761 2891 879 2952 tandein
899 2889 1015 2949 exclusa
1034 2901 1097 2962 est,
1117 2901 1165 2961 ut,
1188 2885 1261 2974 quid
1283 2883 1360 2957 Topirt

161 2989 215 3064 sit,
237 2990 371 3069 ignorent
391 2989 477 3048 hodie
496 2992 582 3051 multi
599 3029 635 3042 -
648 2990 760 3052 tamdiu
780 3003 808 3049 et
824 2988 988 3048 Platonicae
1005 2985 1192 3060 dialecticae,
1214 3007 1229 3044 c
1248 2987 1360 3062 quantit

161 3101 221 3163 est,
242 3087 401 3150 ubertatem
418 3089 539 3166 retulit,
566 3104 594 3149 et
612 3087 807 3170 persuadendi
834 3087 891 3146 arti
901 3131 911 3161 ,
931 3099 963 3145 ut
982 3086 1037 3166 ipsi
1065 3098 1152 3146 antea
1170 3076 1361 3166 philosophiae,

160 3186 262 3246 lumen
279 3186 417 3248 admovit.
459 3187 545 3262 Quod
565 3209 633 3248 saue
660 3185 819 3248 tenendum
849 3184 933 3246 nobis
951 3184 1087 3259 ridetur,
1109 3197 1141 3243 ut
1157 3182 1195 3242 de
1217 3179 1309 3240 cadem
1324 3172 1360 3230 het

162 3284 289 3344 Platonis
316 3283 495 3360 dialectica,
529 3308 615 3366 quam
644 3287 700 3346 late
727 3285 881 3368 patuerit,
906 3282 1072 3362 judicemus
1098 3295 1200 3356 recte,
1229 3294 1288 3339 turn
1313 3287 1360 3332 vell

161 3383 265 3456 etiarn,
288 3396 339 3458 ut,
359 3383 424 3462 quis
440 3382 510 3444 inde
529 3385 697 3444 etiamnunc
715 3383 753 3442 ad
771 3396 847 3444 reete
862 3380 1128 3464 philosophandum
1146 3380 1260 3438 fructus
1276 3370 1362 3452 capian-

162 3479 218 3542 dus
246 3481 303 3556 sit,
322 3482 540 3563 perspiciamus.
580 3483 749 3543 Recentiore
777 3494 866 3541 aetate
891 3479 1115 3562 philosophisic
1142 3478 1247 3537 mentis
1268 3467 1360 3533 lacrdll·

161 3579 243 3641 tibus
269 3595 350 3640 acute
378 3581 547 3662 copioseque
575 3581 792 3658 disseruerunt,
824 3578 874 3640 sed
901 3577 938 3638 de
959 3579 1118 3654 facultate
1140 3571 1323 3640 inveniendi,
1339 3559 1361 3619 ll

91 3733 102 3742 .
163 3680 394 3760 quaestionibus,
415 3683 489 3759 qaid
508 3690 551 3741 eit
569 3688 707 3741 inuenire
718 3726 729 3757 ,a
749 3680 993 3759 quemndnwdum
1009 3683 1210 3750 inveniatur,
1230 3678 1294 3752 quit
1310 3677 1362 3766 utet

162 3780 338 3838 dialecticae
358 3781 632 3840 adinveniendum
651 3787 712 3856 tot,
739 3779 776 3838 de
798 3778 843 3838 his
867 3777 955 3858 igitur
975 3774 1126 3848 nondum,
1146 3793 1200 3855 pro
1227 3771 1267 3830 rei
1294 3777 1362 3845 ψῃ·

162 3891 221 3937 tate
232 3921 241 3951 ,
268 3879 443 3956 quaesivisse
461 3878 611 3941 ridentur.
653 3877 739 3954 Quod
766 3878 870 3936 mirum
889 3875 1019 3957 profecto
1040 3873 1152 3934 accidat
1172 3871 1256 3931 nohis
1273 3871 1361 3964 nete}se

163 3989 225 4050 est,
246 3977 271 4034 si
289 3991 418 4036 veterum
444 3977 539 4040 studia
569 3978 715 4040 rhetorum
736 3976 914 4057 respicimus.
955 3974 1027 4034 Nam
1056 3972 1135 4052 quod
1158 3970 1191 4030 hi
1219 3967 1254 4028 dc
1279 3963 1360 4064 T⁰p¹⁰a

162 4072 365 4150 affirmabant,
386 4075 462 4136 banc
488 4097 547 4138 esse
573 4077 689 4158 proprie
716 4073 891 4136 inveniendi
917 4085 1026 4145 artem,
1050 4068 1080 4150 Ι)
1110 4069 1142 4128 id
1169 4069 1272 4146 majore
1296 4067 1357 4116 enan

158 4176 226 4254 jure
254 4170 391 4234 affirmari
421 4173 458 4234 de
489 4175 619 4236 Platonis
638 4173 793 4236 dialectica
810 4186 841 4232 et
854 4170 1038 4254 philosophia
1060 4167 1188 4232 videtur.
1227 4164 1292 4224 Nan
1308 4165 1356 4234 pars

163 4287 205 4334 est
231 4273 344 4354 topica,
365 4272 426 4332 sive
455 4274 570 4336 effectus
596 4274 711 4355 potius,
738 4270 906 4332 dialecticae
934 4268 1032 4343 illius,
1053 4289 1125 4346 quae
1150 4259 1291 4326 cernendo
1302 4255 1357 4332 jlss'

198 4482 224 4550 l)
242 4486 430 4538 Inveniendt'
460 4502 529 4548 atre,
553 4503 617 4552 quae
645 4485 756 4552 Topica
783 4483 882 4533 dicim.
914 4477 971 4532 cio.
1000 4479 1054 4549 Tap.
1080 4475 1105 4529 6.
