2832 5120
746 245 802 304 ras
834 208 839 226 “

141 409 277 479 notione,
298 427 369 484 quae
390 427 449 465 non
469 407 564 465 minus
582 407 615 465 in
635 405 762 486 linguis,
782 427 868 484 quam
883 407 915 466 in
930 405 1059 466 Platonis
1077 399 1276 486 philosophias,
1292 425 1348 464 cum

141 507 275 565 destertuit
300 504 418 563 notione
445 505 602 580 conjuncta
619 507 657 562 et'
675 487 757 582 quasi
774 517 894 583 cognata
915 517 966 562 est.
1008 503 1188 584 Exprimunt
1216 518 1350 581 utramque

142 603 299 665 formulae:
320 623 424 660 omero
443 604 570 676 literne,
590 603 755 662 literarum
774 615 842 679 capt
870 604 996 678 ardore,
1017 605 1152 662 &scendi
1171 624 1269 664 amore
1286 603 1350 678 slo-

139 725 252 786 μανι,
273 715 334 759 tum
353 700 408 759 hoo
431 699 527 780 ipsum
549 701 684 760 discendi
703 721 789 758 omer
805 714 833 758 et
856 702 918 781 ipsa
937 701 990 760 illa
1013 723 1071 762 vox
1096 701 1270 762 Graecorum
1294 700 1351 758 illu·

142 803 226 875 stris,
246 794 426 879 φιλοσοφία,
446 798 528 874 cujus
547 799 572 857 si
592 799 732 878 originem
761 813 937 880 spectamus,
957 799 1036 877 quod
1064 801 1165 860 Cicero
1189 800 1250 877 jam
1269 797 1351 874 vidit,

141 900 213 979 quid
231 900 315 960 aliud
332 914 393 974 est,
413 918 499 977 quam
517 904 582 954 vert
602 897 711 955 amor?
736 894 765 976 l)
784 897 922 977 Appellet
940 899 1004 976 quis
1025 899 1114 977 igitur
1129 906 1248 974 pot'tieo
1267 897 1354 956 Plato-

143 1001 188 1058 nis
207 1001 280 1073 isus,
300 997 351 1058 sed
369 997 447 1059 idem
465 995 556 1056 nolim
574 1015 607 1054 ea
626 1009 708 1076 putet
726 1009 858 1056 anatura
873 995 986 1056 aliena:
1009 995 1084 1054 hanc
1105 997 1184 1056 enim
1202 997 1357 1076 exprimunt

143 1096 268 1176 linguae.
310 1095 386 1170 Sed,
407 1097 507 1173 ajunt,
527 1093 582 1152 hoc
605 1094 718 1174 ipsum,
739 1092 817 1172 quod
841 1107 873 1154 tu
900 1095 1045 1174 usurpasti
1063 1094 1234 1172 aliquoties,
1255 1113 1357 1154 omnes-

142 1216 197 1274 que
210 1195 375 1274 lrequenter
392 1206 532 1273 usurpant
551 1199 693 1251 cantatis
711 1193 845 1250 studium
855 1193 980 1272 ,quidni
1000 1191 1031 1252 id
1041 1191 1122 1252 Plato
1133 1193 1307 1279 usurpavit?
1325 1192 1358 1250 sio

141 1292 220 1371 loqui
249 1291 411 1372 praestabat
438 1288 626 1371 simpliciter,
647 1310 733 1368 quam
751 1291 861 1369 poetice
888 1312 1019 1350 canorem
1048 1291 1127 1350 omni
1152 1290 1357 1370 opportunitate

142 1390 295 1450 celebrare.
327 1390 415 1468 Atqui
434 1409 501 1462 vos,
523 1409 539 1446 o
559 1387 629 1447 boni
639 1433 648 1461 ,
669 1386 702 1446 id
720 1389 775 1468 ipsi
794 1389 879 1466 agitis
897 1389 930 1446 in
948 1390 1024 1449 vitae
1044 1387 1274 1461 cousuetudine,
1293 1385 1358 1465 qnod

142 1490 174 1547 in
201 1489 326 1550 Platone
350 1485 580 1568 reprehenditis:
603 1506 701 1544 vocem
731 1489 874 1568 usurpatis
901 1486 1063 1548 identidem
1090 1507 1240 1561 seimane,
1262 1487 1359 1564 linguis

142 1585 323 1646 Germanicis
339 1585 504 1668 propriam,
526 1585 806 1660 woorheidsliefde,
828 1585 872 1644 W
868 1587 1098 1644 olrleitalielrat
1113 1584 1191 1664 quod
1202 1588 1309 1666 pariter
1321 1603 1360 1640 ex·

143 1686 266 1765 primore
283 1698 409 1744 caeterae
433 1683 549 1763 linguae
575 1681 714 1756 student,
735 1683 866 1761 quamvis
885 1683 1051 1760 hujusmodi
1070 1682 1212 1744 vocabulo
1232 1696 1359 1744 carentes.

144 1783 191 1842 Sic
211 1783 286 1842 inest
303 1780 550 1861 ingeniisnostris
560 1825 569 1854 ,
589 1796 711 1858 quorum
730 1781 846 1860 linguae
867 1780 1007 1842 dicuntur
1024 1781 1141 1862 specula
1159 1803 1219 1842 esse
1228 1827 1238 1856 ,
1259 1787 1360 1840 ameria

145 1881 242 1953 notio,
263 1899 352 1958 quum
371 1878 408 1938 de
432 1879 552 1937 veritate
579 1879 696 1956 ejusque
724 1878 819 1939 studio
842 1881 997 1958 cogitamus
1020 1900 1052 1938 ac
1072 1879 1249 1940 disserimus.
1291 1880 1361 1952 Quo-

144 1979 239 2053 circa,
260 1978 284 2036 si
303 1996 363 2036 rem
382 1977 437 2036 rite
456 1974 713 2056 perpenderimus,
735 1976 812 2036 ultro
830 1967 1003 2052 fateliimur,
1024 1977 1057 2038 id
1079 1979 1168 2056 egisse
1188 1980 1221 2038 in
1241 1977 1295 2038 hae
1312 1989 1361 2035 tota

143 2077 309 2156 quaestione
332 2075 499 2148 Platonem,
520 2072 599 2152 quod
618 2095 709 2133 unum
736 2076 859 2134 maxime
888 2073 1062 2156 philosopho
1088 2075 1234 2156 agendum
1260 2089 1317 2148 est,
1336 2085 1361 2130 ut

144 2173 305 2235 naturalem
316 2173 392 2231 hanc
409 2159 513 2232 mentis
527 2185 640 2230 nostrae
655 2173 802 2232 notionem
821 2172 1053 2254 philosophando
1071 2173 1241 2254 explicaret.
1263 2173 1361 2234 Potuis-

144 2287 186 2332 set
204 2287 272 2330 sane
292 2270 358 2329 aliis
372 2268 492 2331 vocibus
507 2269 569 2343 uti,
591 2282 623 2327 ut
635 2269 768 2330 lecerunt
784 2273 816 2330 in
831 2272 946 2351 scriptis
959 2272 1066 2352 posteri
1072 2273 1131 2346 ,in
1148 2273 1255 2352 quibus
1275 2291 1361 2334 occur·

146 2383 215 2430 runt
234 2359 343 2449 ὄρεξις,
366 2360 462 2447 ὁρμή,
485 2361 647 2444 ἐπιθυμία,
668 2381 696 2426 et
724 2357 904 2449 opportune,
925 2369 984 2428 suis
1007 2369 1096 2444 locis,
1124 2369 1171 2432 his
1199 2371 1288 2434 etiarn
1305 2387 1362 2428 usus

146 2483 188 2528 est
201 2469 299 2547 Plato,
316 2469 368 2528 sed
382 2468 523 2528 disserens
536 2469 615 2528 idom
630 2467 666 2527 de
681 2467 735 2526 hoc
748 2465 948 2548 philosophiae
963 2467 1048 2548 longe
1062 2469 1229 2548 gravissimo
1249 2483 1279 2529 ct
1293 2469 1361 2550 prin·

147 2569 210 2649 cipe
235 2568 311 2644 loeo,
329 2569 401 2642 nisi,
425 2567 498 2646 quid
518 2581 589 2626 esset
602 2587 694 2640 amor,
709 2564 838 2644 quidque
853 2564 891 2624 ad
909 2565 1118 2646 explicandum
1140 2567 1269 2628 hominis
1289 2569 1361 2646 inge-

146 2666 228 2724 nium
242 2667 431 2744 animumque·
446 2664 572 2739 valeret,
594 2664 795 2744 explicuisset,
818 2677 941 2727 mentem
961 2665 1022 2744 ipse
1039 2685 1118 2724 suam
1142 2667 1361 2742 sententiamque

146 2766 305 2844 exprimere
319 2765 425 2823 frustra
443 2777 587 2823 tentasset.
620 2762 658 2821 Et
672 2782 739 2822 vero
759 2761 900 2841 nosipsi,
920 2762 1031 2840 quoties
1047 2761 1084 2822 de
1098 2762 1199 2824 eodem
1217 2763 1273 2824 hoe
1291 2781 1362 2842 argu·

145 2875 242 2920 mento
259 2863 320 2924 sive
340 2862 484 2940 loquimur
500 2863 561 2921 sive
581 2859 751 2933 scribimus,
771 2878 828 2937 qno
847 2859 965 2920 tandem
987 2861 1128 2922 vocabulo
1148 2875 1177 2922 et
1195 2863 1324 2924 crebrius
1340 2871 1363 2918 et

147 2958 297 3018 lubentius
325 2960 449 3034 utimur,
470 2979 555 3038 quam
578 2957 678 3018 eodem
701 2955 754 3016 illo
782 2972 879 3018 nostro
906 2961 1314 3037 woorhaidrla'esde?
1336 2953 1362 3033 2)

655 3153 862 3178 m

187 3297 306 3357 Fontem
323 3295 540 3376 indagavimus,
561 3296 635 3355 duee
658 3295 794 3370 Platone,
818 3309 846 3354 et
862 3297 894 3356 ni
909 3293 997 3355 fallor
1006 3297 1175 3378 reperimus,
1197 3295 1360 3378 cognitionis

147 3411 269 3456 nostrae.
311 3397 486 3470 Quaerentes
509 3395 605 3471 enim,
631 3395 704 3474 qnid
724 3402 765 3453 sit
778 3395 916 3470 discere,
935 3395 1054 3454 insitum
1082 3410 1201 3454 naturae
1228 3395 1361 3455 humanae

146 3493 321 3555 attendimus
350 3493 541 3573 cognoscendi
567 3493 695 3555 studium
724 3493 841 3572 verique
866 3513 1007 3568 amorem,
1038 3515 1094 3573 quo
1111 3493 1215 3569 homo,
1240 3493 1360 3553 sensibus

145 3593 328 3667 admonitus,
350 3593 379 3650 in
405 3591 506 3672 primis
534 3590 618 3667 visu,
649 3593 709 3674 ipse
737 3612 790 3672 per
817 3613 845 3650 se
869 3593 994 3672 primum
1017 3591 1055 3650 ad
1074 3592 1188 3678 pplcri,
1218 3606 1281 3652 tum
1300 3590 1360 3650 uni-

145 3712 225 3750 verse
245 3692 283 3752 ad
302 3691 363 3751 veri
382 3690 575 3770 cognitionem
590 3690 734 3771 procedit,
766 3690 916 3770 patuitque
931 3690 1029 3765 nobis,
1059 3691 1187 3769 quaesit
1207 3705 1234 3748 et
1265 3699 1360 3770 quanta

145 3789 182 3848 ad
210 3788 289 3848 huno
318 3785 556 3848 inflammandum
585 3809 709 3847 amorem
743 3787 839 3869 pulcri
859 3788 904 3848 vis
930 3801 957 3846 et
984 3787 1147 3849 efficacitas.
1192 3790 1258 3849 Non
1277 3803 1359 3849 atten-

180 4013 206 4079 1)
231 4015 284 4068 cic.
306 4017 336 4067 de
355 4015 426 4085 Leqq.
446 4013 465 4065 Ι.
481 4012 522 4064 22.
617 4027 623 4046 ·

179 4101 205 4167 2)
223 4101 263 4152 Ex
276 4102 377 4170 linguis
391 4101 433 4167 qui
448 4099 514 4150 haec
528 4115 621 4151 eruere
638 4099 786 4170 diligentius
805 4101 899 4165 velint,
919 4099 1042 4152 Graecam
1055 4101 1188 4154 attendant
1209 4102 1357 4169 praesertim.
1407 4093 1408 4186 l

145 4195 208 4248 Nam
229 4179 314 4265 μάω,
336 4194 405 4246 unde
426 4187 551 4262 μαθεῖν,
573 4177 723 4265 μάθημα,
744 4179 899 4266 μάθησις,
921 4180 1080 4268 μαθητής,
1103 4197 1210 4262 proprie
1231 4205 1303 4248 notat
1320 4211 1357 4244 eu·
1407 4199 1408 4252 l

144 4290 199 4355 pio,
214 4291 338 4352 ᾱεείᾰετο,
356 4305 425 4350 omo,
441 4289 492 4338 imo
508 4304 572 4340 vero
589 4290 673 4356 ipsum
688 4297 728 4339 est
741 4288 823 4340 hocce
845 4288 992 4341 Latinorum
1010 4307 1090 4354 omo,
1101 4313 1103 4318 ·
1116 4288 1186 4357 quod
1205 4286 1356 4358 uanspositis

146 4373 229 4426 literis
246 4375 308 4427 inde
327 4374 462 4426 formatum
482 4383 529 4424 est.
555 4373 612 4426 Non
632 4373 761 4427 latnonmt
776 4374 840 4426 haec
861 4375 964 4443 quidem
980 4376 1160 4446 etymologos,
1177 4375 1225 4428 sed
1239 4376 1266 4426 ln
1283 4371 1356 4444 priuis

146 4459 292 4511 adhihenda
306 4459 488 4526 philosophiae
505 4460 634 4512 ridentur.
