2908 5114
661 274 726 334 375

77 446 114 498 tir
123 484 131 513 ,
151 447 171 498 ι’.
182 461 206 498 e.
217 446 349 497 omnium
360 457 436 514 puae
452 445 539 509 runt,
558 443 656 514 ipsius
670 439 777 514 pulcri
786 485 794 513 ,
813 443 879 498 boni
889 487 898 516 ,
909 449 996 518 justi
1005 489 1014 519 ‚
1024 453 1125 504 cuncti
1143 427 1302 520 summurn,

76 537 147 615 quod
164 544 344 609 imitantur,
365 527 562 615 παράδειγμα.

110 636 200 716 Ipsius
216 635 285 694 haec
307 637 347 695 ita
365 635 613 716 {adumbravimus
642 636 845 720 philosophiae
874 641 1039 706 Platonicae
1055 645 1173 722 caussa;
1198 646 1298 706 valent

76 746 163 793 autem
181 757 241 794 non
260 736 375 810 minus,
395 737 427 794 ni
446 736 594 809 fallimur,
613 734 651 793 ad
671 735 807 796 sublimia
818 753 932 799 sanctae
950 740 1098 802 doctrinae
1118 757 1231 804 nostrae
1241 745 1304 803 effa·

75 845 100 890 ta
117 833 176 893 sive
195 833 369 914 explicanda
389 833 600 912 quodammodo
619 835 681 894 sive
700 835 822 895 interius
841 839 1054 920 perspicienda.
1096 844 1212 902 Dicitur
1230 844 1305 901 inea

76 925 94 990 o‘
115 925 180 1004 Υῖὸς
193 932 248 993 τοῦ
269 930 348 992 Θεοῦ
369 930 488 993 divinae
506 924 695 1005 ὑποστάσεως
716 926 875 1016 χαρακτήρ
900 935 946 1019 l);
980 945 1076 1016 ipsum
1096 961 1125 998 se
1141 960 1199 998 esse
1219 947 1302 998 vori-

75 1043 161 1091 tctam
178 1034 347 1114 profitetur:
370 1026 432 1112 ἒγιιί
452 1032 512 1111 εἰμι
533 1027 641 1114 η’όδὸς
662 1033 713 1096 καὶ
733 1059 753 1115 η
777 1029 907 1117 ἀλήθεια
928 1034 977 1097 καὶ
998 1029 1105 1117 η’ζωιί.
1117 1037 1148 1118 2)
1166 1036 1303 1116 Idemque

73 1131 136 1190 hinc
155 1130 351 1208 discessurus,
372 1134 526 1215 discipulis
546 1157 576 1194 se
594 1139 652 1196 suis
671 1137 750 1196 dixit
780 1137 927 1198 absentiae
949 1159 1016 1197 suae
1037 1136 1244 1198 consolatorem
1260 1156 1303 1193 re·

75 1230 202 1292 licturum
220 1226 262 1291 τὸ
278 1230 417 1311 πνεῦμα
439 1232 486 1314 τῆ
491 1257 505 1307 ς
535 1228 733 1316 ἀληθείας,
756 1231 774 1295 ὃ
797 1229 816 1295 o‘
840 1231 952 1315 κόσμος
979 1230 1015 1295 ov'
1041 1231 1165 1298 deivarae
1191 1237 1303 1314 λαβεῖν,

75 1320 115 1390 ὅτι
135 1325 170 1391 ori
190 1335 307 1414 θεωρεῖ
325 1328 411 1410 αὐτό,
441 1329 514 1396 οὐδὲ
541 1330 672 1416 γινώσκει
700 1331 789 1397 aristi·
817 1331 902 1418 ὑμεῖς
928 1335 982 1412 δὲ,
1010 1341 1126 1418 inquit,
1153 1330 1305 1418 γινώσκετε

74 1426 156 1507 adro,
179 1426 226 1496 ὅτι
247 1431 318 1517 παρ’
337 1432 497 1516 ὐμῖνμὲνει
518 1437 568 1499 καὶ
590 1436 622 1500 ἐν
641 1432 714 1518 ὑμῖν
736 1433 817 1500 ἔσται
843 1441 884 1522 3).
906 1443 979 1501 Nam
1002 1443 1042 1500 ita
1062 1461 1091 1498 se
1112 1440 1304 1520 profectores

74 1532 161 1596 hahet.
183 1538 249 1611 Quo
267 1539 355 1618 magis
373 1541 406 1600 in
426 1541 621 1620 integritatem
639 1563 718 1600 suam
743 1543 951 1602 restituerimus
971 1537 1188 1622 philosophiam
1209 1536 1303 1596 Plato·

75 1634 131 1708 nis,
149 1655 181 1694 eo
200 1636 319 1716 plenius
349 1639 514 1720 percepturi
544 1639 614 1698 inde
641 1639 791 1720 religionis
821 1653 932 1698 nostrae
952 1639 1147 1699 rim'omnem
1165 1650 1193 1694 et
1212 1634 1303 1695 subli-

74 1732 191 1792 mitatem
220 1756 328 1796 sumus.
349 1737 408 1796 Nec
438 1758 508 1798 vero
533 1738 649 1797 mirum.
671 1738 846 1797 Verissimae
873 1736 952 1796 enim
970 1735 1106 1814 religioni
1127 1754 1187 1792 non
1207 1744 1300 1813 potest

74 1850 127 1890 non
143 1833 291 1893 verissima
309 1833 495 1916 philosophia
515 1856 582 1895 cum
599 1835 776 1910 convenire,
795 1848 857 1895 tum
875 1833 970 1892 lucem
988 1832 1147 1891 effundere.

104 2097 503 2170 1tru0t.1ap.aarraerr.1.3.

103 2183 127 2248 2)
143 2186 236 2241 Joann.
260 2189 325 2240 XIV.
349 2187 375 2240 6.
394 2191 475 2242 Deum
492 2204 545 2240 non
571 2188 653 2240 semel
677 2188 774 2254 antiqui
806 2185 982 2238 Hebraeorum
1007 2182 1297 2250 prophetaverim

75 2273 236 2339 appellarunt.
255 2273 312 2325 vid.
331 2273 407 2325 Deut.
427 2273 527 2324 XXXII.
545 2275 571 2325 l·
591 2281 617 2325 et
634 2271 688 2324 Jcr.
707 2273 737 2322 X.
756 2270 797 2322 10.

103 2357 127 2422 ³)
144 2359 237 2412 locun.
255 2359 319 2411 xlv.
339 2358 380 2410 17.
