2832 5120
638 283 693 342 rao

358 361 394 436 0

68 463 230 524 progressum
247 465 375 518 omnem,
397 466 503 524 suoque
519 445 574 525 ipsi
593 442 780 524 indulgentes
800 444 953 506 instinctui
970 446 990 504 i.
1009 467 1035 506 e.
1057 447 1186 508 veritatis
1206 467 1286 508 amo-

69 544 102 616 ri,
124 564 179 602 non
206 557 329 622 possunt
357 564 431 618 non,
452 564 525 621 quae
545 544 590 602 vis
609 557 651 602 est
670 555 804 616 naturae,
825 543 944 602 tendere
965 543 1002 602 ad
1023 545 1173 606 veritatem
1192 545 1284 606 celcr-

66 642 130 700 rimo
156 661 254 715 cursu,
281 661 398 721 eamque
416 627 565 720 attingere.
607 641 699 700 Erant
718 640 842 701 Athenis
861 640 986 701 Socratis
1005 656 1109 715 aetate,
1130 644 1181 721 qui
1201 645 1234 704 in
1252 666 1286 704 eo

66 739 274 798 excitandorum
287 739 469 819 ingeniorum
484 739 649 799 facultatem
664 751 852 818 agnoscerent
869 752 954 817 atque
972 739 1197 816 admirarentur,
1217 763 1286 824 per-

66 837 482 898 ducendarumdesiderarent:
504 837 583 916 quod
603 836 769 918 Xenophon
787 850 907 898 testatur
926 838 958 896 in
977 837 1231 916 Memorabilihus,
1255 839 1297 934 12

66 937 109 1014 qui
122 937 181 1017 ipse
194 933 305 1000 Sricrati
324 951 385 996 suo·
392 955 490 1016 parem
510 936 658 1014 utriusque
678 936 784 1014 negotii
805 935 971 994 facultatem
992 936 1102 997 tribuit.
1144 940 1210 1000 Non
1229 953 1284 1015 cst,
1337 974 1339 980 ·

66 1027 137 1112 quod
160 1057 211 1094 nos
235 1035 289 1095 hoc
315 1033 377 1096 loco
397 1055 457 1092 rem
475 1032 683 1112 dijudicemus:
705 1053 773 1094 nam
791 1047 819 1094 et
837 1034 982 1112 negotium
1000 1032 1209 1096 difficillimum
1229 1051 1285 1114 est,

66 1145 90 1190 et
105 1134 198 1194 minus
216 1154 296 1194 nunc
315 1131 473 1207 Socratem,
494 1153 579 1212 quarn
599 1133 660 1210 ejus
678 1131 867 1213 disciplinam
886 1131 1115 1212 disciplinaeque
1134 1133 1167 1193 in
1186 1135 1286 1215 philo-

65 1229 157 1311 sophia
175 1231 304 1295 Platonis
321 1232 518 1296 auctoritatem
535 1245 704 1311 spectamus.
746 1229 804 1290 Sed
821 1229 899 1290 hauc
914 1227 999 1288 nobis
1014 1229 1231 1309 judicantibus,
1252 1256 1285 1330 ep

10 1395 11 1406 ,
65 1349 125 1390 saue
143 1328 344 1410 praestabilior
360 1329 532 1408 uberiorque
552 1327 684 1403 ridetur,
705 1329 878 1408 quominus
898 1328 1024 1407 ingeniis
1044 1351 1123 1388 suam
1142 1347 1284 1394 monstra·

10 1407 12 1444 ³
65 1426 109 1486 bat
122 1427 323 1508 progrediendi
338 1428 424 1487 viam.
466 1426 621 1508 Aperiebat
634 1425 686 1486 ille
698 1429 842 1504 juvenum
856 1426 981 1500 animos,
1002 1427 1137 1488 eliciebat
1151 1429 1221 1490 indo
1239 1432 1286 1490 fa-

10 1567 12 1604 ,
65 1523 190 1600 cultates,
216 1547 288 1604 quae
317 1525 457 1600 inessent,
484 1525 626 1604 singulas,
648 1545 750 1602 easque
769 1524 865 1584 alebat
884 1537 913 1590 et
930 1524 1147 1585 corroborabat:
1167 1542 1199 1586 ut
1217 1549 1286 1590 vero
1324 1595 1328 1602 ⁴

10 1607 12 1686 i
65 1621 114 1682 hae
132 1623 163 1682 in
182 1623 248 1684 aliis
266 1637 348 1683 erant
367 1621 455 1698 aliae,
476 1623 656 1702 maximeque
675 1617 821 1696 diversio,
843 1623 883 1682 ita
902 1643 981 1682 suam
1000 1624 1135 1702 quisquc,
1157 1646 1209 1705 pro
1230 1625 1284 1692 hac

10 1709 12 1726 ²
66 1734 226 1780 naturarum
243 1720 425 1795 diversitate,
446 1733 474 1780 et
500 1720 742 1800 ingrediebantur
762 1721 839 1782 riam
857 1733 886 1779 et
904 1720 1056 1797 tenebant,
1079 1741 1164 1800 quam
1194 1723 1285 1784 diari-

65 1818 157 1898 plinae
173 1819 421 1899 praestantiamet
436 1820 517 1898 quasi
532 1817 711 1878 fertilitatem
730 1819 887 1878 certissimo
905 1818 1076 1878 documento
1086 1820 1285 1899 probathisto·

64 1917 102 1974 ria
128 1916 336 1998 philosophiae.
378 1919 451 1978 Nam
481 1937 517 1976 ex
545 1917 629 1976 nulla
656 1917 829 1997 prodierunt
856 1929 936 1976 tanta
964 1917 1117 1993 uarietate,
1139 1939 1198 1980 non
1219 1921 1285 1981 dico

65 2015 239 2096 philosophi,
259 2015 312 2074 aed
325 2015 564 2096 philosophorum
579 2028 670 2074 sectae
686 2028 714 2074 et
728 2015 869 2089 familiae,
890 2035 975 2092 quam
994 2035 1030 2074 ex
1050 2014 1194 2079 Socratica
1213 2019 1285 2078 hao-

65 2135 101 2174 re.
146 2113 242 2174 Seeuti
267 2128 335 2172 sunt
352 2113 497 2174 Zenonem
516 2112 620 2187 Stoici,
642 2114 800 2194 Epicurum
819 2107 970 2194 Epicurei,
994 2127 1039 2188 ut,
1060 2135 1132 2192 quae
1152 2117 1285 2195 magister
1322 2097 1326 2113 ¹

11 2201 12 2206 ἵ
65 2225 252 2292 praeceperat,
279 2213 432 2272 maximam
461 2225 571 2292 partem
589 2210 745 2291 diligenter
762 2210 902 2292 discipuli
921 2226 1083 2272 servarent:
1107 2212 1185 2272 unde
1204 2235 1285 2274 oom-

10 2303 11 2306 '
66 2311 140 2372 muni
155 2331 252 2370 omnes
269 2311 387 2370 nomine
397 2310 485 2370 Stoici
505 2323 533 2368 et
543 2308 679 2390 Epicurei
690 2309 763 2368 dicti
778 2292 855 2374 sunt.
877 2308 935 2370 Sed
944 2308 1088 2371 Socratem
1101 2313 1151 2389 qui
1166 2312 1285 2374 audire·

67 2409 190 2483 runt,sic
206 2408 244 2466 ab
259 2430 292 2468 eo
302 2409 411 2488 singuli
422 2407 562 2488 singulari
581 2408 692 2468 ratione
710 2407 821 2468 exculti
832 2408 963 2481 sunt,sic
974 2402 1137 2489 semetipsos
1155 2431 1206 2470 suo
1224 2413 1287 2488 qui·

14 2506 17 2524 '
66 2507 211 2586 quemodo
226 2507 445 2588 explicuerunt,
465 2521 497 2566 ut
510 2528 562 2588 pro
577 2528 628 2566 suo
641 2508 748 2586 quique
762 2507 881 2587 ingenio
895 2505 1182 2588 philosopharentur,
1204 2531 1286 2568 suum

67 2607 164 2686 quique
179 2607 235 2667 iter
250 2606 448 2680 instituerent,
469 2605 600 2687 plerique
616 2607 863 2666 novarum'essent
878 2618 1018 2666 sectarum
1032 2618 1169 2664 auctores.
1210 2607 1287 2668 Fons

67 2704 117 2762 fuit
138 2703 282 2764 Socratica
306 2702 464 2784 disciplina
480 2703 656 2776 uberrimus,
679 2701 757 2762 unde
775 2717 867 2762 sectae
887 2703 919 2760 in
937 2721 1035 2760 omnes
1053 2717 1147 2782 partes
1166 2724 1286 2784 magno—

67 2823 115 2880 que
134 2815 299 2862 numeroet
317 2803 423 2879 majore
443 2803 527 2862 etiam
545 2801 717 2882 placitorum
738 2802 890 2876 varietate,
911 2815 1048 2879 tanquam
1068 2799 1173 2873 rivuli,
1196 2799 1289 2860 dima-

69 2913 174 2960 natent:
201 2899 357 2982 eademque
381 2899 555 2980 disciplinae
578 2898 665 2977 hujus
689 2897 870 2960 foecunditas
895 2900 927 2958 in
950 2896 1078 2956 Platonis
1100 2897 1285 2978 disciplinam

68 2999 139 3076 quasi
152 3012 307 3080 propagata
325 3010 382 3083 est,
402 3015 475 3076 quae
493 3011 521 3056 et
540 2996 726 3058 Academicos
746 2997 869 3076 protulit
888 3011 916 3056 et
935 2997 1138 3076 Peripateticos
1158 3011 1187 3070 et
1206 2998 1283 3057 Neo-

69 3095 234 3176 platonicos,
256 3097 313 3155 imo
334 3115 402 3157 vero
417 3096 488 3176 ipsis
506 3095 610 3156 Stoicis
625 3109 652 3155 et
671 3095 837 3176 Epicureis,
851 3095 983 3172 quamvis
997 3092 1116 3160 aliunde
1133 3094 1217 3168 orus,
1234 3095 1289 3154 ali·

70 3206 187 3252 mentum
200 3194 335 3275 praebuit
349 3214 416 3280 sane
430 3214 515 3271 quam
535 3193 764 3254 saluberrimum
807 3193 879 3252 Nam
897 3191 977 3272 quod
996 3191 1124 3250 Socrates
1141 3181 1286 3252 monendo
1328 3174 1332 3184 ¹

70 3289 292 3372 cohortandoque
318 3305 346 3350 et
371 3290 550 3351 sermonibus
576 3292 755 3365 instituerat,
781 3290 814 3351 id
839 3291 961 3371 perfecit
986 3289 1066 3348 Plato
1091 3309 1155 3346 cum
1183 3289 1298 3364 simili,

70 3392 188 3464 quamvis
206 3389 411 3470 diligentiore,
441 3388 616 3469 disciplina,
638 3402 699 3448 tum
717 3389 831 3470 scriptis
856 3389 999 3462 maxime,
1020 3386 1126 3465 quibus
1143 3385 1287 3448 Socratem
1318 3415 1321 3422 ·

72 3490 179 3564 posteris
199 3489 339 3567 nobisque
357 3487 441 3546 etiam
461 3487 515 3546 hoc
533 3501 658 3567 tempore
678 3486 866 3546 disserentem
889 3485 1194 3567 philosophantemque
1204 3508 1212 3558 ,
1235 3507 1288 3546 ve-

73 3582 117 3644 luti
136 3587 235 3650 virum
256 3586 436 3659 etiamnunc,
452 3586 694 3666 repraesentavit:
719 3583 850 3664 idemque
870 3585 1052 3646 institutioniv
1068 3583 1215 3642 doctrinas
1234 3584 1288 3642 ad-

72 3683 176 3758 junxit,
197 3685 363 3765 praesertim
388 3683 617 3757 mathematicas,
645 3703 705 3742 non
729 3703 786 3759 quo
810 3683 886 3744 viam
913 3682 1065 3755 definiret,
1086 3701 1158 3760 qnae
1183 3681 1287 3760 cuique

15 3827 16 3866 3
75 3797 134 3841 esset
153 3783 239 3843 anxie
259 3780 417 3855 seruanda,
438 3781 489 3841 sed
507 3796 543 3842 ut
556 3765 646 3862 inagis
664 3781 748 3842 etiam
765 3781 884 3840 insitum
904 3781 1016 3842 homini
1035 3780 1097 3840 veri
1115 3799 1237 3838 amorem
1259 3795 1289 3839 et

15 3885 27 3939 't
76 3880 198 3940 excitaret
216 3879 361 3958 aleretque
381 3892 409 3938 et
428 3880 587 3960 prudenter
608 3892 725 3958 regeret.

108 3975 282 4062 Scdagimus
297 3977 333 4036 de
345 3999 544 4058 progressuum
559 3976 703 4036 celeritate
713 4023 722 4052 ,
732 3999 788 4056 qua
806 3977 948 4058 insignem
963 3999 1021 4037 esse
1040 3967 1208 4056 μαιευτικήν
1228 3977 1288 4057 ipse

15 4063 17 4154 l
78 4073 148 4134 uobis
172 4076 429 4157 praestantissimae
458 4074 632 4154 disciplinae
661 4089 761 4134 auctor
789 4076 873 4134 modo
903 4074 1066 4160 affipmavit.
1114 4076 1210 4136 Nolim
1238 4073 1287 4132 hic

80 4173 188 4251 cogitent
207 4174 326 4234 lectores
340 4173 514 4232 celeritatem
530 4173 612 4232 illam
628 4173 779 4247 discendi,
801 4195 872 4251 quae
889 4173 976 4235 hodie
990 4176 1170 4256 praesertim,
1191 4171 1288 4232 ubivis

82 4267 128 4328 fere
143 4273 173 4332 in
190 4272 361 4333 cultioribus
379 4272 509 4351 Europae
528 4273 661 4351 populis,
683 4270 913 4346 commendatur«,
934 4277 1017 4352 cujus
1031 4273 1203 4358 praestantia
1225 4269 1289 4326 bre·

112 4495 133 4558 l)
149 4497 252 4550 Mernd.
271 4497 286 4546 4
