2872 5122
645 280 700 340 119

58 441 149 522 vulgo,
165 448 344 520 principio,
366 438 444 500 unde
463 440 680 518 inchoandum,
701 441 821 522 officio,
841 441 948 520 quihus
964 440 1164 522 fungendum,
1177 447 1259 524 finis

56 561 103 618 quo
118 537 296 600 tendendum
315 552 365 599 est.
389 537 418 619 l)
435 537 493 598 Sed
513 540 545 598 in
565 541 626 602 veri
645 539 828 621 philosophia
847 540 1012 622 philosophi
1028 540 1065 600 ad
1084 542 1171 606 finem
1191 546 1268 606 festi·

56 650 116 696 nant
132 638 218 698 citius
237 638 344 718 vulgo,
359 658 445 716 quam
462 659 515 718 par
537 651 596 712 est,
615 640 767 716 statimque
785 637 924 698 disserere
943 637 980 697 de
998 660 1066 700 vero
1076 685 1085 714 ,
1104 639 1139 700 de
1159 641 1269 704 mundo

56 734 151 821 νοητῷ,
170 736 207 796 dc
226 736 457 818 metaphysicae,
484 757 569 814 quam
598 725 723 814 secant,
744 737 900 817 principiis
921 737 1033 796 solent:
1061 751 1137 798 certe
1156 742 1272 821 princi-

56 839 139 918 pium,
161 834 239 915 quod
257 834 405 911 diximus,
432 833 608 894 Socraticum
627 847 655 894 et
678 834 877 908 Platonicum,
899 855 1048 912 ommam,
1078 837 1271 918 negligentius

60 935 212 994 attendunt.

86 1015 145 1108 Quo
171 1033 260 1114 magis
288 1053 340 1091 nos
368 1031 537 1116 continuo,
553 1043 585 1090 ut
609 1030 689 1090 Plato
714 1031 804 1104 fecit,
826 1029 960 1090 innatum
988 1030 1067 1092 hunc
1096 1031 1181 1092 nohis
1208 1034 1271 1094 veri

55 1153 163 1191 amorem
190 1128 423 1211 explorabimus:
450 1141 478 1190 et
505 1130 631 1210 primum
657 1127 775 1208 quidem
802 1149 956 1209 puerorum
995 1128 1184 1192 observandis
1210 1132 1271 1193 sive

55 1230 256 1290 adolescentum
280 1227 402 1304 studiis,
433 1228 609 1306 inquibus,
631 1241 663 1286 ut
692 1229 732 1287 ait
755 1227 874 1301 Cicero,
895 1227 957 1307 ipsa
986 1241 1089 1288 natura
1118 1229 1212 1289 elucet
1237 1231 1270 1290 in
1298 1296 1301 1310 ι

53 1330 157 1410 primis:
189 1343 251 1389 tum
276 1328 401 1387 maxime
418 1325 634 1405 quaestionibus
651 1324 835 1406 explicandis
853 1326 1046 1405 gravissimis,
1073 1323 1146 1404 quid
1165 1327 1202 1388 sit
1221 1329 1271 1387 di-

54 1411 140 1502 scere,
158 1426 231 1505 quid
244 1429 364 1501 docere,
383 1446 455 1504 quae
473 1447 545 1484 voro
562 1426 600 1486 sit
608 1426 776 1503 eloquentie
784 1469 793 1500 ,
804 1445 877 1504 quae
887 1432 999 1502 optimo
1014 1427 1164 1484 scribendi
1173 1435 1268 1486 ratio:

53 1547 112 1604 quae
139 1539 215 1584 recte
236 1524 395 1605 explicari,
415 1523 473 1583 nisi
500 1543 537 1582 ex
564 1524 626 1584 veri
643 1543 738 1583 amore
758 1522 900 1582 humanae
921 1537 1040 1584 naturae
1056 1523 1192 1605 proprio,
1209 1547 1270 1586 nou

53 1638 174 1704 possunt,
195 1622 266 1683 hinc
294 1636 388 1682 autem
416 1621 591 1703 explicitae,
610 1620 647 1680 ad
674 1619 752 1680 idem
776 1619 830 1680 hoc
854 1621 950 1680 omnis
978 1622 1150 1702 cognitionis
1168 1623 1268 1704 philo-

53 1723 210 1804 sophiaeque
238 1721 418 1802 principium
446 1721 568 1780 interius
601 1718 822 1802 percipiendum
848 1719 908 1779 vim
937 1718 1087 1796 habiturae
1114 1722 1267 1782 maximam

54 1820 187 1882 ridentur.
229 1821 288 1879 Nec
305 1819 429 1878 deerunt
448 1818 534 1879 nohis
559 1816 629 1877 haec
653 1817 874 1896 exquirentibus
892 1819 1142 1898 opportunitates,
1161 1820 1268 1898 quibus

54 1919 80 1978 in
96 1939 206 1979 omnem
225 1918 420 2000 exspatiemur
437 1917 656 1996 antiquitatemt
677 1914 756 1995 quod
765 1936 858 1996 neque
868 1915 1062 1994 injucundum
1077 1918 1133 1977 erit
1141 1933 1169 1978 et
1177 1941 1267 2000 peru-

53 2018 112 2094 tile,
131 2020 188 2079 imo
217 2039 286 2078 vero
312 2014 350 2076 ad
377 2036 456 2091 rem,
485 2036 570 2094 quam
588 2014 808 2096 indagabimus,
835 2014 1034 2097 reperiendam
1065 2018 1263 2078 necessarium.

53 2118 113 2176 Nam
129 2118 209 2178 Plato
227 2113 440 2196 philosophiam
467 2135 561 2189 suam,
590 2136 650 2174 non
660 2160 669 2190 ,
691 2128 722 2173 ut
748 2115 907 2194 systematis
926 2127 1025 2173 auctor
1044 2114 1149 2192 aliquis
1159 2160 1168 2189 ,
1190 2114 1265 2180 libro

53 2214 154 2274 cuidam
173 2215 312 2290 inclusit,
334 2212 385 2273 sed
403 2213 613 2272 hunc·scilicet
641 2214 673 2272 in
693 2210 810 2272 modum
839 2212 972 2292 scripsit,
994 2225 1026 2271 ut
1045 2213 1175 2273 veritatis
1202 2213 1265 2274 vir-

55 2316 163 2395 tutisque
190 2313 286 2373 studio
314 2310 352 2371 ad
380 2310 538 2371 dicendum
564 2310 807 2389 scribendumque
837 2312 976 2371 excitaret
1002 2332 1086 2389 quam
1114 2310 1263 2392 plurimos.

55 2412 128 2472 Unde
153 2414 186 2472 in
214 2411 294 2472 omni
322 2410 488 2493 literarum,
509 2409 676 2491 praesertim
703 2409 845 2490 oratorio,
876 2429 996 2490 genere,
1026 2411 1179 2469 auctoritas
1204 2413 1265 2489 ejus

54 2513 157 2592 antiquo
177 2532 248 2572 aevo
268 2529 377 2570 summa
396 2509 470 2568 fuit:
489 2529 542 2568 uec
559 2507 646 2588 plene
658 2503 775 2590 'percipi
803 2505 891 2566 hodie
914 2508 1069 2568 multorum
1080 2555 1088 2584 ,
1117 2509 1264 2596 neipsius

54 2609 153 2686 quidem
179 2607 378 2670 Demosthenis
406 2618 434 2664 et
459 2606 623 2682 Ciceronis,
651 2606 757 2688 scripta
781 2619 920 2686 possunt,
941 2607 997 2664 nisi
1026 2606 1107 2665 lectis
1134 2620 1263 2665 accurate

55 2710 206 2788 penitusque
225 2707 381 2788 perspectis
407 2705 534 2765 Platonis
560 2702 690 2784 dialogis.
732 2702 789 2762 Sed
808 2703 877 2762 hinc
905 2704 1012 2766 factum
1035 2706 1103 2764 item
1131 2719 1190 2779 est,
1212 2718 1263 2780 ut,

54 2827 99 2882 quo
106 2807 189 2886 magis
206 2805 393 2885 nosmetipsos
403 2804 434 2864 in
445 2823 557 2864 omnem
571 2803 751 2882 antiquitatis
765 2816 794 2862 et
808 2801 954 2882 cogitandi
973 2817 1000 2862 et
1018 2802 1178 2862 disserendi
1189 2803 1261 2862 scri-

55 2901 181 2984 bendique
199 2903 337 2962 rationem
355 2900 598 2962 insinuaverimus
604 2922 736 2980 ,quoque
750 2901 860 2982 'scripta
866 2945 875 2976 ‚
894 2922 966 2979 quae
985 2922 1022 2962 ex
1042 2902 1121 2962 t'onte
1132 2901 1263 2962 Platonis

57 3017 207 3078 manarunt,
223 3002 380 3079 palmaria
399 2999 616 3080 cognoverimus
630 3001 772 3076 interius,
788 3020 820 3060 eo
841 2998 925 3077 nohis
947 3000 1111 3060 Platonicae
1130 2999 1261 3081 philoso-

57 3098 123 3177 phiae
138 3101 281 3183 principia
299 3112 456 3181 appareant
473 3096 642 3158 dilucidius.
683 3097 757 3157 Inde
780 3085 875 3157 autem
889 3097 1033 3179 capiamus
1051 3098 1261 3178 disquisitionis

58 3211 149 3256 nostrae
164 3198 202 3258 de
219 3199 281 3260 veri
300 3217 394 3256 amore
413 3195 548 3272 initium,
571 3195 649 3256 unde
667 3210 753 3256 totam
778 3194 916 3255 duximus
936 3197 1110 3278 superiorem
1129 3193 1260 3280 disputa-

58 3295 160 3373 tionem,
179 3320 196 3356 a
212 3295 336 3359 Socratis
352 3293 432 3376 apud
451 3293 598 3354 Platonem
617 3295 651 3354 in
668 3316 792 3372 amorem
812 3295 954 3355 encomio.

82 3502 101 3570 l)
117 3506 167 3562 Cic.
184 3506 322 3562 dolencort.
339 3503 359 3558 1.
377 3503 400 3558 1.
419 3503 470 3556 hue
487 3511 514 3555 et
525 3501 549 3554 5.
634 3555 637 3562 ,
