2886 5118
49 400 124 478 gines
144 395 350 470 attenderunt,
380 396 432 456 sed
444 399 577 459 invoces
595 398 735 458 continuo
755 398 848 458 veluti
868 398 1052 457 venationem
1073 401 1279 474 instituerunt,

51 510 78 554 ut
98 496 207 555 nullam
234 518 292 554 non
314 495 430 554 obviam
449 509 477 554 et
496 496 587 576 ipsam
607 497 755 576 explicare
773 511 802 556 et
819 496 891 558 inde
909 495 1105 556 demonstrare
1126 501 1279 581 opiniones

49 616 108 653 suas
127 596 298 654 niterentur.
327 592 535 653 Perturbarunt
567 595 655 672 igitur
676 599 773 654 omnia
784 641 793 670 ,
819 595 1000 675 suscepitque
1020 595 1090 653 hinc
1110 597 1283 676 etymologia

48 692 121 772 apud
139 713 288 771 germanos
310 714 369 750 non
388 691 481 750 solum
501 693 716 770 grammaticos,
738 694 789 753 sed
810 692 999 773 philosophos
1021 694 1106 751 etiam
1127 695 1278 753 infamiam

48 789 205 867 quandam,
235 791 317 867 cujus
342 789 403 870 ipsa
433 787 506 848 adeo
534 788 699 868 linguarum
727 790 912 872 philosophia
942 791 1085 870 particeps
1107 792 1172 850 luit.
1217 794 1278 852 Hoc

49 910 109 948 vero
129 908 165 946 ne
196 889 423 960 committamus,
451 885 502 945 sed
522 901 642 962 contra,
671 889 900 968 elegantissimae
921 887 1117 965 disquisitioni
1137 909 1220 947 suum
1236 911 1279 948 re·

48 989 191 1044 stituamus
204 985 351 1046 honorem.
363 986 434 1043 Nam
446 984 800 1068 secundumpraeceptum
811 985 939 1046 Platonis
950 1007 1009 1044 non
1021 1005 1057 1042 ex
1073 986 1197 1064 imagine
1216 986 1280 1046 dis-

47 1104 103 1142 cere
121 1098 148 1142 et
167 1085 321 1162 imaginem
341 1100 369 1143 et
389 1084 541 1144 veritatem
562 1099 692 1165 oportet,
714 1085 765 1144 sed
786 1084 855 1142 hacc
877 1083 961 1160 louge
976 1080 1102 1142 καλλίων
1118 1083 1166 1142 καὶ
1182 1105 1276 1165 corpa-

50 1177 133 1262 ota'po
144 1175 165 1261 η’
178 1175 320 1260 μάθησις
339 1196 399 1256 cst,
420 1178 453 1241 ἐκ
467 1180 522 1261 τῆς
536 1177 682 1262 ἀληθείας
697 1176 831 1264 urirq‘ru
847 1174 941 1262 adtriti
951 1185 1082 1259 efficere,
1103 1183 1152 1244 καὶ
1167 1180 1223 1267 τήν
1235 1186 1278 1247 εἰ·

47 1305 108 1342 tono
122 1278 231 1362 αὐτῆς,
245 1281 270 1342 εἰ
289 1277 463 1362 πρεπόντως
479 1280 638 1362 εἴργασται.
670 1288 755 1359 Rem,
775 1287 798 1344 si
821 1286 938 1343 sortasse
960 1285 1128 1345 etiamnunc
1150 1291 1277 1349 nonnul·

47 1386 78 1443 lis
94 1385 269 1444 subobscura
291 1399 353 1458 est,
375 1387 465 1465 ipsius
487 1385 633 1443 illustrare
654 1384 782 1442 Platonis
801 1382 934 1462 exemplo
956 1382 1051 1441 liceat.

80 1484 171 1556 Quum
199 1481 314 1541 tradere
336 1484 359 1542 is
381 1484 412 1540 in
434 1483 589 1543 scribendo
612 1484 753 1560 Sophiste
775 1482 952 1539 verissimam
978 1479 1175 1559 dialecticam,
1203 1505 1275 1562 quae

45 1579 180 1639 cernendo
194 1579 405 1658 jungendoque
421 1594 547 1654 constat,
568 1583 751 1652 instituisset,
773 1599 832 1638 non
850 1580 991 1638 continuo
1009 1577 1098 1637 verba
1118 1581 1180 1658 illa,
1199 1601 1272 1660 quae

49 1681 159 1751 excitat,
177 1677 311 1758 διηθεῖν,
331 1677 468 1753 dioneia,
483 1671 629 1758 βράττειν,
640 1675 796 1758 διακρίνειν
807 1675 845 1758 l),
862 1676 978 1751 similia,
996 1675 1177 1757 exploravit,
1200 1694 1231 1739 ut
1241 1700 1277 1738 ex

46 1775 93 1850 his,
102 1793 239 1858 tanquam
260 1782 322 1841 veri
341 1781 535 1859 imaginihus,
556 1778 696 1840 cernendi
716 1779 799 1837 illam
817 1789 906 1834 artem
925 1772 1067 1850 efficeret,
1086 1775 1138 1836 sed
1158 1779 1276 1858 ingenio

47 1874 98 1953 ipse
113 1897 162 1936 suo
181 1878 396 1956 excogitaverat
414 1876 490 1938 hanc
512 1893 612 1951 artem,
633 1891 694 1936 tum
714 1898 784 1939 vero
794 1874 956 1955 exprimere
967 1885 995 1930 et
1012 1870 1174 1949 declarare,
1195 1874 1274 1954 quod

46 1976 256 2052 excogitaverat,
279 1976 373 2050 nisus,
396 1977 428 2034 in
448 1976 495 2035 his
513 1977 611 2036 verbis
631 1977 687 2036 sihi
706 1976 786 2035 risus
805 1987 847 2032 est
866 1971 1010 2029 cernendi
1031 1970 1114 2029 illam
1125 1972 1274 2031 notionem

46 2067 262 2148 deprehendere.
306 2074 364 2132 Nec
385 2074 443 2133 alia
464 2073 537 2133 ratio
556 2094 654 2132 eorum
674 2093 733 2132 esse
752 2067 890 2145 ridetur,
920 2069 971 2146 qui
988 2069 1121 2146 quamvis
1140 2089 1218 2144 non,
1241 2084 1274 2129 ut

44 2167 130 2244 Plato,
159 2169 337 2230 inveniendi
360 2186 430 2238 sunt¹
451 2171 590 2231 facultate
617 2170 764 2253 praediti,
793 2172 915 2228 inventa
935 2166 1065 2224 Platonis
1083 2167 1271 2248 interpretari

45 2265 162 2326 student:
191 2268 272 2347 quod
293 2269 455 2348 cujusmodi
474 2271 530 2345 sit,
559 2291 612 2329 usu
635 2268 769 2348 equidem
788 2267 819 2326 in
839 2265 886 2325 his
905 2262 1126 2324 conscribendis
1145 2264 1272 2344 philoso-

46 2362 120 2441 phiae
145 2367 314 2426 Platonicae
344 2368 440 2427 initiis
459 2369 572 2449 saepius
593 2382 731 2449 expertus
748 2387 819 2424 sum.
863 2353 935 2422 Nam
955 2382 1013 2440 quo
1031 2363 1119 2441 magis
1138 2383 1182 2420 me
1203 2364 1273 2422 iusi·

47 2481 126 2522 nuare
153 2463 308 2544 cogitando
329 2466 540 2545 scribendoque
560 2468 591 2526 in
615 2468 782 2526 interiorem
802 2447 890 2540 hujus
909 2459 1112 2541 philosophiae
1131 2462 1269 2520 rationem

45 2561 174 2636 conabar,
195 2583 229 2621 eo
246 2563 376 2623 crebrius
396 2565 469 2623 mihi
491 2585 594 2625 vocum
614 2566 646 2624 in
665 2578 790 2622 mentem
810 2562 907 2634 venit,
929 2578 1003 2636 quae
1025 2559 1057 2615 iu
1073 2560 1201 2636 antiquis
1217 2579 1270 2617 nec

45 2657 128 2717 minus
157 2663 189 2720 in
222 2663 431 2722 recentioribus
463 2664 571 2744 linguis
601 2660 633 2722 id
664 2662 751 2742 plane
781 2659 960 2720 videbantur
981 2656 1160 2734 exprimere,
1191 2657 1270 2735 quod

45 2753 118 2835 longa
135 2759 332 2840 disputatione
352 2762 495 2841 explicuit
514 2763 604 2822 Plato.
647 2759 768 2833 Veluti,
791 2770 822 2816 ut
842 2757 889 2815 his
909 2768 990 2826 utar,
1011 2752 1172 2812 sexcenties
1188 2772 1270 2812 usur-

45 2871 165 2929 paveram
190 2857 320 2917 dicendo
347 2859 558 2938 scribendoque
578 2879 684 2932 voces,
713 2854 933 2916 maanteed
942 2853 978 2910 cl
986 2858 1000 2908 i
1008 2853 1079 2926 esd
1087 2872 1115 2925 e,
1145 2841 1165 2907 ὅ
1174 2870 1267 2930 ργα-

45 2971 98 3025 να,
115 2963 359 3037 rintuigen,
381 2958 710 3029 wourhet'drzin,
733 2953 969 3026 oordoelen,
990 2946 1167 3030 noluero,
1189 2977 1267 3013 oer-

45 3073 148 3127 nere,
176 3064 355 3130 pretore,
383 3063 599 3134 cogitare,
628 3052 925 3129 onderwq'jzen,
954 3058 1204 3132 onret'gnor,
1229 3055 1267 3112 si·
1321 3073 1330 3090 ·

45 3151 115 3209 miles
133 3152 205 3210 alias
223 3151 406 3228 innumeras,
431 3174 636 3233 usurpaveram
655 3166 750 3211 autem
760 3197 768 3226 ,
792 3163 823 3208 ut
842 3170 940 3208 omnes
959 3149 1068 3224 solent,
1090 3149 1151 3209 vim
1170 3171 1268 3210 earum

45 3249 175 3328 propriam
191 3269 252 3307 non
268 3269 439 3330 magnopere
450 3251 614 3310 attendens.
647 3252 730 3309 Nunc
749 3269 816 3308 vero
837 3247 967 3307 Platonis
984 3247 1140 3326 exquirens
1159 3247 1267 3328 placita

12 3331 15 3338 ³
44 3343 74 3402 de
86 3348 228 3428 principio
248 3349 424 3427 cognitionis
443 3349 702 3431 philosophiaeque
718 3367 842 3420 summo,
863 3345 943 3424 quod
965 3347 1025 3406 veri
1047 3366 1127 3404 amor
1146 3361 1206 3421 est,
1228 3347 1265 3406 de

44 3445 161 3504 sensibus
179 3458 207 3504 et
223 3466 281 3524 quo
298 3467 350 3527 per
367 3467 414 3506 eos
435 3447 520 3507 modo
541 3467 586 3520 res
608 3466 825 3526 cognoscamus,
848 3444 886 3503 de
903 3462 989 3500 seusu
1009 3443 1127 3505 interno
1148 3458 1176 3504 et
1197 3445 1278 3524 quid⁴

42 3541 73 3598 sit
99 3542 226 3617 discere,
257 3544 329 3621 quid
346 3545 499 3622 judicare,
530 3545 602 3624 quid
624 3547 693 3603 item
713 3541 832 3617 docere,
861 3561 1003 3622 quaenam
1024 3539 1095 3600 adeo
1116 3557 1144 3601 et
1164 3544 1288 3628 quales¹

42 3638 92 3698 sint
109 3641 276 3701 dialecticae
297 3643 424 3702 methodi
445 3644 617 3723 primariae,
638 3644 684 3702 his
705 3644 794 3722 igitur
814 3640 851 3700 de
881 3641 968 3699 rebus
990 3638 1097 3719 placita
1112 3630 1269 3716 exquirens

43 3738 202 3816 tradensque
233 3724 380 3813 Platonis,
412 3741 561 3801 attendere
589 3763 669 3800 nunc
691 3739 807 3798 demum
829 3741 889 3799 vim
911 3757 1013 3798 vocum
1033 3735 1151 3794 illarum
1169 3740 1263 3818 coepi.

43 3831 82 3891 sic
99 3857 150 3895 usu
170 3839 231 3918 ipse
250 3859 312 3897 meo
332 3837 434 3913 didici,
455 3838 528 3918 quid
547 3853 618 3899 esset
636 3838 754 3899 tandem
773 3838 957 3897 Platonicum
978 3832 1075 3908 illud,
1090 3853 1151 3892 non
1170 3855 1187 3892 a
1206 3856 1269 3895 ver·
1298 3861 1300 3866 ’

42 3930 81 3990 bis
98 3935 133 3993 ad
151 3957 212 4008 res,
231 3937 292 3994 sive
312 3936 349 3994 ab
368 3936 544 4016 imaginibus
562 3937 600 3997 ad
620 3938 789 4009 veritatem,
811 3934 861 3994 sed
885 3946 1004 4006 contra,
1025 3953 1041 3989 a
1064 3953 1160 3991 rerum
1180 3933 1271 3993 intel-

43 4027 150 4108 ligentia
170 4035 208 4093 ad
229 4035 382 4094 verborum
402 4034 650 4110 observationem,
673 4056 688 4091 a
710 4035 829 4094 veritate
848 4045 996 4112 perspecta
1015 4028 1053 4088 ad
1079 4033 1140 4107 ejus
1161 4033 1264 4113 imagi-

43 4147 86 4185 nes
112 4131 301 4192 attendendas
323 4131 555 4211 judicandasque
582 4131 798 4213 procedendum
817 4150 893 4216 esse:
922 4128 1040 4188 lectores
1064 4143 1177 4204 autem,
1199 4133 1265 4211 opi-

48 4315 287 4329 ἡ’--ι--.-.----.

76 4438 101 4501 ι)
118 4443 188 4510 sapa
207 4443 264 4495 eac
285 4443 313 4494 a.
