<?xml version="1.0" encoding="UTF-8"?>
<!DOCTYPE html PUBLIC "-//W3C//DTD XHTML 1.0 Transitional//EN"
    "http://www.w3.org/TR/xhtml1/DTD/xhtml1-transitional.dtd">
<html xmlns="http://www.w3.org/1999/xhtml" xml:lang="en" lang="en">
 <head>
  <title>
</title>
<meta http-equiv="Content-Type" content="text/html;charset=utf-8" />
  <meta name='ocr-system' content='tesseract 3.04.00' />
  <meta name='ocr-capabilities' content='ocr_page ocr_carea ocr_par ocr_line ocrx_word'/>
</head>
<body>
  <div class='ocr_page' id='page_1' title='image "./initiaphilosoph02heusgoog_0339.png"; bbox 0 0 2908 5114; ppageno 0'>
   <div class='ocr_carea' id='block_1_1' title="bbox 128 231 1377 1273">
    <p class='ocr_par' dir='ltr' id='par_1_1' title="bbox 128 231 1377 1273">
     <span class='ocr_line' id='line_1_1' title="bbox 722 231 783 314; baseline 0 0"><span class='ocrx_word' id='word_1_1' title='bbox 722 231 783 314; x_wconf 84' lang='lat' dir='ltr'><strong>sis</strong></span> 
     </span>
     <span class='ocr_line' id='line_1_2' title="bbox 130 409 1374 496; baseline -0.003 -20"><span class='ocrx_word' id='word_1_2' title='bbox 130 416 242 491; x_wconf 84' lang='lat' dir='ltr'><strong>altum,</strong></span> <span class='ocrx_word' id='word_1_3' title='bbox 272 415 368 496; x_wconf 87' lang='lat' dir='ltr'><strong>prouti</strong></span> <span class='ocrx_word' id='word_1_4' title='bbox 399 410 664 494; x_wconf 87' lang='lat' dir='ltr'><strong>praestigiatoribus</strong></span> <span class='ocrx_word' id='word_1_5' title='bbox 688 411 819 474; x_wconf 86' lang='lat' dir='ltr'><strong>tabulata</strong></span> <span class='ocrx_word' id='word_1_6' title='bbox 838 424 925 487; x_wconf 90' lang='lat' dir='ltr'><strong>sunt,</strong></span> <span class='ocrx_word' id='word_1_7' title='bbox 945 409 1156 494; x_wconf 69' lang='lat' dir='ltr'>spectatoribus</span> <span class='ocrx_word' id='word_1_8' title='bbox 1175 410 1307 490; x_wconf 87' lang='lat' dir='ltr'><strong>objecta,</strong></span> <span class='ocrx_word' id='word_1_9' title='bbox 1329 432 1374 472; x_wconf 88' lang='lat' dir='ltr'><strong>su·</strong></span> 
     </span>
     <span class='ocr_line' id='line_1_3' title="bbox 131 508 1375 596; baseline -0.003 -22"><span class='ocrx_word' id='word_1_10' title='bbox 131 535 184 596; x_wconf 88' lang='lat' dir='ltr'><strong>pra</strong></span> <span class='ocrx_word' id='word_1_11' title='bbox 214 533 286 592; x_wconf 90' lang='lat' dir='ltr'><strong>quae</strong></span> <span class='ocrx_word' id='word_1_12' title='bbox 313 510 453 572; x_wconf 87' lang='lat' dir='ltr'><strong>miracula</strong></span> <span class='ocrx_word' id='word_1_13' title='bbox 477 510 646 572; x_wconf 87' lang='lat' dir='ltr'><strong>ostendunt.</strong></span> <span class='ocrx_word' id='word_1_14' title='bbox 663 551 699 562; x_wconf 91' lang='lat'>-</span> <span class='ocrx_word' id='word_1_15' title='bbox 728 511 805 572; x_wconf 85' lang='lat' dir='ltr'><strong>Vide</strong></span> <span class='ocrx_word' id='word_1_16' title='bbox 825 522 922 570; x_wconf 89' lang='lat' dir='ltr'><strong>autem</strong></span> <span class='ocrx_word' id='word_1_17' title='bbox 936 511 1024 588; x_wconf 84' lang='lat' dir='ltr'><strong>juxta</strong></span> <span class='ocrx_word' id='word_1_18' title='bbox 1042 508 1121 570; x_wconf 85' lang='lat' dir='ltr'><strong>hunc</strong></span> <span class='ocrx_word' id='word_1_19' title='bbox 1138 530 1253 570; x_wconf 87' lang='lat' dir='ltr'><strong>murum</strong></span> <span class='ocrx_word' id='word_1_20' title='bbox 1273 508 1375 572; x_wconf 86' lang='lat' dir='ltr'><strong>homi-</strong></span> 
     </span>
     <span class='ocr_line' id='line_1_4' title="bbox 131 608 1375 688; baseline -0.002 -18"><span class='ocrx_word' id='word_1_21' title='bbox 131 631 199 686; x_wconf 88' lang='lat' dir='ltr'><strong>nes,</strong></span> <span class='ocrx_word' id='word_1_22' title='bbox 230 611 263 670; x_wconf 90' lang='lat' dir='ltr'><strong>in</strong></span> <span class='ocrx_word' id='word_1_23' title='bbox 283 610 337 671; x_wconf 88' lang='lat' dir='ltr'><strong>illa</strong></span> <span class='ocrx_word' id='word_1_24' title='bbox 357 610 425 684; x_wconf 79' lang='lat' dir='ltr'><strong>via,</strong></span> <span class='ocrx_word' id='word_1_25' title='bbox 445 629 512 668; x_wconf 81' lang='lat' dir='ltr'><strong>erm</strong></span> <span class='ocrx_word' id='word_1_26' title='bbox 531 628 599 670; x_wconf 80' lang='lat' dir='ltr'><strong>rasa</strong></span> <span class='ocrx_word' id='word_1_27' title='bbox 617 608 711 668; x_wconf 90' lang='lat' dir='ltr'><strong>omnis</strong></span> <span class='ocrx_word' id='word_1_28' title='bbox 729 608 862 688; x_wconf 89' lang='lat' dir='ltr'><strong>generis,</strong></span> <span class='ocrx_word' id='word_1_29' title='bbox 882 627 956 687; x_wconf 89' lang='lat' dir='ltr'><strong>quae</strong></span> <span class='ocrx_word' id='word_1_30' title='bbox 975 629 1063 688; x_wconf 87' lang='lat' dir='ltr'><strong>supra</strong></span> <span class='ocrx_word' id='word_1_31' title='bbox 1087 627 1202 668; x_wconf 90' lang='lat' dir='ltr'><strong>murum</strong></span> <span class='ocrx_word' id='word_1_32' title='bbox 1220 609 1375 684; x_wconf 89' lang='lat' dir='ltr'><strong>eminent,</strong></span> 
     </span>
     <span class='ocr_line' id='line_1_5' title="bbox 130 705 1376 792; baseline -0.002 -24"><span class='ocrx_word' id='word_1_33' title='bbox 130 709 274 783; x_wconf 82' lang='lat' dir='ltr'><strong>ferentes,</strong></span> <span class='ocrx_word' id='word_1_34' title='bbox 304 722 368 768; x_wconf 88' lang='lat' dir='ltr'><strong>tum</strong></span> <span class='ocrx_word' id='word_1_35' title='bbox 390 719 497 766; x_wconf 87' lang='lat' dir='ltr'><strong>statuas</strong></span> <span class='ocrx_word' id='word_1_36' title='bbox 525 705 676 766; x_wconf 88' lang='lat' dir='ltr'><strong>hominum</strong></span> <span class='ocrx_word' id='word_1_37' title='bbox 705 719 734 766; x_wconf 85' lang='lat' dir='ltr'><strong>et</strong></span> <span class='ocrx_word' id='word_1_38' title='bbox 762 705 821 766; x_wconf 87' lang='lat' dir='ltr'><strong>alia</strong></span> <span class='ocrx_word' id='word_1_39' title='bbox 849 719 911 792; x_wconf 24' lang='lat' dir='ltr'><strong>tam.</strong></span> <span class='ocrx_word' id='word_1_40' title='bbox 926 705 1062 787; x_wconf 86' lang='lat' dir='ltr'><strong>lapidea,</strong></span> <span class='ocrx_word' id='word_1_41' title='bbox 1082 725 1169 784; x_wconf 88' lang='lat' dir='ltr'><strong>quam</strong></span> <span class='ocrx_word' id='word_1_42' title='bbox 1187 705 1286 785; x_wconf 88' lang='lat' dir='ltr'><strong>lignea</strong></span> <span class='ocrx_word' id='word_1_43' title='bbox 1304 707 1376 766; x_wconf 89' lang='lat' dir='ltr'><strong>ani-</strong></span> 
     </span>
     <span class='ocr_line' id='line_1_6' title="bbox 129 800 1376 884; baseline 0 -20"><span class='ocrx_word' id='word_1_44' title='bbox 129 805 235 880; x_wconf 88' lang='lat' dir='ltr'><strong>malia,</strong></span> <span class='ocrx_word' id='word_1_45' title='bbox 264 805 346 868; x_wconf 78' lang='lat' dir='ltr'><strong>vario</strong></span> <span class='ocrx_word' id='word_1_46' title='bbox 365 800 450 864; x_wconf 87' lang='lat' dir='ltr'><strong>ruodo</strong></span> <span class='ocrx_word' id='word_1_47' title='bbox 471 801 576 862; x_wconf 81' lang='lat' dir='ltr'><strong>affabre</strong></span> <span class='ocrx_word' id='word_1_48' title='bbox 596 804 690 864; x_wconf 83' lang='lat' dir='ltr'><strong>faeta:</strong></span> <span class='ocrx_word' id='word_1_49' title='bbox 714 817 801 883; x_wconf 80' lang='lat' dir='ltr'><strong>utque</strong></span> <span class='ocrx_word' id='word_1_50' title='bbox 818 825 872 884; x_wconf 92' lang='lat' dir='ltr'><strong>par</strong></span> <span class='ocrx_word' id='word_1_51' title='bbox 890 814 952 878; x_wconf 91' lang='lat' dir='ltr'><strong>est,</strong></span> <span class='ocrx_word' id='word_1_52' title='bbox 972 803 1045 862; x_wconf 87' lang='lat' dir='ltr'><strong>alios</strong></span> <span class='ocrx_word' id='word_1_53' title='bbox 1063 803 1166 866; x_wconf 89' lang='lat' dir='ltr'><strong>horum</strong></span> <span class='ocrx_word' id='word_1_54' title='bbox 1182 817 1376 882; x_wconf 77' lang='lat' dir='ltr'><strong>praetereun-</strong></span> 
     </span>
     <span class='ocr_line' id='line_1_7' title="bbox 129 899 1375 982; baseline -0.001 -19"><span class='ocrx_word' id='word_1_55' title='bbox 129 903 202 963; x_wconf 91' lang='lat' dir='ltr'><strong>tium</strong></span> <span class='ocrx_word' id='word_1_56' title='bbox 227 902 335 982; x_wconf 85' lang='lat' dir='ltr'><strong>illaque</strong></span> <span class='ocrx_word' id='word_1_57' title='bbox 353 899 510 960; x_wconf 81' lang='lat' dir='ltr'><strong>ferentium</strong></span> <span class='ocrx_word' id='word_1_58' title='bbox 528 899 680 960; x_wconf 89' lang='lat' dir='ltr'><strong>hominum</strong></span> <span class='ocrx_word' id='word_1_59' title='bbox 697 901 868 980; x_wconf 88' lang='lat' dir='ltr'><strong>loquentes,</strong></span> <span class='ocrx_word' id='word_1_60' title='bbox 890 913 1017 961; x_wconf 79' lang='lat' dir='ltr'><strong>tacentes</strong></span> <span class='ocrx_word' id='word_1_61' title='bbox 1037 899 1119 960; x_wconf 90' lang='lat' dir='ltr'><strong>alios.</strong></span> <span class='ocrx_word' id='word_1_62' title='bbox 1161 899 1218 960; x_wconf 84' lang='lat' dir='ltr'><strong>Hic</strong></span> <span class='ocrx_word' id='word_1_63' title='bbox 1237 899 1375 978; x_wconf 86' lang='lat' dir='ltr'><strong>Glauco,</strong></span> 
     </span>
     <span class='ocr_line' id='line_1_8' title="bbox 128 995 1374 1080; baseline -0.001 -20"><span class='ocrx_word' id='word_1_64' title='bbox 128 999 283 1060; x_wconf 88' lang='lat' dir='ltr'><strong>mirificam</strong></span> <span class='ocrx_word' id='word_1_65' title='bbox 301 1017 419 1071; x_wconf 89' lang='lat' dir='ltr'><strong>narras,</strong></span> <span class='ocrx_word' id='word_1_66' title='bbox 439 997 551 1076; x_wconf 89' lang='lat' dir='ltr'><strong>inquit,</strong></span> <span class='ocrx_word' id='word_1_67' title='bbox 573 998 729 1078; x_wconf 79' lang='lat' dir='ltr'><strong>imaginem</strong></span> <span class='ocrx_word' id='word_1_68' title='bbox 746 1012 775 1058; x_wconf 93' lang='lat' dir='ltr'><strong>et</strong></span> <span class='ocrx_word' id='word_1_69' title='bbox 794 999 924 1080; x_wconf 83' lang='lat' dir='ltr'><strong>captivos</strong></span> <span class='ocrx_word' id='word_1_70' title='bbox 943 995 1090 1058; x_wconf 87' lang='lat' dir='ltr'><strong>mirificos.</strong></span> <span class='ocrx_word' id='word_1_71' title='bbox 1111 995 1242 1056; x_wconf 83' lang='lat' dir='ltr'><strong>Socrates</strong></span> <span class='ocrx_word' id='word_1_72' title='bbox 1257 1013 1374 1075; x_wconf 83' lang='lat' dir='ltr'><strong>autem,</strong></span> 
     </span>
     <span class='ocr_line' id='line_1_9' title="bbox 130 1093 1377 1176; baseline 0 -18"><span class='ocrx_word' id='word_1_73' title='bbox 130 1097 261 1158; x_wconf 75' lang='lat' dir='ltr'><strong>nostrum</strong></span> <span class='ocrx_word' id='word_1_74' title='bbox 290 1115 359 1156; x_wconf 91' lang='lat' dir='ltr'><strong>vero</strong></span> <span class='ocrx_word' id='word_1_75' title='bbox 390 1094 519 1169; x_wconf 85' lang='lat' dir='ltr'>similes,</span> <span class='ocrx_word' id='word_1_76' title='bbox 539 1096 664 1176; x_wconf 83' lang='lat' dir='ltr'><strong>reponit.</strong></span> <span class='ocrx_word' id='word_1_77' title='bbox 683 1093 713 1175; x_wconf 93' lang='lat' dir='ltr'><strong>l)</strong></span> <span class='ocrx_word' id='word_1_78' title='bbox 754 1097 827 1155; x_wconf 90' lang='lat' dir='ltr'><strong>Nam</strong></span> <span class='ocrx_word' id='word_1_79' title='bbox 845 1096 993 1176; x_wconf 88' lang='lat' dir='ltr'><strong>primum,</strong></span> <span class='ocrx_word' id='word_1_80' title='bbox 1012 1093 1135 1156; x_wconf 83' lang='lat' dir='ltr'><strong>aliudne</strong></span> <span class='ocrx_word' id='word_1_81' title='bbox 1153 1095 1208 1156; x_wconf 87' lang='lat' dir='ltr'><strong>tibi</strong></span> <span class='ocrx_word' id='word_1_82' title='bbox 1228 1095 1377 1158; x_wconf 83' lang='lat' dir='ltr'><strong>videntur</strong></span> 
     </span>
     <span class='ocr_line' id='line_1_10' title="bbox 128 1191 1375 1273; baseline -0.002 -18"><span class='ocrx_word' id='word_1_83' title='bbox 128 1194 200 1256; x_wconf 88' lang='lat' dir='ltr'><strong>tales</strong></span> <span class='ocrx_word' id='word_1_84' title='bbox 228 1193 359 1255; x_wconf 86' lang='lat' dir='ltr'><strong>homines</strong></span> <span class='ocrx_word' id='word_1_85' title='bbox 389 1191 438 1253; x_wconf 79' lang='lat' dir='ltr'><strong>rel</strong></span> <span class='ocrx_word' id='word_1_86' title='bbox 467 1192 511 1250; x_wconf 90' lang='lat' dir='ltr'><strong>sui</strong></span> <span class='ocrx_word' id='word_1_87' title='bbox 538 1192 667 1273; x_wconf 88' lang='lat' dir='ltr'><strong>ipserum</strong></span> <span class='ocrx_word' id='word_1_88' title='bbox 683 1191 878 1256; x_wconf 58' lang='lat' dir='ltr'><strong>vel‘invicem</strong></span> <span class='ocrx_word' id='word_1_89' title='bbox 896 1205 1009 1272; x_wconf 79' lang='lat' dir='ltr'><strong>ppaeter</strong></span> <span class='ocrx_word' id='word_1_90' title='bbox 1029 1191 1145 1252; x_wconf 90' lang='lat' dir='ltr'><strong>umbras</strong></span> <span class='ocrx_word' id='word_1_91' title='bbox 1164 1195 1375 1272; x_wconf 76' lang='lat' dir='ltr'><strong>conspexisse,</strong></span> 
     </span>
    </p>
   </div>
   <div class='ocr_carea' id='block_1_2' title="bbox 13 1287 1376 1370">
    <p class='ocr_par' dir='ltr' id='par_1_2' title="bbox 13 1287 1376 1370">
     <span class='ocr_line' id='line_1_11' title="bbox 13 1287 1376 1370; baseline 0.001 -19"><span class='ocrx_word' id='word_1_92' title='bbox 13 1361 20 1366; x_wconf 44' lang='lat'><strong><em>‚</em></strong></span> <span class='ocrx_word' id='word_1_93' title='bbox 128 1311 202 1370; x_wconf 88' lang='lat' dir='ltr'><strong>quae</strong></span> <span class='ocrx_word' id='word_1_94' title='bbox 229 1289 267 1350; x_wconf 91' lang='lat' dir='ltr'><strong>ab</strong></span> <span class='ocrx_word' id='word_1_95' title='bbox 295 1289 357 1368; x_wconf 85' lang='lat' dir='ltr'><strong>igni</strong></span> <span class='ocrx_word' id='word_1_96' title='bbox 384 1288 418 1348; x_wconf 89' lang='lat' dir='ltr'><strong>in</strong></span> <span class='ocrx_word' id='word_1_97' title='bbox 447 1289 598 1350; x_wconf 81' lang='lat' dir='ltr'><strong>adversam</strong></span> <span class='ocrx_word' id='word_1_98' title='bbox 626 1288 782 1370; x_wconf 83' lang='lat' dir='ltr'><strong>speluncae</strong></span> <span class='ocrx_word' id='word_1_99' title='bbox 810 1303 922 1370; x_wconf 86' lang='lat' dir='ltr'><strong>partem</strong></span> <span class='ocrx_word' id='word_1_100' title='bbox 948 1289 1084 1350; x_wconf 76' lang='lat' dir='ltr'><strong>cadunt?</strong></span> <span class='ocrx_word' id='word_1_101' title='bbox 1102 1327 1139 1340; x_wconf 91' lang='grc'>-</span> <span class='ocrx_word' id='word_1_102' title='bbox 1172 1287 1256 1348; x_wconf 86' lang='lat' dir='ltr'><strong>Nihil</strong></span> <span class='ocrx_word' id='word_1_103' title='bbox 1282 1289 1376 1352; x_wconf 88' lang='lat' dir='ltr'><strong>aliud</strong></span> 
     </span>
    </p>
   </div>
   <div class='ocr_carea' id='block_1_3' title="bbox 97 1385 1451 3614">
    <p class='ocr_par' dir='ltr' id='par_1_3' title="bbox 121 1385 1408 2637">
     <span class='ocr_line' id='line_1_12' title="bbox 128 1385 1376 1468; baseline 0.002 -20"><span class='ocrx_word' id='word_1_104' title='bbox 128 1408 215 1463; x_wconf 87' lang='lat' dir='ltr'><strong>sane,</strong></span> <span class='ocrx_word' id='word_1_105' title='bbox 245 1387 296 1464; x_wconf 91' lang='lat' dir='ltr'><strong>qui</strong></span> <span class='ocrx_word' id='word_1_106' title='bbox 323 1405 474 1463; x_wconf 90' lang='lat' dir='ltr'><strong>nunquam</strong></span> <span class='ocrx_word' id='word_1_107' title='bbox 503 1385 536 1444; x_wconf 91' lang='lat' dir='ltr'><strong>in</strong></span> <span class='ocrx_word' id='word_1_108' title='bbox 564 1387 625 1448; x_wconf 85' lang='lat' dir='ltr'><strong>vita</strong></span> <span class='ocrx_word' id='word_1_109' title='bbox 652 1406 768 1448; x_wconf 85' lang='lat' dir='ltr'><strong>movere</strong></span> <span class='ocrx_word' id='word_1_110' title='bbox 796 1399 884 1468; x_wconf 88' lang='lat' dir='ltr'><strong>eaput</strong></span> <span class='ocrx_word' id='word_1_111' title='bbox 921 1386 1080 1466; x_wconf 88' lang='lat' dir='ltr'><strong>potuerint.</strong></span> <span class='ocrx_word' id='word_1_112' title='bbox 1108 1423 1143 1436; x_wconf 90' lang='lat'>-</span> <span class='ocrx_word' id='word_1_113' title='bbox 1189 1387 1272 1460; x_wconf 79' lang='lat' dir='ltr'><strong>Quid</strong></span> <span class='ocrx_word' id='word_1_114' title='bbox 1301 1409 1376 1450; x_wconf 82' lang='lat' dir='ltr'><strong>vero</strong></span> 
     </span>
     <span class='ocr_line' id='line_1_13' title="bbox 128 1481 1376 1563; baseline 0.001 -19"><span class='ocrx_word' id='word_1_115' title='bbox 128 1505 243 1561; x_wconf 87' lang='lat' dir='ltr'><strong>eorum,</strong></span> <span class='ocrx_word' id='word_1_116' title='bbox 263 1503 336 1563; x_wconf 90' lang='lat' dir='ltr'><strong>quae</strong></span> <span class='ocrx_word' id='word_1_117' title='bbox 352 1482 639 1563; x_wconf 84' lang='lat' dir='ltr'><strong>praetervehuntur?</strong></span> <span class='ocrx_word' id='word_1_118' title='bbox 678 1485 783 1544; x_wconf 88' lang='lat' dir='ltr'><strong>Nonne</strong></span> <span class='ocrx_word' id='word_1_119' title='bbox 801 1484 906 1545; x_wconf 89' lang='lat' dir='ltr'><strong>horum</strong></span> <span class='ocrx_word' id='word_1_120' title='bbox 924 1485 993 1544; x_wconf 89' lang='lat' dir='ltr'><strong>item</strong></span> <span class='ocrx_word' id='word_1_121' title='bbox 1010 1481 1126 1544; x_wconf 86' lang='lat' dir='ltr'><strong>umbras</strong></span> <span class='ocrx_word' id='word_1_122' title='bbox 1144 1483 1320 1544; x_wconf 77' lang='lat' dir='ltr'><strong>duntaxat?</strong></span> <span class='ocrx_word' id='word_1_123' title='bbox 1339 1513 1376 1524; x_wconf 90' lang='grc'><strong>-·</strong></span> 
     </span>
     <span class='ocr_line' id='line_1_14' title="bbox 128 1579 1375 1661; baseline 0 -20"><span class='ocrx_word' id='word_1_124' title='bbox 128 1580 268 1657; x_wconf 78' lang='lat' dir='ltr'><strong>Quidni?</strong></span> <span class='ocrx_word' id='word_1_125' title='bbox 282 1621 318 1632; x_wconf 93' lang='lat'>-</span> <span class='ocrx_word' id='word_1_126' title='bbox 347 1579 378 1638; x_wconf 82' lang='lat' dir='ltr'><strong>si</strong></span> <span class='ocrx_word' id='word_1_127' title='bbox 397 1579 486 1658; x_wconf 87' lang='lat' dir='ltr'><strong>igitur</strong></span> <span class='ocrx_word' id='word_1_128' title='bbox 503 1580 631 1660; x_wconf 87' lang='lat' dir='ltr'><strong>colloqui</strong></span> <span class='ocrx_word' id='word_1_129' title='bbox 650 1601 747 1642; x_wconf 89' lang='lat' dir='ltr'><strong>secnm</strong></span> <span class='ocrx_word' id='word_1_130' title='bbox 767 1581 896 1644; x_wconf 79' lang='lat' dir='ltr'><strong>invicem</strong></span> <span class='ocrx_word' id='word_1_131' title='bbox 914 1594 1049 1661; x_wconf 88' lang='lat' dir='ltr'><strong>possent,</strong></span> <span class='ocrx_word' id='word_1_132' title='bbox 1070 1600 1169 1642; x_wconf 89' lang='lat' dir='ltr'><strong>nonne</strong></span> <span class='ocrx_word' id='word_1_133' title='bbox 1185 1579 1272 1654; x_wconf 88' lang='lat' dir='ltr'><strong>haec,</strong></span> <span class='ocrx_word' id='word_1_134' title='bbox 1295 1602 1375 1660; x_wconf 88' lang='lat' dir='ltr'><strong>quae</strong></span> 
     </span>
     <span class='ocr_line' id='line_1_15' title="bbox 130 1675 1408 1758; baseline -0.003 -16"><span class='ocrx_word' id='word_1_135' title='bbox 130 1678 252 1753; x_wconf 78' lang='lat' dir='ltr'><strong>vident,</strong></span> <span class='ocrx_word' id='word_1_136' title='bbox 273 1677 469 1758; x_wconf 82' lang='lat' dir='ltr'><strong>appellaturus</strong></span> <span class='ocrx_word' id='word_1_137' title='bbox 489 1697 536 1737; x_wconf 90' lang='lat' dir='ltr'><strong>eos</strong></span> <span class='ocrx_word' id='word_1_138' title='bbox 556 1699 615 1738; x_wconf 88' lang='lat' dir='ltr'><strong>esse</strong></span> <span class='ocrx_word' id='word_1_139' title='bbox 634 1678 738 1740; x_wconf 88' lang='lat' dir='ltr'><strong>iisdem</strong></span> <span class='ocrx_word' id='word_1_140' title='bbox 756 1679 925 1739; x_wconf 86' lang='lat' dir='ltr'><strong>nominibus</strong></span> <span class='ocrx_word' id='word_1_141' title='bbox 942 1690 1041 1757; x_wconf 90' lang='lat' dir='ltr'><strong>putas,</strong></span> <span class='ocrx_word' id='word_1_142' title='bbox 1056 1677 1164 1758; x_wconf 88' lang='lat' dir='ltr'><strong>quibus</strong></span> <span class='ocrx_word' id='word_1_143' title='bbox 1177 1698 1209 1737; x_wconf 90' lang='lat' dir='ltr'><strong>ea</strong></span> <span class='ocrx_word' id='word_1_144' title='bbox 1223 1675 1376 1738; x_wconf 89' lang='lat' dir='ltr'><strong>dicuntur</strong></span> <span class='ocrx_word' id='word_1_145' title='bbox 1404 1704 1408 1712; x_wconf 67' lang='lat'>¹</span> 
     </span>
     <span class='ocr_line' id='line_1_16' title="bbox 128 1775 1376 1856; baseline 0.002 -22"><span class='ocrx_word' id='word_1_146' title='bbox 128 1796 202 1854; x_wconf 89' lang='lat' dir='ltr'><strong>quae</strong></span> <span class='ocrx_word' id='word_1_147' title='bbox 228 1776 437 1856; x_wconf 80' lang='lat' dir='ltr'><strong>praetereunt?</strong></span> <span class='ocrx_word' id='word_1_148' title='bbox 452 1797 488 1810; x_wconf 78' lang='grc'><strong>-·</strong></span> <span class='ocrx_word' id='word_1_149' title='bbox 527 1777 646 1836; x_wconf 88' lang='lat' dir='ltr'><strong>Necesse</strong></span> <span class='ocrx_word' id='word_1_150' title='bbox 676 1790 728 1838; x_wconf 90' lang='lat' dir='ltr'><strong>est.</strong></span> <span class='ocrx_word' id='word_1_151' title='bbox 742 1815 788 1848; x_wconf 86' lang='lat'><strong>·--¹</strong></span> <span class='ocrx_word' id='word_1_152' title='bbox 815 1776 926 1851; x_wconf 83' lang='lat' dir='ltr'><strong>Quodsi</strong></span> <span class='ocrx_word' id='word_1_153' title='bbox 953 1776 1025 1836; x_wconf 90' lang='lat' dir='ltr'><strong>echo</strong></span> <span class='ocrx_word' id='word_1_154' title='bbox 1043 1796 1080 1835; x_wconf 82' lang='lat' dir='ltr'><strong>ex</strong></span> <span class='ocrx_word' id='word_1_155' title='bbox 1099 1775 1221 1837; x_wconf 83' lang='lat' dir='ltr'><strong>adversa</strong></span> <span class='ocrx_word' id='word_1_156' title='bbox 1240 1777 1376 1836; x_wconf 87' lang='lat' dir='ltr'><strong>carceris</strong></span> 
     </span>
     <span class='ocr_line' id='line_1_17' title="bbox 129 1859 1376 1955; baseline 0.002 -23"><span class='ocrx_word' id='word_1_157' title='bbox 129 1885 210 1955; x_wconf 88' lang='lat' dir='ltr'><strong>parte</strong></span> <span class='ocrx_word' id='word_1_158' title='bbox 249 1883 412 1946; x_wconf 85' lang='lat' dir='ltr'><strong>resonaret,</strong></span> <span class='ocrx_word' id='word_1_159' title='bbox 443 1871 492 1930; x_wconf 92' lang='lat' dir='ltr'><strong>ubi</strong></span> <span class='ocrx_word' id='word_1_160' title='bbox 521 1875 770 1953; x_wconf 84' lang='lat' dir='ltr'><strong>praetereuntium</strong></span> <span class='ocrx_word' id='word_1_161' title='bbox 796 1874 902 1953; x_wconf 89' lang='lat' dir='ltr'><strong>aliquis</strong></span> <span class='ocrx_word' id='word_1_162' title='bbox 924 1859 1116 1952; x_wconf 87' lang='lat' dir='ltr'><strong>loqueretur,</strong></span> <span class='ocrx_word' id='word_1_163' title='bbox 1145 1886 1268 1954; x_wconf 88' lang='lat' dir='ltr'><strong>putasne</strong></span> <span class='ocrx_word' id='word_1_164' title='bbox 1301 1873 1376 1934; x_wconf 85' lang='lat' dir='ltr'><strong>illos</strong></span> 
     </span>
     <span class='ocr_line' id='line_1_18' title="bbox 127 1967 1375 2050; baseline 0 -19"><span class='ocrx_word' id='word_1_165' title='bbox 127 1969 211 2031; x_wconf 88' lang='lat' dir='ltr'><strong>aliud</strong></span> <span class='ocrx_word' id='word_1_166' title='bbox 240 1967 313 2047; x_wconf 90' lang='lat' dir='ltr'><strong>quid</strong></span> <span class='ocrx_word' id='word_1_167' title='bbox 337 1968 417 2047; x_wconf 91' lang='lat' dir='ltr'><strong>loqui</strong></span> <span class='ocrx_word' id='word_1_168' title='bbox 446 1970 634 2050; x_wconf 86' lang='lat' dir='ltr'><strong>opinatmos,</strong></span> <span class='ocrx_word' id='word_1_169' title='bbox 655 1991 741 2049; x_wconf 87' lang='lat' dir='ltr'><strong>quam</strong></span> <span class='ocrx_word' id='word_1_170' title='bbox 759 1985 957 2032; x_wconf 88' lang='lat' dir='ltr'><strong>transeuntem</strong></span> <span class='ocrx_word' id='word_1_171' title='bbox 974 1969 1129 2031; x_wconf 80' lang='lat' dir='ltr'><strong>umbram?</strong></span> <span class='ocrx_word' id='word_1_172' title='bbox 1144 2007 1179 2022; x_wconf 86' lang='lat'><strong>-·</strong></span> <span class='ocrx_word' id='word_1_173' title='bbox 1208 1969 1273 2030; x_wconf 88' lang='lat' dir='ltr'><strong>Nou</strong></span> <span class='ocrx_word' id='word_1_174' title='bbox 1295 1991 1375 2050; x_wconf 89' lang='lat' dir='ltr'><strong>pro·</strong></span> 
     </span>
     <span class='ocr_line' id='line_1_19' title="bbox 126 2066 1375 2148; baseline 0.002 -22"><span class='ocrx_word' id='word_1_175' title='bbox 126 2067 202 2127; x_wconf 87' lang='lat' dir='ltr'><strong>fecto</strong></span> <span class='ocrx_word' id='word_1_176' title='bbox 228 2087 281 2147; x_wconf 90' lang='lat' dir='ltr'><strong>per</strong></span> <span class='ocrx_word' id='word_1_177' title='bbox 306 2066 426 2126; x_wconf 88' lang='lat' dir='ltr'><strong>Jovem!</strong></span> <span class='ocrx_word' id='word_1_178' title='bbox 442 2105 477 2118; x_wconf 85' lang='grc'><strong>-</strong></span> <span class='ocrx_word' id='word_1_179' title='bbox 505 2068 555 2127; x_wconf 94' lang='lat' dir='ltr'><strong>llli</strong></span> <span class='ocrx_word' id='word_1_180' title='bbox 581 2069 671 2148; x_wconf 89' lang='lat' dir='ltr'><strong>igitur</strong></span> <span class='ocrx_word' id='word_1_181' title='bbox 698 2067 776 2128; x_wconf 89' lang='lat' dir='ltr'><strong>nihil</strong></span> <span class='ocrx_word' id='word_1_182' title='bbox 803 2069 923 2128; x_wconf 91' lang='lat' dir='ltr'><strong>omnino</strong></span> <span class='ocrx_word' id='word_1_183' title='bbox 952 2067 1036 2128; x_wconf 89' lang='lat' dir='ltr'><strong>aliud</strong></span> <span class='ocrx_word' id='word_1_184' title='bbox 1061 2089 1119 2128; x_wconf 86' lang='lat' dir='ltr'><strong>esse</strong></span> <span class='ocrx_word' id='word_1_185' title='bbox 1139 2087 1241 2130; x_wconf 81' lang='lat' dir='ltr'><strong>verum</strong></span> <span class='ocrx_word' id='word_1_186' title='bbox 1259 2068 1375 2128; x_wconf 84' lang='lat' dir='ltr'><strong>existi-</strong></span> 
     </span>
     <span class='ocr_line' id='line_1_20' title="bbox 125 2158 1373 2243; baseline 0 -19"><span class='ocrx_word' id='word_1_187' title='bbox 125 2164 266 2239; x_wconf 88' lang='lat' dir='ltr'><strong>mabunt,</strong></span> <span class='ocrx_word' id='word_1_188' title='bbox 296 2163 353 2223; x_wconf 91' lang='lat' dir='ltr'><strong>nisi</strong></span> <span class='ocrx_word' id='word_1_189' title='bbox 382 2183 478 2225; x_wconf 85' lang='lat' dir='ltr'><strong>rerum</strong></span> <span class='ocrx_word' id='word_1_190' title='bbox 507 2179 577 2234; x_wconf 72' lang='lat' dir='ltr'><strong>arte.</strong></span> <span class='ocrx_word' id='word_1_191' title='bbox 595 2166 738 2226; x_wconf 86' lang='lat' dir='ltr'><strong>factarum</strong></span> <span class='ocrx_word' id='word_1_192' title='bbox 767 2166 891 2226; x_wconf 90' lang='lat' dir='ltr'><strong>umbras.</strong></span> <span class='ocrx_word' id='word_1_193' title='bbox 909 2158 944 2216; x_wconf 70' lang='grc'><strong>-’</strong></span> <span class='ocrx_word' id='word_1_194' title='bbox 975 2165 1058 2226; x_wconf 90' lang='lat' dir='ltr'><strong>Nihil</strong></span> <span class='ocrx_word' id='word_1_195' title='bbox 1078 2165 1222 2226; x_wconf 82' lang='lat' dir='ltr'><strong>omnino»</strong></span> <span class='ocrx_word' id='word_1_196' title='bbox 1246 2161 1277 2243; x_wconf 80' lang='lat'><strong>2)</strong></span> <span class='ocrx_word' id='word_1_197' title='bbox 1320 2164 1373 2226; x_wconf 91' lang='lat' dir='ltr'><strong>Sie</strong></span> 
     </span>
     <span class='ocr_line' id='line_1_21' title="bbox 124 2259 1373 2344; baseline -0.001 -21"><span class='ocrx_word' id='word_1_198' title='bbox 124 2284 204 2324; x_wconf 89' lang='lat' dir='ltr'><strong>orsus</strong></span> <span class='ocrx_word' id='word_1_199' title='bbox 231 2280 349 2320; x_wconf 88' lang='lat' dir='ltr'><strong>narrare</strong></span> <span class='ocrx_word' id='word_1_200' title='bbox 374 2259 504 2321; x_wconf 88' lang='lat' dir='ltr'><strong>Socrates</strong></span> <span class='ocrx_word' id='word_1_201' title='bbox 532 2261 738 2342; x_wconf 87' lang='lat' dir='ltr'><strong>pulcerrimam</strong></span> <span class='ocrx_word' id='word_1_202' title='bbox 765 2263 915 2338; x_wconf 85' lang='lat' dir='ltr'><strong>fabulam,</strong></span> <span class='ocrx_word' id='word_1_203' title='bbox 945 2264 1040 2344; x_wconf 88' lang='lat' dir='ltr'><strong>pergit</strong></span> <span class='ocrx_word' id='word_1_204' title='bbox 1066 2261 1136 2322; x_wconf 87' lang='lat' dir='ltr'><strong>lr&#39;ine</strong></span> <span class='ocrx_word' id='word_1_205' title='bbox 1154 2260 1193 2321; x_wconf 91' lang='lat' dir='ltr'><strong>ad</strong></span> <span class='ocrx_word' id='word_1_206' title='bbox 1210 2261 1373 2322; x_wconf 87' lang='lat' dir='ltr'><strong>hominum</strong></span> 
     </span>
     <span class='ocr_line' id='line_1_22' title="bbox 124 2357 1374 2440; baseline -0.002 -20"><span class='ocrx_word' id='word_1_207' title='bbox 124 2379 222 2420; x_wconf 90' lang='lat' dir='ltr'><strong>eorum</strong></span> <span class='ocrx_word' id='word_1_208' title='bbox 249 2357 448 2418; x_wconf 87' lang='lat' dir='ltr'><strong>conditionem</strong></span> <span class='ocrx_word' id='word_1_209' title='bbox 475 2358 696 2418; x_wconf 86' lang='lat' dir='ltr'><strong>describendam</strong></span> <span class='ocrx_word' id='word_1_210' title='bbox 726 2360 821 2439; x_wconf 88' lang='lat' dir='ltr'><strong>qualis</strong></span> <span class='ocrx_word' id='word_1_211' title='bbox 847 2361 946 2420; x_wconf 84' lang='lat' dir='ltr'><strong>futura</strong></span> <span class='ocrx_word' id='word_1_212' title='bbox 975 2361 1034 2435; x_wconf 86' lang='lat' dir='ltr'><strong>sit,</strong></span> <span class='ocrx_word' id='word_1_213' title='bbox 1062 2371 1210 2440; x_wconf 87' lang='lat' dir='ltr'><strong>postquam</strong></span> <span class='ocrx_word' id='word_1_214' title='bbox 1230 2358 1374 2420; x_wconf 85' lang='lat' dir='ltr'><strong>vinculis</strong></span> 
     </span>
     <span class='ocr_line' id='line_1_23' title="bbox 123 2453 1372 2537; baseline -0.001 -20"><span class='ocrx_word' id='word_1_215' title='bbox 123 2469 210 2517; x_wconf 89' lang='lat' dir='ltr'><strong>erunt</strong></span> <span class='ocrx_word' id='word_1_216' title='bbox 236 2453 323 2514; x_wconf 89' lang='lat' dir='ltr'><strong>soluti</strong></span> <span class='ocrx_word' id='word_1_217' title='bbox 348 2467 434 2532; x_wconf 85' lang='lat' dir='ltr'><strong>atque</strong></span> <span class='ocrx_word' id='word_1_218' title='bbox 461 2476 476 2514; x_wconf 91' lang='lat' dir='ltr'><strong>e</strong></span> <span class='ocrx_word' id='word_1_219' title='bbox 504 2476 618 2516; x_wconf 86' lang='lat' dir='ltr'><strong>earcere</strong></span> <span class='ocrx_word' id='word_1_220' title='bbox 648 2456 842 2517; x_wconf 82' lang='lat' dir='ltr'><strong>ascenderint.</strong></span> <span class='ocrx_word' id='word_1_221' title='bbox 889 2457 947 2520; x_wconf 88' lang='lat' dir='ltr'><strong>Nos</strong></span> <span class='ocrx_word' id='word_1_222' title='bbox 977 2478 1064 2532; x_wconf 78' lang='lat' dir='ltr'><strong>rere,</strong></span> <span class='ocrx_word' id='word_1_223' title='bbox 1093 2457 1260 2537; x_wconf 82' lang='lat' dir='ltr'><strong>priusquam</strong></span> <span class='ocrx_word' id='word_1_224' title='bbox 1290 2456 1372 2516; x_wconf 86' lang='lat' dir='ltr'><strong>baec</strong></span> 
     </span>
     <span class='ocr_line' id='line_1_24' title="bbox 121 2551 1372 2637; baseline 0.001 -22"><span class='ocrx_word' id='word_1_225' title='bbox 121 2572 346 2637; x_wconf 86' lang='lat' dir='ltr'><strong>persequamur,</strong></span> <span class='ocrx_word' id='word_1_226' title='bbox 374 2551 411 2612; x_wconf 92' lang='lat' dir='ltr'><strong>de</strong></span> <span class='ocrx_word' id='word_1_227' title='bbox 437 2552 500 2633; x_wconf 89' lang='lat' dir='ltr'><strong>ipsa</strong></span> <span class='ocrx_word' id='word_1_228' title='bbox 526 2551 581 2611; x_wconf 91' lang='lat' dir='ltr'><strong>hae</strong></span> <span class='ocrx_word' id='word_1_229' title='bbox 609 2552 765 2634; x_wconf 86' lang='lat' dir='ltr'><strong>speluncae</strong></span> <span class='ocrx_word' id='word_1_230' title='bbox 784 2553 908 2633; x_wconf 80' lang='lat' dir='ltr'><strong>imagine</strong></span> <span class='ocrx_word' id='word_1_231' title='bbox 927 2553 1067 2614; x_wconf 89' lang='lat' dir='ltr'><strong>nonnihil</strong></span> <span class='ocrx_word' id='word_1_232' title='bbox 1086 2553 1372 2616; x_wconf 86' lang='lat' dir='ltr'><strong>animadvertamus.</strong></span> 
     </span>
    </p>

    <p class='ocr_par' dir='ltr' id='par_1_4' title="bbox 120 2647 1372 3121">
     <span class='ocr_line' id='line_1_25' title="bbox 162 2647 1371 2731; baseline 0.001 -21"><span class='ocrx_word' id='word_1_233' title='bbox 162 2650 318 2711; x_wconf 87' lang='lat' dir='ltr'><strong>Tribuitur</strong></span> <span class='ocrx_word' id='word_1_234' title='bbox 342 2647 396 2706; x_wconf 89' lang='lat' dir='ltr'><strong>illa</strong></span> <span class='ocrx_word' id='word_1_235' title='bbox 425 2647 613 2730; x_wconf 84' lang='lat' dir='ltr'><strong>Pythagoreis</strong></span> <span class='ocrx_word' id='word_1_236' title='bbox 641 2651 720 2710; x_wconf 81' lang='lat' dir='ltr'><strong>fore:</strong></span> <span class='ocrx_word' id='word_1_237' title='bbox 754 2672 808 2712; x_wconf 89' lang='lat' dir='ltr'><strong>nee</strong></span> <span class='ocrx_word' id='word_1_238' title='bbox 838 2671 907 2710; x_wconf 89' lang='lat' dir='ltr'><strong>sane</strong></span> <span class='ocrx_word' id='word_1_239' title='bbox 935 2651 998 2710; x_wconf 91' lang='lat' dir='ltr'><strong>sine</strong></span> <span class='ocrx_word' id='word_1_240' title='bbox 1017 2649 1233 2731; x_wconf 87' lang='lat' dir='ltr'><strong>probabilitatis</strong></span> <span class='ocrx_word' id='word_1_241' title='bbox 1251 2651 1371 2728; x_wconf 85' lang='lat' dir='ltr'><strong>specie.</strong></span> 
     </span>
     <span class='ocr_line' id='line_1_26' title="bbox 122 2741 1372 2828; baseline -0.001 -19"><span class='ocrx_word' id='word_1_242' title='bbox 122 2749 232 2810; x_wconf 87' lang='lat' dir='ltr'><strong>Similis</strong></span> <span class='ocrx_word' id='word_1_243' title='bbox 258 2759 300 2806; x_wconf 89' lang='lat' dir='ltr'><strong>est</strong></span> <span class='ocrx_word' id='word_1_244' title='bbox 332 2747 365 2804; x_wconf 86' lang='lat' dir='ltr'><strong>in</strong></span> <span class='ocrx_word' id='word_1_245' title='bbox 390 2745 545 2806; x_wconf 87' lang='lat' dir='ltr'><strong>Phaedone</strong></span> <span class='ocrx_word' id='word_1_246' title='bbox 573 2749 748 2828; x_wconf 84' lang='lat' dir='ltr'><strong>comparatio</strong></span> <span class='ocrx_word' id='word_1_247' title='bbox 776 2748 847 2821; x_wconf 87' lang='lat' dir='ltr'><strong>illa,</strong></span> <span class='ocrx_word' id='word_1_248' title='bbox 871 2768 930 2825; x_wconf 89' lang='lat' dir='ltr'><strong>qua</strong></span> <span class='ocrx_word' id='word_1_249' title='bbox 959 2747 1072 2806; x_wconf 89' lang='lat' dir='ltr'><strong>animus</strong></span> <span class='ocrx_word' id='word_1_250' title='bbox 1099 2748 1132 2807; x_wconf 93' lang='lat' dir='ltr'><strong>in</strong></span> <span class='ocrx_word' id='word_1_251' title='bbox 1159 2747 1213 2806; x_wconf 91' lang='lat' dir='ltr'><strong>hoe</strong></span> <span class='ocrx_word' id='word_1_252' title='bbox 1234 2741 1372 2828; x_wconf 77' lang='lat' dir='ltr'><strong>¹corpore</strong></span> 
     </span>
     <span class='ocr_line' id='line_1_27' title="bbox 120 2843 1371 2924; baseline -0.002 -17"><span class='ocrx_word' id='word_1_253' title='bbox 120 2847 248 2918; x_wconf 90' lang='lat' dir='ltr'><strong>dicitur,</strong></span> <span class='ocrx_word' id='word_1_254' title='bbox 272 2857 411 2922; x_wconf 88' lang='lat' dir='ltr'><strong>tanquam</strong></span> <span class='ocrx_word' id='word_1_255' title='bbox 440 2844 472 2902; x_wconf 90' lang='lat' dir='ltr'><strong>in</strong></span> <span class='ocrx_word' id='word_1_256' title='bbox 500 2849 613 2903; x_wconf 81' lang='lat' dir='ltr'><strong>earcere</strong></span> <span class='ocrx_word' id='word_1_257' title='bbox 624 2889 633 2919; x_wconf 90' lang='lat'><strong>,</strong></span> <span class='ocrx_word' id='word_1_258' title='bbox 663 2844 812 2904; x_wconf 87' lang='lat' dir='ltr'><strong>habitare:</strong></span> <span class='ocrx_word' id='word_1_259' title='bbox 844 2863 917 2922; x_wconf 89' lang='lat' dir='ltr'><strong>quae</strong></span> <span class='ocrx_word' id='word_1_260' title='bbox 942 2845 1086 2906; x_wconf 90' lang='lat' dir='ltr'><strong>sententia</strong></span> <span class='ocrx_word' id='word_1_261' title='bbox 1115 2844 1202 2924; x_wconf 88' lang='lat' dir='ltr'><strong>plane</strong></span> <span class='ocrx_word' id='word_1_262' title='bbox 1227 2843 1371 2904; x_wconf 83' lang='lat' dir='ltr'><strong>scholam</strong></span> 
     </span>
     <span class='ocr_line' id='line_1_28' title="bbox 122 2938 1370 3024; baseline 0.002 -22"><span class='ocrx_word' id='word_1_263' title='bbox 122 2944 206 3003; x_wconf 88' lang='lat' dir='ltr'><strong>illam</strong></span> <span class='ocrx_word' id='word_1_264' title='bbox 231 2942 329 3001; x_wconf 80' lang='lat' dir='ltr'><strong>refert.</strong></span> <span class='ocrx_word' id='word_1_265' title='bbox 348 2938 380 3019; x_wconf 87' lang='grc'><strong>3)</strong></span> <span class='ocrx_word' id='word_1_266' title='bbox 426 2941 548 3020; x_wconf 83' lang='lat' dir='ltr'><strong>Propius</strong></span> <span class='ocrx_word' id='word_1_267' title='bbox 574 2942 659 3002; x_wconf 87' lang='lat' dir='ltr'><strong>etiarn</strong></span> <span class='ocrx_word' id='word_1_268' title='bbox 689 2941 728 3001; x_wconf 89' lang='lat' dir='ltr'><strong>ad</strong></span> <span class='ocrx_word' id='word_1_269' title='bbox 756 2941 832 3000; x_wconf 88' lang='lat' dir='ltr'><strong>hane</strong></span> <span class='ocrx_word' id='word_1_270' title='bbox 858 2941 1015 3022; x_wconf 88' lang='lat' dir='ltr'><strong>speluncae</strong></span> <span class='ocrx_word' id='word_1_271' title='bbox 1043 2943 1198 3024; x_wconf 88' lang='lat' dir='ltr'><strong>imaginem</strong></span> <span class='ocrx_word' id='word_1_272' title='bbox 1225 2941 1370 3019; x_wconf 85' lang='lat' dir='ltr'><strong>accedit,</strong></span> 
     </span>
     <span class='ocr_line' id='line_1_29' title="bbox 120 3036 1014 3121; baseline -0.007 -20"><span class='ocrx_word' id='word_1_273' title='bbox 120 3039 199 3121; x_wconf 89' lang='lat' dir='ltr'><strong>quod</strong></span> <span class='ocrx_word' id='word_1_274' title='bbox 209 3083 218 3115; x_wconf 91' lang='lat'><strong>,</strong></span> <span class='ocrx_word' id='word_1_275' title='bbox 238 3051 309 3099; x_wconf 86' lang='lat' dir='ltr'><strong>teste</strong></span> <span class='ocrx_word' id='word_1_276' title='bbox 327 3036 508 3119; x_wconf 84' lang='lat' dir='ltr'><strong>Porphyrio,</strong></span> <span class='ocrx_word' id='word_1_277' title='bbox 524 3036 556 3118; x_wconf 82' lang='lat'><strong>4)</strong></span> <span class='ocrx_word' id='word_1_278' title='bbox 577 3039 767 3119; x_wconf 85' lang='lat' dir='ltr'><strong>Empedocles</strong></span> <span class='ocrx_word' id='word_1_279' title='bbox 785 3039 973 3100; x_wconf 79' lang='lat' dir='ltr'><strong>enunciavit:</strong></span> <span class='ocrx_word' id='word_1_280' title='bbox 1012 3047 1014 3050; x_wconf 83' lang='lat'>&#39;</span> 
     </span>
    </p>

    <p class='ocr_par' dir='ltr' id='par_1_5' title="bbox 394 3128 1072 3218">
     <span class='ocr_line' id='line_1_30' title="bbox 394 3128 1072 3218; baseline -0.001 -21"><span class='ocrx_word' id='word_1_281' title='bbox 394 3128 551 3216; x_wconf 66' lang='grc' dir='ltr'><strong>ἠλύθομεν</strong></span> <span class='ocrx_word' id='word_1_282' title='bbox 570 3129 637 3197; x_wconf 72' lang='lat' dir='ltr'><strong>sc&#39;d&#39;</strong></span> <span class='ocrx_word' id='word_1_283' title='bbox 655 3129 704 3196; x_wconf 75' lang='grc' dir='ltr'><strong>ὑπ’</strong></span> <span class='ocrx_word' id='word_1_284' title='bbox 724 3128 831 3218; x_wconf 69' lang='grc' dir='ltr'><em>ἄντρον</em></span> <span class='ocrx_word' id='word_1_285' title='bbox 852 3129 1024 3216; x_wconf 76' lang='lat' dir='ltr'><strong>obrdoreyov.</strong></span> <span class='ocrx_word' id='word_1_286' title='bbox 1041 3135 1072 3218; x_wconf 85' lang='lat'><strong>5)</strong></span> 
     </span>
    </p>

    <p class='ocr_par' dir='ltr' id='par_1_6' title="bbox 97 3236 1451 3614">
     <span class='ocr_line' id='line_1_31' title="bbox 97 3236 1451 3320; baseline -0.001 -17"><span class='ocrx_word' id='word_1_287' title='bbox 97 3240 267 3303; x_wconf 56' lang='lat' dir='ltr'><strong>JVidentur</strong></span> <span class='ocrx_word' id='word_1_288' title='bbox 285 3257 354 3298; x_wconf 79' lang='lat' dir='ltr'><strong>vero</strong></span> <span class='ocrx_word' id='word_1_289' title='bbox 375 3236 542 3317; x_wconf 89' lang='lat' dir='ltr'><strong>philosophi</strong></span> <span class='ocrx_word' id='word_1_290' title='bbox 567 3237 614 3297; x_wconf 93' lang='lat' dir='ltr'><strong>illi</strong></span> <span class='ocrx_word' id='word_1_291' title='bbox 633 3259 694 3297; x_wconf 90' lang='lat' dir='ltr'><strong>non</strong></span> <span class='ocrx_word' id='word_1_292' title='bbox 712 3239 745 3298; x_wconf 89' lang='lat' dir='ltr'><strong>id</strong></span> <span class='ocrx_word' id='word_1_293' title='bbox 764 3239 955 3319; x_wconf 87' lang='lat' dir='ltr'><strong>expressisse,</strong></span> <span class='ocrx_word' id='word_1_294' title='bbox 975 3237 1054 3317; x_wconf 92' lang='lat' dir='ltr'><strong>quod</strong></span> <span class='ocrx_word' id='word_1_295' title='bbox 1072 3237 1154 3298; x_wconf 91' lang='lat' dir='ltr'><strong>Plato</strong></span> <span class='ocrx_word' id='word_1_296' title='bbox 1172 3236 1286 3312; x_wconf 88' lang='lat' dir='ltr'><strong>voluit,</strong></span> <span class='ocrx_word' id='word_1_297' title='bbox 1312 3239 1369 3300; x_wconf 88' lang='lat' dir='ltr'><strong>sed</strong></span> <span class='ocrx_word' id='word_1_298' title='bbox 1450 3315 1451 3320; x_wconf 8' lang='grc' dir='ltr'>η</span> 
     </span>
     <span class='ocr_line' id='line_1_32' title="bbox 117 3315 1368 3409; baseline -0.001 -10"><span class='ocrx_word' id='word_1_299' title='bbox 117 3357 229 3400; x_wconf 87' lang='lat' dir='ltr'><strong>carcere</strong></span> <span class='ocrx_word' id='word_1_300' title='bbox 246 3333 300 3394; x_wconf 91' lang='lat' dir='ltr'><strong>illo</strong></span> <span class='ocrx_word' id='word_1_301' title='bbox 319 3348 348 3395; x_wconf 90' lang='lat' dir='ltr'><strong>et</strong></span> <span class='ocrx_word' id='word_1_302' title='bbox 367 3347 451 3393; x_wconf 91' lang='lat' dir='ltr'><strong>antro</strong></span> <span class='ocrx_word' id='word_1_303' title='bbox 469 3333 613 3394; x_wconf 90' lang='lat' dir='ltr'><strong>muudum</strong></span> <span class='ocrx_word' id='word_1_304' title='bbox 631 3334 711 3394; x_wconf 90' lang='lat' dir='ltr'><strong>hune</strong></span> <span class='ocrx_word' id='word_1_305' title='bbox 732 3335 932 3409; x_wconf 79' lang='lat' dir='ltr'><strong>intellexisse,</strong></span> <span class='ocrx_word' id='word_1_306' title='bbox 953 3355 1004 3394; x_wconf 86' lang='lat' dir='ltr'><strong>seu</strong></span> <span class='ocrx_word' id='word_1_307' title='bbox 1023 3315 1113 3396; x_wconf 79' lang='lat' dir='ltr'><strong>vitani</strong></span> <span class='ocrx_word' id='word_1_308' title='bbox 1132 3335 1207 3394; x_wconf 86' lang='lat' dir='ltr'><strong>hanc</strong></span> <span class='ocrx_word' id='word_1_309' title='bbox 1227 3348 1368 3398; x_wconf 85' lang='lat' dir='ltr'><strong>nostram</strong></span> 
     </span>
     <span class='ocr_line' id='line_1_33' title="bbox 115 3429 1368 3513; baseline -0.002 -17"><span class='ocrx_word' id='word_1_310' title='bbox 115 3447 296 3507; x_wconf 88' lang='lat' dir='ltr'><strong>terrestrem,</strong></span> <span class='ocrx_word' id='word_1_311' title='bbox 327 3432 375 3490; x_wconf 89' lang='lat' dir='ltr'><strong>cui</strong></span> <span class='ocrx_word' id='word_1_312' title='bbox 402 3431 553 3491; x_wconf 89' lang='lat' dir='ltr'><strong>coelestem</strong></span> <span class='ocrx_word' id='word_1_313' title='bbox 582 3431 671 3494; x_wconf 77' lang='lat' dir='ltr'><strong>vitam</strong></span> <span class='ocrx_word' id='word_1_314' title='bbox 701 3432 897 3513; x_wconf 84' lang='lat' dir='ltr'><strong>opponebant.</strong></span> <span class='ocrx_word' id='word_1_315' title='bbox 913 3429 944 3512; x_wconf 84' lang='grc'><strong>6)</strong></span> <span class='ocrx_word' id='word_1_316' title='bbox 985 3432 1067 3491; x_wconf 85' lang='lat' dir='ltr'><strong>Plato</strong></span> <span class='ocrx_word' id='word_1_317' title='bbox 1093 3445 1188 3492; x_wconf 90' lang='lat' dir='ltr'><strong>autem</strong></span> <span class='ocrx_word' id='word_1_318' title='bbox 1214 3431 1263 3491; x_wconf 89' lang='lat' dir='ltr'><strong>his</strong></span> <span class='ocrx_word' id='word_1_319' title='bbox 1287 3433 1368 3494; x_wconf 89' lang='lat' dir='ltr'><strong>ima·</strong></span> 
     </span>
     <span class='ocr_line' id='line_1_34' title="bbox 114 3529 1366 3614; baseline 0 -21"><span class='ocrx_word' id='word_1_320' title='bbox 114 3533 232 3614; x_wconf 89' lang='lat' dir='ltr'><strong>ginibus</strong></span> <span class='ocrx_word' id='word_1_321' title='bbox 262 3553 323 3590; x_wconf 92' lang='lat' dir='ltr'><strong>non</strong></span> <span class='ocrx_word' id='word_1_322' title='bbox 350 3530 479 3588; x_wconf 86' lang='lat' dir='ltr'><strong>futuram</strong></span> <span class='ocrx_word' id='word_1_323' title='bbox 508 3538 622 3588; x_wconf 88' lang='lat' dir='ltr'><strong>tantum</strong></span> <span class='ocrx_word' id='word_1_324' title='bbox 653 3529 779 3589; x_wconf 88' lang='lat' dir='ltr'><strong>bominis</strong></span> <span class='ocrx_word' id='word_1_325' title='bbox 808 3543 872 3609; x_wconf 90' lang='lat' dir='ltr'><strong>post</strong></span> <span class='ocrx_word' id='word_1_326' title='bbox 892 3542 1031 3605; x_wconf 89' lang='lat' dir='ltr'><strong>mortem,</strong></span> <span class='ocrx_word' id='word_1_327' title='bbox 1052 3529 1103 3590; x_wconf 92' lang='lat' dir='ltr'><strong>sed</strong></span> <span class='ocrx_word' id='word_1_328' title='bbox 1120 3543 1307 3610; x_wconf 89' lang='lat' dir='ltr'><strong>praesentem</strong></span> <span class='ocrx_word' id='word_1_329' title='bbox 1332 3534 1366 3593; x_wconf 93' lang='lat' dir='ltr'><strong>in</strong></span> 
     </span>
    </p>
   </div>
   <div class='ocr_carea' id='block_1_4' title="bbox 119 3718 374 3738">
    <p class='ocr_par' dir='ltr' id='par_1_7' title="bbox 119 3718 374 3738">
     <span class='ocr_line' id='line_1_35' title="bbox 119 3718 374 3738; baseline -0.008 -10"><span class='ocrx_word' id='word_1_330' title='bbox 119 3718 374 3738; x_wconf 83' lang='lat'><strong>..---——-··</strong></span> 
     </span>
    </p>
   </div>
   <div class='ocr_carea' id='block_1_5' title="bbox 147 3782 1449 3902">
    <p class='ocr_par' dir='ltr' id='par_1_8' title="bbox 147 3782 1449 3902">
     <span class='ocr_line' id='line_1_36' title="bbox 147 3782 1449 3902; baseline -0.005 -17"><span class='ocrx_word' id='word_1_331' title='bbox 147 3833 174 3900; x_wconf 90' lang='lat'><strong>1)</strong></span> <span class='ocrx_word' id='word_1_332' title='bbox 192 3832 377 3902; x_wconf 85' lang='lat' dir='ltr'><strong>Dignissimum</strong></span> <span class='ocrx_word' id='word_1_333' title='bbox 389 3834 446 3891; x_wconf 88' lang='lat' dir='ltr'><strong>est,</strong></span> <span class='ocrx_word' id='word_1_334' title='bbox 464 3825 535 3894; x_wconf 87' lang='lat' dir='ltr'><strong>quod</strong></span> <span class='ocrx_word' id='word_1_335' title='bbox 547 3782 605 3878; x_wconf 74' lang='lat' dir='ltr'><strong>huic</strong></span> <span class='ocrx_word' id='word_1_336' title='bbox 620 3807 765 3878; x_wconf 85' lang='lat' dir='ltr'><strong>sententiae</strong></span> <span class='ocrx_word' id='word_1_337' title='bbox 781 3831 957 3892; x_wconf 87' lang='lat' dir='ltr'><strong>comparetur,</strong></span> <span class='ocrx_word' id='word_1_338' title='bbox 974 3822 1066 3876; x_wconf 85' lang='lat' dir='ltr'><strong>dietmn</strong></span> <span class='ocrx_word' id='word_1_339' title='bbox 1081 3823 1259 3877; x_wconf 85' lang='lat' dir='ltr'><strong>Natlranir:</strong></span> <span class='ocrx_word' id='word_1_340' title='bbox 1273 3835 1306 3878; x_wconf 76' lang='lat' dir='ltr'><strong>ru</strong></span> <span class='ocrx_word' id='word_1_341' title='bbox 1321 3831 1363 3880; x_wconf 80' lang='lat' dir='ltr'><strong>vir</strong></span> <span class='ocrx_word' id='word_1_342' title='bbox 1448 3853 1449 3856; x_wconf 55' lang='lat'><em>=</em></span> 
     </span>
    </p>
   </div>
   <div class='ocr_carea' id='block_1_6' title="bbox 111 3912 1071 4159">
    <p class='ocr_par' dir='ltr' id='par_1_9' title="bbox 111 3912 1071 4159">
     <span class='ocr_line' id='line_1_37' title="bbox 111 3912 464 3985; baseline -0.037 -10"><span class='ocrx_word' id='word_1_343' title='bbox 111 3923 163 3974; x_wconf 70' lang='lat' dir='ltr'><strong>itte.</strong></span> <span class='ocrx_word' id='word_1_344' title='bbox 200 3917 304 3972; x_wconf 77' lang='lat' dir='ltr'><strong>Samuel</strong></span> <span class='ocrx_word' id='word_1_345' title='bbox 323 3915 354 3985; x_wconf 87' lang='grc'><strong>1).</strong></span> <span class='ocrx_word' id='word_1_346' title='bbox 376 3912 423 3975; x_wconf 83' lang='grc'><strong>12,</strong></span> <span class='ocrx_word' id='word_1_347' title='bbox 440 3912 464 3962; x_wconf 83' lang='grc'><strong>7.</strong></span> 
     </span>
     <span class='ocr_line' id='line_1_38' title="bbox 146 3991 665 4072; baseline -0.048 -11"><span class='ocrx_word' id='word_1_348' title='bbox 146 4009 174 4070; x_wconf 83' lang='lat' dir='ltr'><strong>a)</strong></span> <span class='ocrx_word' id='word_1_349' title='bbox 193 4010 230 4059; x_wconf 73' lang='lat' dir='ltr'><strong>ue</strong></span> <span class='ocrx_word' id='word_1_350' title='bbox 249 3991 309 4072; x_wconf 58' lang='lat' dir='ltr'><strong>asp.</strong></span> <span class='ocrx_word' id='word_1_351' title='bbox 325 3998 378 4050; x_wconf 89' lang='lat' dir='ltr'><strong>vu.</strong></span> <span class='ocrx_word' id='word_1_352' title='bbox 397 3996 455 4047; x_wconf 72' lang='lat'><strong>514.</strong></span> <span class='ocrx_word' id='word_1_353' title='bbox 475 3995 504 4046; x_wconf 77' lang='lat' dir='ltr'><strong>a.</strong></span> <span class='ocrx_word' id='word_1_354' title='bbox 661 4043 665 4047; x_wconf 62' lang='grc'>,</span> 
     </span>
     <span class='ocr_line' id='line_1_39' title="bbox 146 4077 1071 4159; baseline -0.023 -12"><span class='ocrx_word' id='word_1_355' title='bbox 146 4092 172 4159; x_wconf 85' lang='grc'><strong>3)</strong></span> <span class='ocrx_word' id='word_1_356' title='bbox 192 4091 284 4144; x_wconf 81' lang='lat' dir='ltr'><strong>l’lmed.</strong></span> <span class='ocrx_word' id='word_1_357' title='bbox 305 4084 347 4137; x_wconf 87' lang='grc'><strong>82.</strong></span> <span class='ocrx_word' id='word_1_358' title='bbox 367 4082 398 4133; x_wconf 85' lang='grc' dir='ltr'><strong>Ε.</strong></span> <span class='ocrx_word' id='word_1_359' title='bbox 421 4081 464 4130; x_wconf 88' lang='lat' dir='ltr'><strong>ubi</strong></span> <span class='ocrx_word' id='word_1_360' title='bbox 485 4079 538 4130; x_wconf 89' lang='lat' dir='ltr'><strong>vid.</strong></span> <span class='ocrx_word' id='word_1_361' title='bbox 561 4079 639 4145; x_wconf 73' lang='lat' dir='ltr'><strong>wyo.</strong></span> <span class='ocrx_word' id='word_1_362' title='bbox 663 4077 711 4131; x_wconf 80' lang='lat' dir='ltr'><strong>cu.</strong></span> <span class='ocrx_word' id='word_1_363' title='bbox 731 4094 798 4147; x_wconf 87' lang='lat' dir='ltr'><strong>quae</strong></span> <span class='ocrx_word' id='word_1_364' title='bbox 818 4079 963 4131; x_wconf 86' lang='lat' dir='ltr'><strong>monuimus</strong></span> <span class='ocrx_word' id='word_1_365' title='bbox 983 4095 1009 4146; x_wconf 90' lang='lat' dir='ltr'><strong>p.</strong></span> <span class='ocrx_word' id='word_1_366' title='bbox 1030 4077 1071 4131; x_wconf 72' lang='grc'><strong>46.</strong></span> 
     </span>
    </p>
   </div>
   <div class='ocr_carea' id='block_1_7' title="bbox 146 4161 1359 4333">
    <p class='ocr_par' dir='ltr' id='par_1_10' title="bbox 146 4161 1359 4333">
     <span class='ocr_line' id='line_1_40' title="bbox 146 4161 681 4246; baseline -0.034 -16"><span class='ocrx_word' id='word_1_367' title='bbox 146 4178 173 4246; x_wconf 74' lang='lat' dir='ltr'><strong>d)</strong></span> <span class='ocrx_word' id='word_1_368' title='bbox 192 4175 319 4242; x_wconf 80' lang='lat' dir='ltr'><strong>Porphyr.</strong></span> <span class='ocrx_word' id='word_1_369' title='bbox 343 4171 372 4220; x_wconf 84' lang='lat' dir='ltr'><strong>de</strong></span> <span class='ocrx_word' id='word_1_370' title='bbox 395 4173 468 4216; x_wconf 79' lang='lat' dir='ltr'><strong>notro</strong></span> <span class='ocrx_word' id='word_1_371' title='bbox 483 4164 593 4238; x_wconf 76' lang='lat' dir='ltr'><strong>¹lllymplr.</strong></span> <span class='ocrx_word' id='word_1_372' title='bbox 613 4179 633 4214; x_wconf 91' lang='lat' dir='ltr'><strong>c.</strong></span> <span class='ocrx_word' id='word_1_373' title='bbox 655 4161 681 4214; x_wconf 80' lang='lat'><strong>8.</strong></span> 
     </span>
     <span class='ocr_line' id='line_1_41' title="bbox 148 4247 1359 4333; baseline -0.015 -20"><span class='ocrx_word' id='word_1_374' title='bbox 148 4260 303 4333; x_wconf 59' lang='lat' dir='ltr'><strong>btzlimped.</strong></span> <span class='ocrx_word' id='word_1_375' title='bbox 324 4269 363 4306; x_wconf 83' lang='lat' dir='ltr'><strong>vs.</strong></span> <span class='ocrx_word' id='word_1_376' title='bbox 384 4249 410 4300; x_wconf 82' lang='lat'><strong>9.</strong></span> <span class='ocrx_word' id='word_1_377' title='bbox 435 4248 483 4299; x_wconf 89' lang='lat' dir='ltr'><strong>Ed.</strong></span> <span class='ocrx_word' id='word_1_378' title='bbox 502 4248 586 4299; x_wconf 80' lang='lat' dir='ltr'><strong>Stura.</strong></span> <span class='ocrx_word' id='word_1_379' title='bbox 607 4247 665 4298; x_wconf 83' lang='lat' dir='ltr'><strong>viu.</strong></span> <span class='ocrx_word' id='word_1_380' title='bbox 688 4263 713 4314; x_wconf 92' lang='lat' dir='ltr'><strong>p.</strong></span> <span class='ocrx_word' id='word_1_381' title='bbox 736 4247 795 4298; x_wconf 66' lang='grc'><strong>451.</strong></span> <span class='ocrx_word' id='word_1_382' title='bbox 827 4247 868 4300; x_wconf 86' lang='lat' dir='ltr'><strong>De</strong></span> <span class='ocrx_word' id='word_1_383' title='bbox 887 4248 1002 4300; x_wconf 87' lang='lat' dir='ltr'><strong>Platonis</strong></span> <span class='ocrx_word' id='word_1_384' title='bbox 1018 4256 1092 4300; x_wconf 89' lang='lat' dir='ltr'><strong>antro</strong></span> <span class='ocrx_word' id='word_1_385' title='bbox 1113 4247 1153 4299; x_wconf 88' lang='lat' dir='ltr'><strong>cll&#39;.</strong></span> <span class='ocrx_word' id='word_1_386' title='bbox 1172 4249 1222 4301; x_wconf 77' lang='lat' dir='ltr'><strong>Ast</strong></span> <span class='ocrx_word' id='word_1_387' title='bbox 1239 4250 1271 4304; x_wconf 77' lang='lat' dir='ltr'><strong>od</strong></span> <span class='ocrx_word' id='word_1_388' title='bbox 1295 4253 1359 4306; x_wconf 67' lang='grc'><strong>1,,1,</strong></span> 
     </span>
    </p>
   </div>
   <div class='ocr_carea' id='block_1_8' title="bbox 112 4329 1158 4502">
    <p class='ocr_par' dir='ltr' id='par_1_11' title="bbox 112 4329 1158 4502">
     <span class='ocr_line' id='line_1_42' title="bbox 112 4329 811 4424; baseline -0.034 -18"><span class='ocrx_word' id='word_1_389' title='bbox 112 4373 136 4424; x_wconf 83' lang='lat' dir='ltr'><strong>p¹</strong></span> <span class='ocrx_word' id='word_1_390' title='bbox 161 4350 221 4403; x_wconf 74' lang='lat'><strong>556.</strong></span> <span class='ocrx_word' id='word_1_391' title='bbox 242 4347 352 4398; x_wconf 88' lang='lat' dir='ltr'><strong>llarsten</strong></span> <span class='ocrx_word' id='word_1_392' title='bbox 377 4332 542 4399; x_wconf 62' lang='lat' dir='ltr'><strong>merocles.</strong></span> <span class='ocrx_word' id='word_1_393' title='bbox 562 4349 586 4398; x_wconf 93' lang='lat' dir='ltr'><strong>p.</strong></span> <span class='ocrx_word' id='word_1_394' title='bbox 610 4331 660 4395; x_wconf 81' lang='lat'><strong>88,</strong></span> <span class='ocrx_word' id='word_1_395' title='bbox 681 4329 730 4393; x_wconf 85' lang='lat'><strong>89,</strong></span> <span class='ocrx_word' id='word_1_396' title='bbox 755 4330 811 4382; x_wconf 83' lang='grc'>171.</span> 
     </span>
     <span class='ocr_line' id='line_1_43' title="bbox 145 4415 1158 4502; baseline -0.02 -15"><span class='ocrx_word' id='word_1_397' title='bbox 145 4437 172 4502; x_wconf 82' lang='grc'><strong>6)</strong></span> <span class='ocrx_word' id='word_1_398' title='bbox 192 4437 232 4486; x_wconf 85' lang='lat' dir='ltr'><strong>Sic</strong></span> <span class='ocrx_word' id='word_1_399' title='bbox 256 4440 359 4480; x_wconf 78' lang='lat' dir='ltr'><strong>versum</strong></span> <span class='ocrx_word' id='word_1_400' title='bbox 379 4417 487 4482; x_wconf 87' lang='lat' dir='ltr'><strong>Emped.</strong></span> <span class='ocrx_word' id='word_1_401' title='bbox 508 4417 690 4483; x_wconf 85' lang='lat' dir='ltr'><strong>interpretatur</strong></span> <span class='ocrx_word' id='word_1_402' title='bbox 710 4416 836 4482; x_wconf 76' lang='lat' dir='ltr'><strong>l&#39;orplryr.</strong></span> <span class='ocrx_word' id='word_1_403' title='bbox 858 4415 914 4468; x_wconf 83' lang='lat' dir='ltr'><strong>vid.</strong></span> <span class='ocrx_word' id='word_1_404' title='bbox 938 4418 1021 4468; x_wconf 84' lang='lat' dir='ltr'><strong>Stura.</strong></span> <span class='ocrx_word' id='word_1_405' title='bbox 1046 4418 1078 4469; x_wconf 86' lang='lat' dir='ltr'><strong>ud</strong></span> <span class='ocrx_word' id='word_1_406' title='bbox 1096 4418 1119 4468; x_wconf 81' lang='grc' dir='ltr'><strong>Ιι.</strong></span> <span class='ocrx_word' id='word_1_407' title='bbox 1142 4418 1158 4468; x_wconf 90' lang='lat' dir='ltr'><strong>l.</strong></span> 
     </span>
    </p>
   </div>
   <div class='ocr_carea' id='block_1_9' title="bbox 0 0 1458 5114">
    <p class='ocr_par' dir='ltr' id='par_1_12' title="bbox 0 0 1458 5114">
     <span class='ocr_line' id='line_1_44' title="bbox 0 0 1458 5114; baseline 0 5"><span class='ocrx_word' id='word_1_408' title='bbox 0 0 1458 5114; x_wconf 95' lang='lat' dir='ltr'><strong> </strong></span> 
     </span>
    </p>
   </div>
  </div>
 </body>
</html>
