2908 5114
737 289 797 350 350

146 460 239 536 grute
257 455 297 512 od
314 474 364 532 ree
383 449 589 523 ordinandae,
609 453 659 508 red
679 459 768 525 ct're,
790 455 930 528 aethere,
952 462 1060 531 cquis,
1081 455 1212 533 aliisque
1232 461 1342 518 multis
1361 470 1385 516 et

146 560 287 631 ineptia.»
315 549 344 630 l)

191 650 319 710 Perlecto
337 646 516 707 memorabili
539 646 594 705 hoc
615 645 743 707 Platonis
762 649 794 706 in
812 647 966 708 Phaedone
984 649 1066 725 loco,
1095 650 1243 711 existimet
1270 652 1385 712 fortasse

147 749 271 828 aliquis,
292 745 371 827 quod
391 748 577 822 Anaxagoras
596 744 831 825 philosophando
846 747 989 826 spectavit
1013 767 1066 806 nec
1089 748 1230 828 perfecit,
1261 749 1293 808 id
1321 772 1386 831 per-

146 859 257 907 secutos
274 843 384 904 deinde
413 843 558 902 Socratem
586 863 618 900 ac
649 842 799 902 Platonem
828 842 937 919 fuisse,
965 845 1148 905 Aristotelem
1166 867 1235 907 vero
1253 847 1385 922 demum,

148 942 345 1025 metaphysica
362 937 504 1000 tradendh
514 983 523 1013 ‚
544 939 706 1019 perfecisse.
756 940 793 1000 Et
810 963 879 1001 sane
897 941 974 1002 idem
993 942 1060 1018 hie,
1082 944 1162 1021 quod
1173 945 1238 1019 illi,
1260 946 1292 1004 in
1312 948 1385 1004 Ana·

145 1063 252 1124 xagora
282 1037 491 1122 reprehendit,
521 1050 553 1096 ut
579 1057 616 1095 ex
645 1038 737 1118 ipsius
763 1039 907 1112 sententia
937 1040 1023 1101 modo
1049 1041 1162 1121 prolata
1194 1055 1282 1123 patet.
1325 1045 1386 1117 Qua

145 1145 254 1202 factum
271 1139 411 1218 opinione
432 1149 492 1210 est,
515 1149 565 1208 ut,
587 1136 611 1194 si
632 1135 729 1194 minus
749 1134 898 1212 Socrates,
930 1137 1012 1197 Plato
1042 1152 1119 1197 certe
1149 1142 1228 1199 omni
1256 1161 1328 1201 aevo
1356 1141 1385 1198 in

148 1234 355 1318 metaphysicis
373 1232 555 1313 philosophis
571 1231 689 1290 habitus
706 1233 753 1292 sit.
795 1235 852 1293 Nos
871 1235 980 1314 igitur,
1001 1249 1033 1294 ut
1052 1257 1113 1296 rem
1133 1229 1212 1297 recte
1229 1237 1385 1317 aliquando

145 1334 356 1414 dijudicemus,
368 1329 464 1409 qualis
482 1329 537 1388 illa
557 1328 674 1389 tandem
685 1331 847 1390 Aristotelis
868 1332 1066 1412 metaphysica
1085 1336 1132 1409 sit,
1152 1337 1296 1416 exipsius
1314 1337 1386 1394 scri-

145 1435 204 1515 ptis
224 1432 416 1513 exploremus.

419 1623 801 1720 Delmataplryeiea
831 1626 1111 1692 Aristotelia.

184 1825 309 1886 Perfecit
328 1819 522 1896 Aristoteles,
563 1840 623 1878 non
649 1819 730 1898 quod
761 1824 957 1900 spectaverint
986 1845 1018 1883 ac
1055 1822 1190 1906 persequi
1220 1826 1385 1886 studuerint

146 1926 277 1984 Socrates
294 1941 326 1978 ae
347 1918 448 1990 Plato,
469 1914 520 1975 sed
539 1914 618 1974 illud
638 1917 750 1976 scilicet
760 1962 769 1992 ,
791 1919 870 1997 quod
890 1923 1076 2001 Anaxagoras
1099 1924 1308 2000 inchoaverat,
1340 1925 1383 1984 illi

146 2043 214 2080 vcro
231 2017 476 2100 improbaverant.
518 2013 611 2086 Quam
632 2013 716 2072 nobis
734 2014 910 2096 descriptam
930 2019 1051 2098 reliquit
1072 2011 1270 2082 doctrinarum
1299 2025 1384 2104 prin-

146 2122 258 2201 cipem,
281 2118 479 2191 investigatio
496 2131 674 2169 caussarum
695 2124 755 2186 est,
776 2118 883 2189 quibus
902 2118 1035 2190 etsaotc
1056 2126 1119 2176 sint
1137 2127 1239 2177 emnia
1257 2131 1285 2179 et
1304 2123 1385 2195 fiant

142 2226 298 2296 perpetue.
341 2209 476 2289 Simplici
497 2227 550 2266 nos
569 2207 640 2266 illuc
660 2221 689 2266 et
710 2209 799 2267 ferme
824 2211 952 2270 dixerim
980 2212 1124 2274 Socratici
1150 2219 1262 2277 ratione
1291 2218 1385 2278 ducit.

144 2319 252 2376 Omnes
270 2310 421 2380 homines,
443 2307 503 2381 ait,
525 2297 613 2383 φύσει
634 2298 786 2386 ὀρέγονται
818 2308 874 2368 τοῦ
905 2303 1027 2385 εἰδέναι,
1067 2321 1184 2374 naturai
1222 2327 1315 2374 ceant
1344 2340 1385 2376 ce·

142 2432 303 2494 gnoscere:
335 2405 413 2486 quod
430 2405 462 2463 in
480 2403 575 2465 brutis
601 2405 674 2466 adeo
697 2409 899 2468 animantibus
918 2425 1007 2491 patet.
1050 2413 1190 2472 Sensibus
1213 2414 1251 2474 ad
1278 2435 1385 2494 cogno·

145 2509 285 2570 scendum
307 2515 447 2563 utuntur:
470 2516 558 2562 avent
586 2503 739 2583 degustare
760 2506 894 2585 aliquid,
921 2509 1040 2586 audire,
1062 2511 1180 2572 videre:
1204 2512 1268 2571 visu
1286 2525 1385 2573 autem

145 2623 177 2668 ut
198 2606 299 2669 valent
317 2603 460 2675 maxime,
482 2601 523 2659 ita
543 2601 666 2660 maxime
685 2602 879 2665 oblectantur.
922 2605 980 2666 Sed
1007 2608 1092 2669 homo
1111 2609 1157 2668 his
1175 2623 1303 2690 praestat
1323 2631 1385 2670 me-

143 2706 253 2766 moria:
274 2699 355 2760 unde
376 2699 573 2780 experientia:
596 2714 720 2779 praestat
738 2702 770 2760 in
789 2703 892 2782 primis
908 2724 975 2762 cum
992 2717 1078 2782 arte,
1093 2728 1167 2787 quae
1184 2709 1385 2788 experientiae

143 2804 241 2886 proles
258 2814 317 2858 est:
343 2821 362 2878 η
386 2794 443 2874 μὲν
462 2791 521 2879 yeip
544 2794 682 2879 ἐμπειρία
701 2794 812 2881 τέχνην
833 2798 985 2882 ἐποίησεν,
1023 2818 1063 2864 ut
1100 2817 1176 2863 recte
1205 2807 1385 2885 pronunciat

143 2903 246 2989 Polus,
267 2892 289 2980 η’
311 2893 456 2980 d'einnpiu
477 2892 589 2980 τύχην·
619 2915 681 2959 tum
711 2887 815 2976 etiaim,
846 2918 874 2964 et
900 2905 1023 2964 maxime
1052 2898 1190 2983 quidem,
1216 2912 1340 2962 ratione
1357 2918 1384 2962 et

141 3009 291 3060 seientia:
311 3002 387 3062 idem
405 3023 474 3063 vero
494 3003 526 3060 in
548 3001 627 3060 omni
656 2999 849 3078 cognoscendi
881 3002 977 3062 studio
996 3001 1029 3061 id
1048 3001 1175 3079 exquirit
1193 3005 1383 3081 praesertim,

142 3099 222 3160 unde
242 3121 286 3159 res
309 3101 473 3160 exstiterint
492 3099 642 3178 singulae,
664 3098 725 3157 sive
736 3142 744 3171 ,
766 3117 840 3175 quae
860 3118 973 3158 caussae
983 3144 993 3173 ,
1015 3120 1088 3177 quae
1107 3100 1254 3180 principia
1282 3122 1383 3160 rerum

141 3200 210 3258 sint.
252 3199 314 3256 Hac
335 3212 429 3257 autem
452 3200 484 3256 in
504 3219 533 3256 re
552 3197 732 3277 potissimum
757 3196 842 3254 homo
862 3195 974 3257 homini
1003 3209 1138 3277 praestat.
1179 3197 1295 3276 Peperit
1324 3199 1383 3256 sei-
1450 3183 1451 3204 ³

141 3295 212 3354 licet
231 3295 385 3355 admiratio
404 3294 637 3377 philosophiam,
658 3291 843 3374 philosophia
864 3292 1086 3369 autemdicit,
1118 3309 1150 3354 ut
1177 3295 1274 3354 mirari
1306 3293 1382 3354 desi·

141 3413 261 3451 namus:
283 3392 360 3472 quod
381 3414 545 3452 caussarum
564 3393 702 3452 scientiae
721 3389 868 3451 debemus.
889 3391 921 3471 2)
953 3393 1015 3452 Hac
1034 3414 1088 3452 nos
1108 3393 1190 3452 facili
1209 3413 1240 3452 ac
1261 3397 1382 3475 perspi·
1449 3405 1450 3414 ¹

138 3512 195 3550 cua
212 3492 323 3550 ratione
343 3492 529 3557 Aristoteles.
560 3492 643 3568 cujus
669 3489 798 3548 nativam
825 3490 1040 3571 simplicitatem
1065 3489 1175 3550 Socrati
1201 3511 1232 3550 ac
1261 3491 1381 3551 Platoni

139 3590 260 3667 debuit,
282 3589 319 3649 ad
339 3590 476 3650 sublimia
497 3590 548 3648 illa
569 3603 597 3648 et
617 3607 725 3650 summa
744 3585 885 3663 adducit,
907 3609 980 3668 quae
998 3587 1196 3668 cognoscenda
1224 3607 1283 3646 esse
1315 3591 1380 3670 phi·

138 3689 258 3770 losopho
276 3691 394 3765 statuit,
418 3703 449 3748 ut
469 3689 546 3749 idem
565 3690 626 3750 dici
648 3678 741 3765 σοφός
763 3681 873 3767 possit,
896 3688 916 3748 i.
938 3707 963 3746 e.
985 3685 1139 3745 adrerum
1159 3686 1380 3762 omnium,tam

139 3786 307 3848 divinarum
328 3810 414 3868 quam
440 3788 630 3847 humanarum
651 3781 705 3860 τάς
731 3779 830 3867 ἀρχάς
850 3783 899 3845 καὶ
922 3777 978 3858 reig¹
997 3779 1093 3857 αἰτίας
1114 3774 1277 3862 ἀκροτάτας
1310 3805 1381 3864 per-
1447 3835 1448 3877 ,

139 3885 256 3960 veniat,
287 3907 302 3944 e
326 3887 433 3966 quibus
461 3887 518 3946 sibi
547 3908 592 3947 res
619 3889 696 3970 ipsas
724 3888 852 3969 singulas
880 3886 1048 3967 singulatim
1088 3884 1225 3966 explicet.
1265 3883 1380 3942 Verum

138 3980 276 4062 princeps
295 3982 365 4043 haec
385 3984 518 4045 doctrina
538 3986 633 4068 qualis
654 3985 772 4048 tandem
791 3987 856 4044 est?
887 3972 966 4044 unde
991 3984 1024 4042 in
1060 3984 1162 4063 primis
1190 3982 1265 4040 hanc
1294 4003 1379 4062 prae·
1446 4017 1447 4099 ,

172 4290 197 4355 1)
216 4293 309 4344 Phaed-
328 4292 369 4345 98.
389 4294 418 4346 Β.
438 4293 467 4347 C.
486 4295 564 4348 Duxit
576 4297 638 4348 inde
656 4297 817 4349 verbotenus
838 4311 885 4348 sua
906 4293 939 4344 de
957 4293 1048 4346 eedem
1073 4311 1102 4346 re
1119 4294 1273 4348 Aristoteles
1295 4296 1377 4358 loco,

136 4393 212 4444 quern
234 4379 313 4430 modo
333 4378 527 4446 descripsimus.

171 4461 197 4525 2)
217 4464 295 4515 Arist.
315 4466 421 4532 Metcple.
441 4465 460 4514 l.
481 4468 535 4516 init.
1125 4467 1137 4496 ν
