2898 5120
711 247 772 308 50¹1

121 419 159 482 de
190 418 347 498 republica
377 434 415 473 ne
445 413 568 474 verbum
596 412 725 492 quidem.
776 411 851 472 Tum
881 410 997 471 demum
1025 413 1151 494 optim
1183 413 1350 496 reipublicae

121 517 231 577 mentio
259 515 308 590 lit,
339 510 390 570 uhi
418 508 588 571 adhibenda
617 524 736 591 putatur
764 510 803 572 ad
827 511 901 588 justi
930 507 1163 590 disquisitionem
1184 527 1256 572 reete
1276 513 1351 572 insti·

121 613 272 676 tuendam.
324 609 382 670 scd
416 606 499 669 aliud
535 610 605 668 item
630 609 778 687 judicium
812 609 958 668 recentius
980 629 1092 700 'aevum
1120 609 1157 670 de
1192 610 1246 670 hoo
1275 631 1352 692 opere
1409 649 1412 658 ·

121 711 288 796 philosophi
299 693 431 792 protulit.
453 708 537 768 Dixit
556 708 773 781 Rossavius,
784 705 993 787 rempublicam
1009 707 1139 768 Platonis
1153 709 1287 789 optimam
1303 709 1352 768 sihi

121 830 182 871 esse
210 808 305 869 videri
337 807 530 867 institutionis
561 805 699 866 scholam.
735 805 763 885 l)
813 804 899 881 Quod
928 804 1059 880 dictum,
1090 827 1107 864 a
1132 807 1234 890 multis
1260 806 1353 889 proba·

120 922 183 970 tum
214 904 265 987 2),
293 906 397 985 aliqua*
419 903 537 984 quidem
568 916 648 985 parte
677 905 839 984 expuimere
865 916 942 962 recte
971 923 1037 964 cum
1065 903 1222 963 consilium
1242 902 1355 972 airetorie

121 1020 182 1067 tum
212 1004 308 1088 operis
337 1015 536 1083 argumentum
566 1001 693 1062 videtur.
745 1002 818 1060 Nam
847 1000 927 1060 locus
955 1000 1008 1060 ille
1035 1000 1073 1060 de
1101 1002 1285 1062 institutione
1309 1021 1355 1082 per

120 1106 260 1164 musicam
290 1115 319 1162 et
348 1101 555 1180 gymnasticam
583 1101 616 1159 in
642 1099 788 1179 primariis
816 1098 980 1158 censendus
1003 1113 1045 1158 est
1073 1098 1182 1178 dialogi
1214 1099 1354 1180 partibus,

120 1216 149 1262 et
168 1203 242 1262 illuc
261 1201 392 1281 prolecto
412 1199 546 1258 universe
566 1195 645 1257 valet
669 1196 795 1256 Socratis
816 1195 996 1277 disputatio,
1026 1211 1060 1256 ut
1080 1217 1131 1277 per
1151 1198 1355 1262 institutionem

120 1299 258 1382 optimam
290 1297 398 1378 optima
427 1296 600 1355 informetur
626 1295 739 1356 civitas.
783 1295 983 1355 Veruntamen
1010 1293 1056 1354 his
1083 1314 1135 1373 ego
1165 1293 1278 1354 finibus
1305 1317 1357 1354 nou

121 1396 252 1458 cohiberi
282 1395 450 1477 philosophi
479 1391 634 1454 consilinm
663 1392 789 1454 credam.
831 1394 872 1453 Ut
899 1393 1000 1473 paucis
1029 1393 1224 1474 complectar,
1247 1415 1299 1454 nec
1315 1415 1355 1470 po

122 1498 244 1554 liticum
265 1505 307 1552 est
327 1479 503 1567 dicendum,
526 1513 579 1551 nec
594 1493 830 1572 poedagogtcum
861 1491 1034 1573 palmarium
1052 1491 1107 1562 hoc
1128 1491 1261 1552 Platonis
1278 1513 1356 1572 opus,

124 1593 176 1654 scd
203 1593 389 1651 ethicum
418 1591 622 1672 complectitur
650 1593 786 1672 proprie,
807 1590 895 1650 talem
923 1603 1018 1650 autem
1037 1589 1137 1664 illam,
1157 1589 1276 1669 qualem
1300 1602 1357 1648 ante

124 1692 292 1763 Platonem,
313 1691 372 1748 imo
393 1709 519 1748 verone
540 1703 603 1771 post
619 1709 684 1748 cum
698 1688 817 1767 quidem
840 1687 878 1748 ad
895 1688 971 1748 ban'c
992 1708 1082 1766 usque
1099 1701 1223 1748 aetatem
1244 1702 1359 1748 nostram

126 1789 229 1850 nullus
247 1808 374 1866 unquam
392 1787 490 1846 animo
504 1787 670 1868 conceperit
690 1786 891 1868 philosophus.

116 1939 117 1942 ,
166 1887 252 1948 Unus
277 1885 389 1945 scilicet
417 1883 513 1944 adhuc
543 1885 623 1944 omni
649 1906 721 1945 aevo
741 1885 823 1944 Plato
840 1885 918 1959 luit,
939 1885 990 1963 qui
1010 1885 1043 1944 in
1063 1883 1184 1944 civitate
1204 1883 1361 1956 bominem,

130 1987 163 2046 in
193 1985 311 2046 homine
330 1983 485 2044 ¹civitatem
514 1982 688 2064 exploraret.
731 1980 817 2056 Quod
846 1967 961 2042 institui
991 1981 1070 2063 apud
1090 1981 1215 2042 Graecos
1236 1982 1361 2055 facilius,

131 2103 217 2168 quam
246 2081 324 2164 apud
351 2103 402 2140 nos
426 2083 531 2162 potuit.
581 2081 654 2140 Nam
684 2081 743 2140 vita
772 2081 891 2140 illorum
916 2079 954 2140 ad
984 2081 1151 2153 civitatem,
1183 2082 1269 2157 cujum
1293 2081 1363 2140 cives

132 2195 233 2256 erant,
265 2194 322 2240 tota
354 2178 550 2254 referebatur3
582 2199 638 2257 quo
662 2173 751 2258 magis
779 2177 875 2256 hujus·
891 2178 1015 2257 imagine
1043 2177 1077 2236 in
1095 2177 1287 2260 explorandis
1307 2178 1363 2257 qui·

132 2278 303 2357 buscunque
332 2277 418 2336 rebus
444 2276 611 2336 utebantur.
653 2277 735 2335 Nihil
766 2291 809 2336 est
826 2290 941 2350 autem,
963 2296 1021 2354 quo
1039 2276 1135 2355 aptius
1153 2275 1363 2356 dilucidiusque
1437 2318 1438 2339 t

136 2357 363 2437 eum⁰nniverse
392 2374 505 2448 ethica,
526 2388 587 2434 tum
615 2375 743 2453 quaestio
768 2375 800 2434 in
832 2375 933 2456 primis
962 2373 999 2433 de
1014 2373 1129 2450 justitia
1152 2371 1296 2453 beataque
1313 2375 1364 2434 viu
1438 2428 1439 2446 ,

135 2473 277 2555 explicari
299 2473 398 2552 possit.
441 2472 513 2530 Nam
542 2492 607 2530 cum
635 2471 805 2530 hominibus
833 2483 967 2532 constent
991 2471 1142 2545 civitates,
1170 2485 1199 2530 et
1226 2470 1363 2550 quidquid

136 2572 168 2630 in
187 2569 224 2629 iis
242 2568 293 2644 fit,
315 2569 352 2629 ab
375 2569 545 2629 hominihus
570 2568 760 2650 repetendum
788 2570 843 2644 sit,
873 2568 1069 2650 spectaculum
1094 2567 1163 2628 illae
1189 2590 1326 2649 magnum
1343 2584 1366 2629 et

135 2667 250 2728 illustre
277 2668 452 2749 philosopho
479 2667 638 2750 praebent,
668 2667 700 2727 in
721 2668 946 2747 quohominem
971 2668 1113 2748 exploret.
1154 2668 1276 2743 Veluti,
1297 2668 1366 2747 quod

136 2767 288 2825 facultates
314 2767 404 2826 animi
432 2765 573 2840 humani,
595 2765 754 2840 rationem,
774 2761 968 2848 cupiditates,
989 2760 1095 2844 θυμόν
1112 2767 1238 2844 attinet,
1260 2769 1310 2848 qui
1331 2789 1367 2826 se·

137 2877 195 2922 met
217 2863 275 2943 ipse
300 2865 399 2944 paullo
420 2865 600 2945 diligentius·
612 2885 781 2946 cognoscere
801 2855 937 2940 studuit,
951 2866 1051 2945 quales
1068 2868 1127 2927 sint
1145 2866 1215 2926 illae
1235 2879 1266 2926 et
1278 2885 1367 2945 quem·

80 2985 85 2997 ¹
137 2960 293 3022 admodum
313 2985 329 3022 a
349 2964 524 3024 seinvicem
549 2962 793 3044 distinguendae,
814 2963 901 3024 facile
920 2966 1113 3047 perspexerit3
1136 2964 1187 3024 sed
1206 2967 1239 3024 in
1258 2965 1368 3025 civitate

137 3057 254 3120 demum
273 3059 389 3120 eaedem
408 3061 496 3136 illae,
517 3075 655 3141 tanquam
674 3061 707 3121 in
735 3060 843 3120 illustri
862 3061 987 3140 quodam
1007 3063 1088 3138 loco,
1109 3076 1262 3144 apparent.
1302 3060 1368 3122 lude

138 3172 234 3217 autem
256 3160 438 3237 quaestiones
461 3181 559 3219 omnes
577 3157 615 3218 de
636 3157 795 3236 virtutibus
814 3179 847 3219 ac
868 3161 951 3220 vitiis
961 3205 970 3236 ‚
990 3183 1064 3240 quae
1083 3161 1290 3242 gravissimum
1308 3179 1367 3218 con·

137 3256 235 3314 tinent
261 3255 372 3316 ethicae
403 3271 622 3339 argumentum,
643 3255 817 3338 repetendae
836 3257 1086 3338 illustrandaeque
1115 3273 1193 3320 sunt.
1234 3260 1311 3319 Usus
1332 3269 1370 3315 est

137 3353 191 3412 hec
217 3353 345 3438 hominis
374 3355 548 3437 explorandi
577 3353 688 3417 ratione
714 3355 813 3432 Plato,
845 3371 877 3417 ut
903 3357 999 3416 adhuc
1026 3357 1169 3433 vidimus,
1199 3379 1258 3437 quo
1288 3356 1371 3435 magis

139 3452 279 3533 optimum
311 3453 527 3535 perfectumque
556 3454 725 3530 hominem,
756 3455 789 3514 in
818 3475 875 3534 quo
904 3455 1056 3516 facultates
1086 3456 1156 3516 illae
1185 3469 1264 3514 recte
1281 3455 1371 3514 cond·

138 3563 262 3622 nerent,
283 3551 512 3630 cognoscendum
543 3552 627 3613 nobis
653 3553 821 3634 praeberet3
843 3552 894 3613 sed
923 3575 989 3613 usus
1011 3567 1054 3614 est
1082 3554 1169 3628 item,
1190 3551 1271 3632 quod
1288 3552 1370 3613 dein·

136 3669 203 3730 ceps
228 3649 339 3729 patebit
366 3649 469 3724 nobis,
494 3650 533 3710 ad
554 3652 634 3710 varia
659 3650 853 3711 describenda
882 3650 1033 3712 hominum
1061 3672 1184 3736 genera,
1217 3653 1370 3722 imovero,

136 3745 175 3805 ad
199 3745 474 3824 demonstrandum,
495 3748 736 3834 quemadmodum
765 3749 849 3808 homo
874 3749 912 3808 ab
937 3750 991 3811 illo
1019 3749 1207 3832 perfectionis
1234 3751 1370 3811 humanae

137 3844 253 3922 lastigie
284 3866 336 3927 per
369 3850 464 3908 varios
484 3849 622 3909 vitiorum
642 3849 850 3928 pravitatisqne
873 3848 980 3930 gradus
1008 3848 1216 3912 descenderet:
1246 3848 1280 3910 id
1309 3867 1371 3910 tero

171 4181 198 4246 l)
215 4181 368 4245 honoreac,
388 4183 484 4248 Emile,
500 4184 530 4236 L.
547 4185 565 4238 l.
584 4186 641 4238 init.

77 4273 81 4284 ’
168 4263 320 4332 matthea,
341 4269 651 4335 dichesmudam,
678 4269 721 4322 ΙΙΙ.
739 4271 798 4323 521.
820 4273 892 4326 Plato
906 4277 994 4326 traced
1007 4276 1046 4326 the
1062 4276 1124 4344 plan
1140 4277 1296 4343 olaperseet
1310 4289 1373 4322 core-

135 4353 402 4423 nonueulthttltouph
418 4356 456 4406 leia
475 4358 561 4419 work,
579 4359 667 4410 kamere
688 4357 718 4424 by
739 4359 791 4410 that
810 4359 879 4424 title,
901 4379 931 4413 ae
950 4361 1163 4428 eutemjosuy
1181 4360 1296 4411 merted
1314 4358 1342 4424 ly
1358 4371 1374 4404 1

86 4451 93 4460 ·
131 4446 203 4502 preat
216 4441 318 4504 genius,
340 4442 361 4490 ie
379 4441 466 4492 rather
480 4459 497 4491 a
517 4443 618 4494 treate'ee
639 4443 827 4509 qelueartcn,
845 4447 907 4498 these
925 4465 943 4498 u
962 4456 1049 4512 system
1071 4448 1101 4511 os
1117 4446 1207 4514 pulley·
