2898 5120
625 235 684 296 515

68 414 94 458 ut
117 412 141 458 et
165 398 222 478 ipse
249 396 373 460 affirmat
392 414 421 459 et
439 399 641 482 Xenophontis
660 401 824 483 exemplum
842 402 942 478 docet,
961 404 1012 484 qui
1032 405 1084 465 vix
1102 405 1258 484 quidquam

68 500 93 558 iu
110 495 245 578 politicis,
264 510 375 584 praeter
401 497 688 560 Lacedaemoniorum
707 501 856 576 instituta,
877 499 995 574 laudare
1020 501 1138 563 solebat.
1178 503 1260 564 Plato

67 616 124 654 vero
148 596 177 653 in
203 607 339 674 utraque,
359 597 539 676 maximeque
565 597 597 657 in
623 597 865 674 Lacedaemonia,
894 612 925 658 ut
944 618 980 658 ex
998 598 1044 658 his
1062 599 1133 661 locis
1150 601 1260 661 intelli·

67 694 147 772 gitur,
174 713 236 752 cnm
265 714 374 752 morum
395 693 550 771 duritiem,
580 708 642 755 tum
669 696 742 757 belli
759 693 887 756 studium
905 695 1091 778 reprehendit
1109 698 1260 759 vehemen-

66 804 354 899 ter‚perseeutusque,
369 814 441 872 quae
460 791 509 853 hic
527 793 758 869 inchoarent,
750 817 783 855 ιιι
799 815 884 876 opere
901 797 936 853 da
953 793 1083 874 Legibus
1097 810 1149 857 est.
1174 795 1259 871 Quod

67 889 173 947 marine
198 875 313 949 videtur
338 891 515 968 tenendum,
536 892 560 951 si
562 913 650 973 opus
664 891 743 953 illud
761 906 837 952 recte
857 893 980 954 velimus
998 893 1168 974 intelligere.
1209 893 1257 953 Sic

67 985 175 1061 factum,
196 1000 227 1049 ut
244 987 277 1048 in
294 987 407 1070 dialogo
425 989 538 1051 Cliniae
561 991 689 1050 Cretensi
713 1005 741 1051 et
766 991 886 1072 Megillo
904 989 1128 1051 Lacedaemonio
1145 989 1259 1050 tertiam

67 1082 217 1164 adjungeret
243 1107 411 1166 personam,
439 1081 579 1170 hospiiem
606 1088 830 1164 Atheniensem,
857 1110 916 1168 quo
943 1101 1030 1148 semet
1053 1089 1146 1169 ipsum
1173 1087 1260 1168 signi·

68 1179 154 1252 ficasse,
176 1182 308 1261 videtm·;
341 1185 504 1246 universam
527 1199 622 1246 autem
646 1185 871 1266 disputationem
895 1207 913 1246 a
932 1187 1110 1246 Cretensium
1129 1207 1161 1245 ac
1178 1185 1262 1246 hace·

68 1276 264 1340 daemoniorum
280 1280 392 1362 legibus
410 1282 547 1358 duceret,
566 1283 672 1363 quibus
690 1286 736 1346 vir
752 1285 805 1359 ille
819 1284 950 1359 Atticus,
970 1285 1065 1344 Attica
1082 1281 1262 1360 urbanitate,

68 1372 230 1438 humaniores
249 1377 324 1459 leges
344 1395 510 1462 opponeret.
550 1382 628 1442 Hinc
647 1381 855 1464 explicandum
874 1382 943 1442 item
961 1395 1021 1456 est,
1041 1401 1128 1461 quare
1147 1381 1262 1456 choris,

67 1487 162 1551 praeter
184 1477 281 1538 Musas
308 1491 337 1537 et
362 1479 546 1560 Apollinem,
562 1480 717 1542 ¹Bacchum
743 1480 898 1560 adjecerit,
919 1479 969 1560 qni
1000 1479 1063 1540 vini
1083 1497 1135 1538 usu
1152 1497 1264 1538 morum

67 1583 218 1653 temperaret
244 1577 438 1658 asperitatem:
460 1591 522 1640 tum
549 1599 617 1640 aero
636 1580 729 1640 fusam
747 1579 811 1639 illic
831 1577 989 1638 instituerit
1007 1576 1044 1638 de
1064 1577 1190 1654 musica,
1210 1575 1264 1635 hu·

65 1669 151 1748 jusque
174 1675 242 1734 artis
261 1674 299 1734 ad
318 1675 526 1736 humanitatem
553 1675 701 1751 efficacia,
726 1676 961 1758 disputationem.
1001 1673 1046 1734 Sit
1072 1693 1140 1734 sane
1163 1693 1264 1756 operae

68 1769 191 1848 pretium,
219 1772 290 1832 haec
319 1774 470 1854 persequi,
499 1773 552 1836 sed
581 1775 666 1835 nobis
685 1777 746 1854 jam
771 1773 962 1836 timocraticae
987 1773 1034 1835 illi
1054 1773 1166 1835 civitati
1185 1791 1264 1836 com·

29 1873 33 1883 '
67 1867 194 1943 parandus
210 1872 257 1931 vir
275 1871 468 1932 timocraticus
485 1885 536 1933 est.

99 1965 180 2043 Nam,
206 1970 250 2029 uti
279 1969 415 2050 optimam
443 1969 524 2032 Plato
550 1971 715 2047 ciuitatem,
738 1991 825 2051 quam
853 1969 1057 2032 aristocratiam
1082 1966 1262 2050 appellabat,

68 2058 154 2138 finxit,
178 2080 209 2126 ut
232 2068 359 2148 exigeret
387 2066 425 2127 ad
453 2089 514 2129 eam
539 2069 633 2131 tirum
652 2069 760 2129 bonum
784 2082 812 2128 et
825 2070 936 2149 justum
957 2064 1006 2147 1),
1027 2066 1126 2127 eodem
1143 2063 1265 2125 consilio

68 2156 124 2219 haec
141 2163 262 2224 tradidit
289 2163 325 2224 de
347 2165 506 2226 timocratia
530 2166 591 2228 sive
610 2166 817 2248 Spartanorum
835 2165 1003 2248 republica,
1024 2177 1057 2223 nt
1076 2165 1171 2224 virum
1189 2161 1266 2222 scili·

67 2270 119 2332 cet,
145 2262 193 2340 qui
217 2262 260 2322 ab
280 2263 388 2344 optimo
405 2266 535 2374 proxime
555 2265 681 2340 abesset,
708 2264 747 2325 ad
773 2265 833 2343 ejus
845 2265 974 2346 ¹speciem
992 2263 1169 2323 informaret.
1210 2263 1266 2320 hu·

67 2303 193 2417 diuinus
185 2362 275 2442 igitur
292 2361 455 2438 Socratem,
476 2364 517 2422 sio
541 2362 577 2423 de
605 2384 638 2423 eo
666 2362 887 2423 disserentem.
907 2363 1037 2438 uQnis'
1026 2382 1106 2440 Jam,
1136 2360 1266 2440 quaerit,
1287 2442 1289 2448 Ι

67 2455 208 2516 secundum
226 2459 302 2518 hanc
321 2460 530 2541 rempublicam
548 2461 618 2523 viri
635 2461 776 2542 quomodo
796 2461 907 2522 exsistit
926 2474 954 2521 et
971 2459 1066 2540 qualis
1085 2459 1151 2518 est?
1162 2482 1176 2514 ι
1210 2457 1267 2516 Hi'c

67 2550 238 2632 Adimantus,
251 2557 352 2617 'oculis
380 2560 414 2618 in
439 2560 556 2620 fratrem
584 2561 731 2621 conuersis
763 2580 854 2620 ureor
881 2579 946 2618 eum
973 2556 1123 2637 equidem,
1154 2555 1266 2634 inquit,

68 2645 192 2712 Glauccni
217 2655 288 2715 huic
311 2671 425 2731 nostro,
453 2658 532 2737 quod
557 2658 770 2718 contentionem
796 2670 824 2717 et
844 2656 1029 2717 ambitionem
1048 2654 1169 2727 attinet,
1189 2649 1268 2711 hand

67 2744 218 2813 dissimilem
245 2775 315 2816 esse.
357 2757 431 2814 Tum
457 2755 602 2830 Socrates,
633 2755 769 2831 fortasse,
798 2755 929 2836 reponit,
948 2752 1032 2812 hac
1024 2773 1056 2810 ιιι
1077 2770 1106 2809 re
1123 2771 1149 2809 er
1142 2749 1269 2809 similis

68 2858 117 2921 est,
135 2867 329 2946 veruntamen
349 2854 382 2912 in
410 2853 476 2913 aliis
505 2874 565 2912 non
590 2854 669 2914 item.
690 2851 890 2928 -Quibus
882 2874 915 2912 ιιι
932 2849 1098 2910 rebusl-
1117 2850 1271 2908 Contuma-

67 2943 156 3006 ciorem
183 2971 251 3010 sane
283 2935 347 3011 erim
373 2973 432 3011 esse
458 2971 571 3026 necesse
589 2965 676 3012 estet
694 2973 710 3010 a
731 2951 836 3011 musica
856 2945 1065 3029 quodammodo
1084 2946 1269 3028 alieniorem,
1328 2947 1331 2952 ’

68 3045 174 3105 musicae
201 3062 298 3108 tamen
328 3048 465 3129 cupidum
494 3047 544 3130 2);
576 3064 604 3110 et
631 3025 771 3109 audiendi
799 3048 916 3128 quidem
943 3045 1121 3119 studiosum,
1150 3041 1289 3102 dicendi

69 3160 125 3200 vero
156 3146 279 3225 peritum
317 3165 505 3228 nequaquam.
554 3148 593 3208 Et
616 3148 671 3208 erit
697 3146 835 3207 adversus
863 3164 960 3206 servos
987 3141 1125 3222 quosdam
1153 3141 1269 3222 agrestis

69 3234 216 3314 hujusmodi
242 3245 307 3318 air,
338 3242 418 3304 haud
446 3265 541 3307 servos
568 3245 749 3328 despiciens,
778 3238 1017 3324 quemadmodum
1042 3241 1088 3301 vir
1115 3253 1190 3300 reete
1207 3260 1268 3298 eru·

69 3332 151 3414 ditus,
180 3362 244 3422 erga
272 3341 377 3403 liberos
404 3355 499 3402 autem
522 3344 577 3403 erit
604 3343 698 3402 mitis:
729 3364 793 3424 erga
818 3342 964 3423 principes
991 3337 1108 3418 quideni
1132 3336 1270 3398 obediens

68 3437 194 3513 maxime,
215 3437 266 3498 sed
285 3452 312 3498 et
330 3440 509 3522 principatus
530 3440 708 3502 ethonorum
725 3439 856 3514 avidior,
876 3442 1005 3520 oportere
1024 3437 1191 3497 existimans
1209 3457 1269 3496 non

44 3544 118 3610 'arte
141 3535 260 3597 dicendi
291 3537 338 3596 vel
366 3537 424 3597 alia
450 3541 552 3618 quavis
579 3537 843 3613 similifacultate,
863 3536 914 3596 sed
933 3534 1022 3612 rebus
1036 3533 1151 3593 bellicis
1170 3533 1269 3593 civili·
1321 3579 1323 3584 .

69 3623 164 3710 busque
191 3636 334 3696 excellere
361 3650 389 3696 et
415 3635 532 3695 caeteris
561 3655 705 3717 praeesse,
726 3655 792 3694 cum
819 3635 856 3694 sit
882 3646 910 3694 et
927 3633 1119 3722 gymnasticae
1138 3645 1167 3690 et
1183 3651 1268 3692 vena·

69 3725 143 3789 nonis
169 3733 324 3793 admodum
351 3733 503 3824 stpdicsus.
536 3736 694 3795 'Caeterum
720 3733 858 3814 pecunias
888 3733 940 3793 iste
968 3732 1000 3790 in
1025 3732 1180 3809 juventute
1196 3746 1269 3789 con-

69 3916 310 3934 Q*-

99 4023 121 4089 1)
137 4029 173 4080 De
186 4033 247 4101 ltep.
261 4030 303 4082 lV.
321 4030 378 4082 544
391 4030 421 4082 Ε

97 4115 120 4183 2)
137 4102 218 4177 Pravt
236 4125 402 4180 distinctione
420 4125 568 4178 conturbata
591 4122 652 4174 haec
674 4129 740 4174 sunt.
760 4121 862 4191 Legitur
881 4119 968 4173 euim:
995 4100 1218 4188 αὖθοὸἕστερόν
1238 4127 1269 4165 τε

71 4211 164 4276 ὃιῖ’
128 4215 212 4282 αυτόν
232 4213 303 4282 εἶναι
323 4218 372 4283 καὶ
392 4209 665 4304 ιιποαμουοότερον·
695 4213 882 4302 φιλόμουσον
909 4209 945 4275 δὲ
970 4235 1019 4274 και
1011 4203 1178 4292 φιλήκοον
1198 4202 1268 4286 μὲν,

71 4313 212 4403 dracontio
238 4318 267 4384 ti
286 4319 436 4404 οὐδαμοῖς.
476 4332 627 4400 Distingue,
654 4326 908 4382 ostentaturus:
935 4349 969 4360 -
956 4302 1267 4392 ὑποαμουσότερον,

72 4419 242 4504 φιλόμουσον
263 4426 310 4490 δὲ·
331 4452 379 4490 και
371 4427 460 4548 ἰφιλ
478 4469 512 4480 -
1041 4518 1096 4578 33*
