2898 5120
644 289 702 350 523

80 462 146 513 cinis
172 461 212 513 sit
239 475 278 514 an
311 462 509 536 peregrinus:
539 462 684 538 magister
713 467 750 515 ut
771 458 932 534 discipulos
951 463 1068 519 metuat
1096 461 1180 513 otiis
1197 454 1283 512 blan-

78 555 188 612 diatur:
217 562 416 633 spernantque
438 555 581 633 discipuli
608 563 788 637 inagistrcs:
810 557 1005 614 adolescentes
1029 564 1064 611 ιιι
1091 573 1194 612 senum
1227 554 1284 611 sibi

77 653 176 729 pendas
203 662 375 727 assumant,
405 675 486 712 senes
514 663 615 712 autem
639 657 680 714 ad
703 656 807 714 ludum
837 656 1064 715 adolescentium
1085 653 1283 725 descendant,

79 772 109 808 ne
121 757 179 809 sint
194 757 234 809 iis
252 752 343 810 odiosi
361 760 523 832 etgraves.
559 751 610 810 Es
629 775 684 832 quo
695 755 758 831 fit‘,
779 763 816 812 ut
834 760 924 812 etiam
943 760 1023 811 serni
1040 773 1069 812 se
1087 753 1211 810 liberius
1227 770 1282 830 ge-

77 859 159 906 rant.-
185 869 291 908 ueores
319 851 414 910 eodem
434 857 512 927 jure
537 856 618 926 sint,
650 874 705 931 quo
726 859 787 910 oiri
797 873 811 922 ;
832 859 904 930 quin
926 855 1015 908 tantd
1036 850 1173 909 libertate
1192 867 1282 906 canes

78 954 157 1005 etiam
182 956 212 1005 ιι
236 955 323 1028 equi,
354 950 441 1007 aselli
466 950 608 1028 denique,
639 952 728 1010 liberi
754 959 835 1026 ιιιιι,
866 958 909 1009 sic
928 957 1111 1024 incurrant,
1132 957 1168 1006 ut
1186 953 1230 1018 iis
1244 947 1280 1005 de

76 1052 117 1102 oia
135 1047 325 1105 decedendum
344 1053 395 1107 sit.
415 1047 499 1129 Ergo
519 1069 554 1106 ea
573 1049 629 1107 bac
646 1051 772 1124 infinita
794 1041 917 1107 licentia
936 1049 1007 1108 baec
1018 1069 1133 1106 mmma
1143 1053 1263 1126 cogitur
1273 1089 1282 1120 ,

76 1153 105 1200 at
131 1151 173 1202 ita
192 1146 375 1220 fastidiosae
394 1146 550 1225 mollesque
569 1157 682 1208 mentes
698 1150 827 1208 evadant
844 1153 974 1221 civium,
995 1156 1031 1204 at
1047 1153 1075 1205 ιι·
1092 1152 1218 1203 minima
1238 1151 1284 1202 oie

75 1243 237 1300 adhibeatur
263 1250 400 1320 imperii,
429 1251 609 1304 irascantur
643 1257 684 1314 et,
703 1251 845 1330 perferre
871 1254 1038 1323 nequeant:
1061 1267 1094 1302 en
1123 1264 1178 1322 quo
1204 1244 1281 1322 leges

74 1361 171 1418 quoqne
193 1347 347 1418 incipiunt
373 1343 543 1424 negligere,
573 1354 610 1403 ιιι
631 1345 724 1423 plane
753 1354 817 1406 sine
844 1345 905 1403 ullo
932 1344 1048 1402 domino
1084 1349 1156 1400 sint.
1204 1339 1282 1400 Haec

74 1439 149 1518 igitur
173 1439 284 1519 egregia
314 1439 365 1498 illa
394 1454 422 1500 et
449 1441 547 1522 pulcra
577 1442 741 1523 respublica
771 1457 830 1519 est,
852 1463 889 1502 ex
914 1461 970 1520 qua
988 1439 1122 1521 tyrannis
1144 1437 1281 1500 nascitur.

73 1535 174 1596 Scilicet
194 1530 304 1618 η”ἄγιιι
316 1530 471 1622 ἐλευθερία
494 1533 581 1601 ἔοικεν
604 1535 656 1602 οὐκ
678 1540 719 1616 εἰς
738 1535 808 1604 ἄλλο
829 1563 857 1602 τι
878 1533 899 1622 ἢ
920 1537 960 1614 εἰς
981 1529 1054 1618 biyao
1074 1532 1206 1626 dochino
1224 1555 1281 1613 με·
1308 1525 1309 1532 ¹

71 1627 206 1714 tutillam
234 1637 284 1700 nub
316 1633 423 1727 ἰδιώτῃ
451 1639 500 1703 καὶ
530 1635 625 1703 πόλει·
656 1652 754 1703 nimia
779 1641 1010 1702 libertas'baud
1034 1647 1068 1698 in
1095 1637 1182 1696 aliud
1208 1637 1282 1716 quid

72 1739 196 1818 ridetur,
226 1764 316 1822 quam
351 1751 477 1804 nimiam
508 1752 542 1804 in
571 1753 747 1804 servitutem
776 1745 876 1819 abire,
907 1750 969 1800 tam
996 1746 1119 1818 privato
1147 1737 1279 1811 bomini,

71 1857 147 1912 quam
165 1846 295 1901 ciuitati.
307 1865 321 1898 ιι
349 1839 427 1922 l)
1325 1841 1329 1846 “

102 1935 174 2008 Quid
201 1937 383 1999 efficerent
375 1961 407 2001 ιιι
434 1939 603 2002 civitatibus
630 1938 818 2021 tyrannides,
844 1904 1071 1997 animadvertere
1089 1931 1176 1992 facile
1194 1930 1275 1990 Plato

70 2051 124 2090 eum
149 2035 287 2112 Athenis,
316 2050 377 2097 tum
406 2038 510 2098 aliis
502 2060 534 2098 ιιι
563 2036 775 2119 rebuspublicis
792 2035 946 2109 Graeciae,
967 2046 1029 2092 tum
1047 2033 1079 2091 in
1098 2030 1198 2111 primis
1217 2027 1275 2109 sy-

69 2132 163 2192 racusis
188 2135 293 2214 potuit.
334 2136 414 2197 Illud
444 2157 512 2198 vero
530 2136 615 2195 unice
634 2135 834 2216 philosophiae
850 2133 971 2207 debuit,
993 2143 1025 2190 ut
1043 2129 1097 2188 hoc
1115 2126 1200 2189 modo
1219 2125 1273 2184 ori·

69 2227 151 2305 ginem
169 2240 266 2292 emam
284 2247 433 2314 ortumque
447 2255 462 2292 e
477 2254 507 2293 re
526 2234 685 2308 contraria,
707 2233 830 2292 enimia
848 2231 999 2305 libertate,
1020 2227 1147 2288 duceret.
1187 2223 1273 2300 Quod
1357 2224 1359 2242 '

69 2325 167 2389 viderat
188 2332 250 2409 jam
276 2313 483 2410 quodimmodo
509 2332 644 2414 politicae
662 2331 713 2390 ille
739 2329 818 2412 apud
836 2329 959 2405 Graecos
975 2349 1035 2389 non
1054 2327 1169 2400 minus,
1189 2342 1274 2403 quam

68 2419 187 2486 historiae
214 2431 338 2510 parens,
360 2430 531 2491 Herodotus.
561 2429 594 2512 2)
643 2429 724 2491 idem
752 2443 845 2489 autem
866 2449 882 2486 a
900 2427 1017 2487 Platone
1034 2424 1148 2484 demum
1166 2435 1194 2481 et
1206 2442 1274 2514 per-

67 2536 179 2599 spectum
207 2531 306 2586 totum'
327 2543 368 2588 est
396 2542 425 2606 et
450 2543 525 2588 recte
546 2528 726 2610 explicitum.
767 2527 852 2603 Quod
871 2517 938 2586 sane
954 2524 1111 2607 placitum,
1132 2520 1192 2580 dici
1213 2540 1273 2579 non
1376 2547 1380 2561 ·

66 2632 161 2697 potest,
189 2645 277 2704 quam
306 2625 363 2686 late
392 2647 444 2708 per
470 2645 583 2685 omnem
610 2639 739 2687 veterum
765 2624 913 2706 politicam
941 2622 1074 2704 patuerit.
1123 2617 1273 2698 Expressit
1366 2645 1368 2654 v

66 2714 153 2780 Livius
171 2722 233 2804 ipsa
253 2723 381 2784 Platonis
400 2724 487 2786 verba
507 2724 540 2783 in
560 2709 656 2784 hisce:
686 2745 722 2782 en
739 2726 862 2783 diutina
874 2727 1044 2782 ‚sitinimis
1059 2719 1144 2776 avide
1159 2737 1273 2774 meram

66 2814 226 2880 haurientes
258 2823 436 2882 libertatem.
465 2819 497 2902 3)
537 2822 636 2882 Cicero
653 2835 746 2881 autem
767 2823 797 2881 in
817 2820 948 2900 dialogo,
967 2837 1052 2898 quem
1068 2814 1105 2874 de
1124 2813 1273 2896 republica

66 2915 184 2996 scripsit,
205 2920 248 2979 sic
268 2919 384 2980 inducit
400 2919 454 2979 hac
476 2919 513 2980 de
532 2940 563 2979 re
581 2918 745 3000 Scipionem
755 2919 920 2994 dicentem,
941 2929 972 2975 ut
989 2915 1091 2975 Latine
1110 2914 1135 2973 is
1152 2911 1274 2973 reddere

66 3020 140 3069 tetam
152 3015 281 3089 Platonis
294 3019 466 3078 sententiam
475 3019 611 3079 enitatur.
638 3018 713 3077 Tum
719 3020 766 3095 fit
773 3019 853 3076 illud
862 3063 871 3092 ,
882 3017 958 3096 quod
968 3015 1049 3093 apud
1056 3013 1213 3072 Platonem
1229 3020 1274 3070 ιιι
1380 3011 1383 3020 “

65 3107 201 3172 luculente
221 3115 363 3191 dietum,
385 3125 412 3177 ιι·
431 3119 512 3176 modo
529 3119 563 3176 id
581 3124 747 3196 eeprimere
765 3115 876 3174 latine
896 3103 1038 3194 potueris:
1059 3131 1130 3170 nam
1150 3110 1274 3190 difficile

59 3205 139 3278 foeta
165 3221 234 3289 est,
262 3215 312 3271 sed
336 3217 461 3274 conabor
488 3226 598 3276 ιαιιιιιι.
619 3211 651 3296 4)
691 3214 874 3295 Sequuntur,
895 3233 967 3294 quae
987 3233 1039 3272 nos
1056 3208 1140 3270 modo
1158 3210 1191 3269 in
1207 3225 1272 3270 ver·
1327 3211 1333 3222 ‘

64 3306 139 3367 tendo
166 3311 286 3371 Platone
315 3314 534 3395 ustupavimus5
557 3313 659 3391 addit,
678 3321 846 3393 puto'enim
864 3316 920 3372 tibi
938 3313 1008 3371 baec
1028 3321 1088 3370 esse
1106 3317 1186 3369 nota.
1227 3304 1273 3368 Ad

64 3399 126 3464 haec
153 3422 249 3468 autem
273 3410 405 3470 Laelius:
428 3433 495 3472 oero
519 3414 597 3472 milti
604 3413 748 3493 ,inquit,
769 3420 935 3473 notissima.
975 3408 1034 3470 Sed
1054 3420 1085 3467 ut
1105 3407 1185 3467 Plato
1203 3405 1274 3466 haec

62 3498 181 3566 interiori
201 3506 403 3589 philosophiae
428 3508 524 3569 studio
547 3508 668 3582 debuit,
689 3511 730 3569 ita
753 3507 851 3572 Cicelo
868 3509 922 3569 hoc
942 3529 1000 3568 sese
1019 3528 1056 3567 ex
1076 3503 1175 3565 eodem
1194 3503 1274 3563 fonte

63 3611 87 3656 et
111 3605 232 3664 maxime
257 3625 295 3665 ex
321 3606 439 3666 Platone
464 3605 590 3666 hausisse
618 3608 765 3667 confessus
791 3621 850 3683 est,
880 3627 968 3686 quum
995 3607 1099 3666 Romae
1119 3601 1217 3661 exorti
1236 3619 1273 3658 ex

61 3680 170 3759 iisdem
172 3704 280 3763 caussis
296 3704 422 3764 Caesaris
441 3704 617 3785 tyrannide,
639 3719 726 3765 semet
746 3706 807 3787 ipse
825 3705 1028 3765 consolaretur.
1068 3700 1223 3761 Dabunt
1210 3705 1275 3780 egi·-

63 3803 110 3851 tar
134 3803 208 3860 mibi
236 3801 354 3861 reniam
383 3811 442 3861 mei
460 3810 557 3879 cioes,
575 3806 622 3862 oel
634 3811 771 3886 gratiam
785 3811 886 3882 potius
904 3805 1068 3877 habebunt,
1091 3799 1184 3880 quod,
1205 3819 1273 3857 cum

63 3905 128 3953 esset
154 3905 188 3957 in
212 3907 305 3960 unius
330 3911 475 3980 potestate
494 3904 683 3984 respublica,
704 3924 796 3982 neque
819 3924 869 3982 ego
895 3922 941 3959 me
968 3901 1084 3977 abdidi,
1113 3919 1207 3977 neque
1225 3900 1274 3957 de·

63 4003 153 4071 terni,
182 4019 275 4075 nsque
299 3998 402 4073 afflixi
411 4043 420 4074 ,
441 4021 534 4077 neque
562 4006 608 4058 ita
632 4008 732 4081 gessi,
759 4008 847 4079 quasi
870 4001 983 4058 bomini
1010 4008 1066 4058 aut
1092 4000 1274 4078 temporibus
1325 4031 1331 4033 ·

92 4231 114 4298 1)
131 4239 167 4290 De
178 4241 240 4309 llep.
255 4241 317 4294 vm.
335 4240 393 4294 562.
406 4241 438 4294 Α.
453 4269 487 4279 -
502 4241 560 4294 564.
576 4242 608 4295 Α.
626 4241 665 4296 Gi.
682 4242 731 4295 cie.
750 4245 780 4294 de
793 4243 854 4312 llep
874 4243 892 4294 l.
913 4241 954 4295 43.

91 4318 115 4382 2)
131 4323 226 4377 Herod.
244 4327 282 4379 111.
297 4327 339 4380 82.
362 4328 401 4381 Gi.
420 4329 503 4380 Dicte.
518 4346 572 4379 meo
589 4330 616 4380 in
629 4330 695 4380 cisi.
711 4330 826 4396 cuiqam
841 4344 866 4394 p.
881 4327 922 4378 ⁷1.

91 4403 115 4466 3)
132 4408 186 4462 Liv.
201 4410 309 4466 XXXIX.
322 4413 363 4467 26.
382 4414 440 4466 vid.
453 4413 508 4467 Ast.
529 4413 562 4466 ad
580 4413 644 4467 Plat.
659 4416 689 4466 be
705 4415 765 4484 ηιμ.
782 4413 848 4466 Viss.
868 4412 927 4466 562.
946 4412 973 4465 G.

89 4487 397 4568 bmamtm
