2838 5120
744 271 804 334 282

157 429 290 494 dandam
305 428 596 511 distribuendumque
614 448 812 514 argumentum
831 433 884 507 sit,
899 453 1028 513 quaeqae
1047 453 1134 514 porro
1151 431 1191 492 sit
1209 431 1369 513 singularius

158 533 286 614 partium
301 529 428 612 partitio.
454 530 479 590 E
497 553 553 610 qna
574 529 701 592 donandi
721 534 832 594 ratione
849 547 943 594 ortum
962 545 1147 613 praeceptum
1164 544 1227 592 est:
1249 538 1298 609 qai
1315 533 1378 610 leae.

155 632 344 710 distinguit,
364 631 434 690 bens
451 630 543 690 daret.
564 627 651 709 Apud
661 629 809 694 Platonem
820 651 888 695 veto
904 651 963 694 non
973 629 1131 698 doeentm·
1141 628 1272 690 Eleatem
1287 628 1371 708 hospi-

155 743 214 789 tem
233 726 377 790 vidimus:
400 727 557 807 interrogat
575 747 687 808 semper
704 729 892 790 Theaetetnm
912 725 1027 807 unaque
1044 738 1112 791 oum
1130 747 1163 786 eo
1183 727 1304 805 quaerit.
1322 728 1370 786 Hoc

154 839 250 887 sutem
269 825 354 886 modo
372 825 489 886 invenit
507 824 654 905 analysis,
682 825 736 888 illo
757 827 878 888 inventa
906 825 1059 890 nobiscum
1083 825 1287 912 communicat
1324 825 1371 884 lle·

153 926 238 986 ceant
256 922 375 1004 quidem
390 937 488 1004 postea
508 923 545 984 ab
571 923 623 984 illa
647 924 758 986 ratione
784 917 876 986 Plato.
918 924 953 986 In
983 924 1120 999 Tamus,
1150 923 1185 986 in
1208 922 1323 998 Omna,
1347 923 1370 982 in

153 1021 240 1082 libris
257 1024 291 1081 de
310 1010 440 1102 degibus
463 1022 626 1103 principem
652 1021 762 1104 dialogi
782 1043 935 1103 personam
955 1014 1182 1102 dislinguentesn
1203 1020 1331 1095 inducit,
1347 1033 1371 1078 ut

153 1120 248 1200 legere
268 1119 353 1180 nobis
368 1118 494 1180 subinde
514 1120 718 1196 Aristotelem,
735 1141 830 1184 rarum
851 1135 983 1184 natmsnn
1002 1121 1215 1202 explicantem,
1231 1117 1369 1182 videamur.

152 1218 213 1280 Sed
231 1217 352 1278 nonde
380 1217 446 1292 his,
466 1215 503 1278 de
534 1219 571 1280 iis
599 1219 649 1280 htc
676 1220 786 1300 agimus
815 1218 957 1300 dialogis,
983 1220 1016 1282 in
1042 1217 1148 1298 quihus
1178 1215 1308 1278 methodi
1324 1219 1369 1296 ipse

154 1337 223 1378 sose
242 1331 375 1382 naturam
396 1317 553 1398 expressit:
575 1337 647 1397 qnos
665 1319 690 1380 si
708 1338 775 1380 cum
794 1317 957 1382 Aristotelis
974 1316 1237 1400 disceptationibus
1264 1313 1367 1376 contule·

130 1417 268 1491 .rimns,
288 1415 341 1476 has
369 1435 430 1474 non
458 1416 558 1495 inepte
585 1417 758 1495 analyticae
777 1417 1046 1480 &menrasense
1071 1415 1258 1480 vocabimus:
1280 1415 1310 1477 in
1325 1411 1369 1472 illis

154 1535 225 1576 vero
252 1516 343 1596 ipsam
374 1514 538 1592 amalario,
563 1513 723 1592 quaerendi
751 1513 982 1594 inveniendique
1002 1511 1188 1590 methodum,
1220 1509 1370 1576 inventricis

152 1613 275 1674 omnino
304 1611 474 1672 dialecticae
503 1632 632 1674 normam
661 1633 855 1693 agnoscemus.
896 1611 954 1676 Sed
981 1611 1019 1676 de
1044 1611 1148 1687 modm
1174 1631 1235 1690 quo
1259 1608 1370 1688 analysin

155 1711 306 1794 usurparit
335 1710 436 1786 Plato,
464 1709 524 1770 alia
555 1725 624 1772 sunt
644 1711 715 1773 item
734 1709 995 1774 animadvertenda
1015 1709 1109 1797 nohis.
1152 1709 1206 1774 Est
1231 1707 1285 1772 illa
1301 1705 1369 1776 ratio,

152 1808 233 1888 qnod
251 1811 313 1890 ipse
331 1809 457 1884 lateran,
480 1822 513 1868 ut
532 1809 729 1889 pulcerrima,
751 1810 792 1872 ita
813 1809 899 1872 simul
918 1829 1056 1890 posquam
1072 1806 1216 1874 difficilis.
1251 1805 1370 1886 ‹ssaepius

153 1928 202 1968 me
217 1908 286 1983 illa,
308 1909 351 1968 ait
371 1907 452 1988 apud
471 1927 537 1968 enm
557 1907 660 1988 hospes
679 1899 813 1984 Eleates,
834 1908 867 1968 in
885 1905 1052 1988 quaerendo
1065 1904 1286 1972 es'ds'sssscndo
1302 1901 1369 1968 detli-

153 2008 247 2066 tuit.n
291 2008 356 2081 Qua
385 2005 492 2068 assidit
524 2003 717 2081 difficultate,
745 2007 880 2087 ntpauci
899 2006 980 2068 omni
1002 2025 1074 2066 anso
1092 2025 1126 2069 ea
1144 2019 1226 2071 recta
1253 2004 1296 2072 uti
1319 2001 1368 2060 sint.
1412 2025 1413 2036 ¹

154 2106 226 2164 Nam
244 2105 411 2165 Aristoteles
421 2150 430 2179 ,
451 2118 484 2164 ut
503 2103 558 2166 hoo
579 2118 660 2180 utar,
681 2105 796 2168 intenti
814 2103 963 2166 Platonici
991 2104 1091 2168 haeres
1119 2105 1287 2184 proximus,
1304 2116 1368 2178 quum

152 2202 295 2263 cernendi
311 2203 468 2283 diligentie
487 2223 533 2264 ies
553 2223 652 2266 omnes
671 2203 789 2264 divinas
816 2215 901 2282 etque
924 2202 1066 2267 lamnas
1088 2201 1239 2282 explicare
1265 2199 1368 2262 institae·

153 2301 378 2378 ret,.discrevit
403 2300 523 2380 quidem
542 2301 746 2362 undiose'alia
774 2301 812 2365 oh
840 2301 925 2378 aliis3
948 2301 999 2364 sed
1027 2321 1089 2364 non
1109 2301 1176 2364 satis
1196 2312 1264 2384 apte
1289 2292 1367 2360 iderti·

152 2400 221 2460 dem
242 2398 365 2460 discreta
384 2400 555 2478 conjunxit.
583 2399 674 2462 Stoici
694 2414 795 2462 comma
814 2414 843 2460 et
858 2400 1018 2482 Epicurei,
1039 2401 1090 2478 qni
1110 2397 1253 2480 proficere
1268 2415 1304 2458 ex
1320 2392 1369 2456 ln'·

40 2483 47 2506 ³
153 2498 267 2560 antelis
294 2498 473 2579 syllogistica
508 2498 713 2575 studuerunt,
745 2500 868 2580 jungere
896 2495 977 2562 mirl·
999 2511 1059 2560 arte
1093 2519 1160 2562 essm
1188 2489 1370 2578 placitis-suis

152 2598 350 2678 antiquiorum
377 2597 485 2678 placita
514 2597 776 2679 philisophornm,
796 2597 957 2672 Heracliti,
977 2596 1153 2677 Democriti,
1172 2594 1298 2660 Socratis
1305 2636 1313 2667 ,
1326 2589 1370 2652 Pla·

151 2697 228 2757 tonis
247 2697 344 2756 conati
361 2709 447 2774 snnt3
469 2696 521 2757 sed
550 2717 612 2756 non
629 2696 697 2756 satis
715 2697 750 2755 in
768 2694 1002 2777 philosophando
1021 2694 1242 2758 discreverunt:
1263 2690 1370 2773 quasitot
1411 2691 1412 2694 ’

145 2793 295 2874 judicium
319 2795 379 2853 sere
401 2795 436 2853 in
454 2815 552 2876 eorum
577 2793 779 2875 systematihus
802 2793 1012 2857 desideremus.
1054 2793 1136 2857 Phto
1165 2814 1238 2857 vene
1263 2792 1302 2856 sic
1327 2806 1369 2850 tlt

148 2892 273 2952 ehodum
300 2892 376 2952 hanc
405 2913 486 2953 suam
512 2906 541 2952 et
563 2891 761 2974 usurpandam
785 2912 851 2954 csso
871 2892 985 2954 censuit
1013 2905 1043 2951 et
1069 2893 1225 2972 usurpavit
1253 2891 1326 2963 iere,
1349 2895 1368 2942 tl

149 2991 343 3071 aequabiliter
372 3003 500 3052 uteretur
530 3004 675 3069 utroque,
707 2991 764 3050 imo
795 3011 881 3066 tero,
910 3011 984 3069 quae
1013 3003 1133 3052 naturas
1154 2991 1230 3051 ratio
1254 3001 1312 3062 cst,
1329 2996 1369 3042 ΝΜ

144 3092 282 3170 jungeret
300 3089 467 3166 cernendo,
483 3107 571 3168 quam
594 3088 749 3170 jungendo
782 3101 923 3150 cerneret.
965 3087 1054 3158 Unde
1075 3088 1109 3150 in
1138 3087 1243 3168 primis
1261 3095 1369 3166 repetet·

17 3227 30 3242 ·
150 3189 218 3250 dam
246 3187 507 3269 explieandnmqne
527 3207 648 3263 censeo,
661 3207 747 3266 :quae
767 3187 801 3248 in
821 3187 886 3264 ejus
910 3199 971 3250 tam
995 3187 1124 3248 oratione
1150 3206 1240 3265 quam
1268 3180 1368 3265 philffil

150 3289 222 3370 plaia
239 3287 575 3368 exstat‚perspicnitatis
587 3307 656 3346 cnm
671 3285 756 3366 eopia
775 3297 804 3346 et
818 3285 1026 3346 concinnitate
1042 3285 1288 3364 conjunctionem.
1308 3271 1369 3352 Quod

150 3399 213 3446 tem
241 3386 386 3467 explicare
410 3385 547 3464 juvabit,
575 3405 665 3465 quum
694 3383 733 3444 od
760 3385 945 3446 rhetorem
974 3383 1145 3464 philosophi
1168 3377 1368 3466 persentrlfflll

151 3485 240 3548 Hanc
260 3499 354 3545 antem
374 3485 407 3544 in
430 3482 548 3544 modam
576 3503 642 3544 oum
657 3483 776 3563 ,analyoi
802 3484 836 3543 in
865 3480 1104 3564 philosophando·
1134 3495 1266 3544 uteretur
1292 3475 1368 3542 Plato

153 3583 257 3644 ducem
287 3603 317 3643 se
347 3582 433 3642 nobis
461 3581 615 3663 praehnit,
642 3601 746 3662 quem,
767 3582 829 3642 sire
855 3580 1087 3662 philosophiam,
1108 3580 1170 3642 sive
1195 3592 1271 3640 artes
1287 3569 1370 3636 doctri

151 3703 259 3762 masque
277 3696 398 3743 tractare
416 3682 615 3760 instituimus,
636 3680 771 3740 lubenter
789 3700 950 3758 sequamur.
990 3679 1079 3755 Non,
1105 3679 1188 3758 quasi
1207 3678 1269 3760 ipse
1292 3667 1370 3736 tremi·
1410 3677 1411 3716 t

150 3795 210 3842 tem
221 3825 229 3856 ,
251 3774 341 3860 qaam
360 3779 447 3840 nobis
466 3779 632 3855 indicavit,
652 3791 729 3838 reste
748 3798 859 3859 semper
885 3791 999 3842 semitas
1023 3777 1082 3851 sit,
1103 3776 1153 3838 nel
1178 3775 1301 3857 placita,
1318 3782 1369 3848 quse

151 3877 206 3938 luae
233 3877 376 3938 cernendi
395 3877 603 3958 jungendiqne
630 3875 768 3938 methodo
798 3876 934 3952 invenit,
963 3875 1110 3940 sernum
1133 3872 1313 3942 simoneis.
1343 3861 1369 3922 Et

151 3976 238 4038 semo
255 3977 313 4035 ruit
330 3976 454 4038 alvisus
471 3976 573 4053 erno,
595 3991 624 4036 a
646 3975 767 4046 maan
798 3974 912 4055 aliquid
941 3973 1104 4036 aesinam
1127 3993 1228 4054 ,neo
1247 3984 1295 4032 at.
1328 3955 1367 4022 sa
1409 4019 1410 4036 ,

150 4077 243 4157 ipsam
259 4074 487 4156 philosophandi
516 4076 683 4150 rationem,
702 4095 789 4153 quam
821 4073 976 4155 probarit,
997 4094 1050 4134 nos
1070 4092 1186 4152 quoque
1216 4069 1296 4132 unio
1317 4077 1367 4143 W
1409 4067 1410 4084 ¹

149 4174 280 4236 hindam
304 4193 463 4234 censemus.
505 4175 564 4250 Qui
582 4187 646 4255 psst
665 4195 730 4234 eum
747 4173 922 4234 exstiterunt
941 4171 1109 4254 philosophi
1119 4170 1190 4246 ,sic
1211 4167 1310 4251 placita
1324 4158 1366 4218 [ἐκ

11 4259 16 4268 “
76 4334 83 4351 ‚
151 4295 203 4333 sna
223 4274 284 4334 sive
312 4273 468 4354 analyticis
496 4274 562 4334 sive
590 4272 771 4354 syntheticis
800 4270 1098 4335 demonstrationibus
1117 4272 1328 4354 ¹asposrtettutls
1344 4261 1365 4310 ¹¹¹

150 4372 292 4432 docerent
317 4372 413 4448 alios,
442 4374 599 4452 generique
632 4373 761 4434 humano
790 4372 963 4452 sapientiam
991 4361 1103 4430 scilicet
1130 4389 1210 4430 suam
1237 4359 1363 4428 traderem·

151 4471 216 4532 Noa
235 4472 275 4532 ita
294 4465 394 4536 Plato:
423 4472 590 4551 quaerendo
609 4471 742 4553 presedit
761 4489 891 4552 semper:
912 4483 1013 4550 estque
1032 4471 1095 4548 ejus
1126 4461 1302 4550 philosophia
1318 4467 1361 4512 ¹¹⁰⁵
