2908 5114
733 295 792 357 368

109 463 116 476 ”
145 467 233 525 fuisse
251 462 456 546 philosophos,
482 461 532 539 qui
550 449 643 536 hujus
656 430 837 535 doctrinam,
864 479 949 539 quam
968 459 1018 538 qui
1037 459 1165 518 Platonis
1183 452 1380 538 sequerentur.

144 564 202 623 Sed
218 563 273 622 hoc
291 560 409 640 quidem
429 556 639 638 explicandum
669 558 818 618 fortassee
836 559 954 621 levitate
972 558 1085 638 generis
1105 557 1195 616 nostri
1214 571 1255 617 est
1265 604 1275 633 ,
1295 559 1382 618 altius

39 657 43 669 ’
144 664 204 722 fere
223 661 355 732 evolare,
376 677 462 736 quam
480 657 571 736 ipsius
591 669 695 716 natura
713 657 787 733 lert,
817 658 980 737 gestientis,
1003 655 1081 715 illud
1098 676 1168 719 vero
1187 656 1278 734 magis
1295 657 1382 715 etiam

144 757 309 818 mirandum
327 770 356 816 et
373 757 425 817 vix
443 745 585 834 explicari
611 775 693 835 posse
714 753 866 829 videatur,
897 757 1031 814 inanium
1059 754 1234 813 somniorum
1264 753 1381 834 plenam

144 857 274 917 habitam
293 855 382 914 foisse
400 854 460 912 fere
480 852 610 912 Platonis
628 852 865 934 philosophiam,
886 853 1035 928 Platonis,
1057 852 1189 930 inquam,
1203 854 1381 928 cujusomne

145 955 274 1015 studium
292 954 378 1011 unice
398 950 437 1010 ad
456 951 528 1009 falsa
548 963 576 1008 et
598 951 700 1010 inania
718 973 734 1010 a
752 951 828 1012 veris
849 953 989 1030 certisque
1010 949 1218 1029 distinguenda
1228 951 1380 1030 pertinuit.
1448 960 1449 982 ¹

145 1053 193 1112 Sic
213 1065 308 1110 autem
324 1049 453 1128 judicari
471 1047 558 1126 vulgo
577 1046 613 1106 de
633 1048 875 1131 philosophorum
893 1049 1045 1130 principe,
1072 1048 1137 1126 quis
1156 1062 1197 1107 est
1216 1048 1267 1126 qui
1295 1049 1381 1127 igno-

146 1153 214 1211 retl
244 1149 294 1208 Nil
323 1149 402 1207 enim
430 1147 727 1226 exagitaricrebrius
755 1147 792 1206 ab
820 1149 898 1206 omni
928 1146 1080 1220 hominum
1106 1165 1210 1226 genere
1228 1146 1380 1220 audimus,

147 1269 232 1327 quam
251 1246 382 1305 fictiones
401 1245 583 1321 Platonicae,
605 1245 768 1305 Platonicae
788 1245 985 1327 respublicas,
1016 1266 1092 1305 vana
1113 1244 1243 1304 Platonis
1262 1244 1299 1304 de
1322 1266 1381 1325 per·
1448 1317 1449 1322 ἵ

147 1347 231 1405 sectis
251 1344 436 1418 hominibus,
463 1343 595 1422 legibus,
627 1343 815 1418 civitatibus,
848 1344 966 1403 mundis
985 1356 1154 1402 commenta.
1197 1342 1381 1422 Repetendus

147 1445 298 1504 hominurn
318 1462 396 1500 error
415 1454 491 1500 esta
512 1442 651 1519 sequioris
671 1443 736 1526 aevi
756 1442 934 1515 Platonicis,
961 1442 1012 1521 qui
1036 1441 1081 1503 vel
1115 1440 1224 1521 placita
1257 1440 1380 1499 obtruse·
1448 1475 1449 1500 r

148 1554 218 1605 rrmt
236 1540 350 1601 Platoni
370 1538 406 1597 ab
427 1539 519 1618 ipsius
538 1538 725 1620 philosophia
742 1540 856 1615 aliena,
880 1541 930 1600 vel
951 1541 1042 1621 ipsius
1064 1539 1173 1620 placita
1202 1538 1380 1619 interpretati
1448 1615 1449 1624 ἵ

148 1660 281 1722 perverse
308 1649 383 1699 sunt.
427 1637 538 1711 Quodsi
565 1637 602 1696 de
628 1637 674 1696 his
703 1639 774 1719 ipsis
802 1641 983 1718 quaerimus,
1015 1637 1088 1716 quid
1115 1657 1232 1696 caussae
1251 1635 1381 1698 videatur
1448 1625 1449 1630 ἵ

149 1759 228 1812 esse,
260 1751 326 1795 uta
347 1736 396 1794 via
423 1734 552 1793 Platonis
581 1734 800 1811 aberraverint,
833 1737 914 1796 Plato
942 1737 1004 1817 ipsc
1034 1755 1132 1794 eorum
1153 1749 1380 1811 caeterorumque
1448 1789 1449 1800 ,

150 1833 295 1894 erroribus
312 1831 558 1912 opportunitatem
580 1832 747 1912 praebuisse
766 1833 910 1894 dicendus
938 1848 989 1894 est.
1031 1835 1103 1892 Nam
1132 1833 1260 1913 primum
1279 1838 1379 1910 poiein

150 1939 258 2008 refert,
285 1945 317 1990 ut
336 1929 373 1987 ab
392 1929 478 1988 initio
499 1929 569 1988 inde
589 1929 750 1991 identidem
772 1934 1049 2008 animadvertimus,
1079 1930 1266 2012 philosophia
1292 1927 1379 1986 Plato·
1448 1921 1449 1924 '

151 2036 208 2095 nis.
232 2029 261 2112 1)
290 2028 326 2088 ld
344 2027 513 2106 vulgaribus
532 2027 731 2110 philosophis,
762 2051 884 2109 quornm
903 2031 1049 2090 industria
1076 2031 1227 2108 omnisque
1256 2026 1380 2108 philoso-

151 2131 220 2213 phia
238 2123 457 2200 ratiocinando,
478 2125 648 2205 probando,
675 2126 901 2188 demonstrando
930 2128 1191 2207 concludendoque
1221 2123 1380 2208 procederet

152 2229 257 2300 unice,
286 2243 385 2284 ansam
402 2221 503 2296 dedit,
534 2236 565 2281 ut
584 2229 733 2302 poitarum
754 2225 923 2285 fictionibus
940 2227 1048 2306 placita
1068 2225 1199 2284 Platonis
1218 2241 1380 2282 annumera·
1436 2217 1439 2225 ’

153 2340 236 2400 rent,
266 2335 311 2396 et,
343 2340 400 2398 qua
429 2319 611 2377 contumacis
632 2336 747 2401 poetas,
768 2323 1039 2382 ebdem'Platonem
1066 2321 1260 2404 despicerent.
1300 2322 1380 2379 Porro

153 2423 256 2482 iisdem
275 2415 400 2480 subinde
421 2415 542 2477 vocibus
560 2417 660 2493 Plato,
681 2421 732 2498 qui
749 2426 901 2500 poetarum
920 2443 981 2480 mos
999 2435 1060 2497 est,
1082 2441 1127 2479 res
1146 2419 1276 2482 divorsas
1300 2418 1380 2496 signi·
1448 2463 1449 2492 ,

153 2519 261 2582 ficavit.
303 2508 395 2588 Εἶδος
432 2525 460 2572 et
480 2507 560 2586 lelio,
591 2536 664 2593 quae
693 2517 849 2598 distinguit
878 2539 1108 2598 nonnunquam,
1138 2520 1200 2576 fere
1227 2517 1380 2598 promiscue

153 2632 290 2698 usurpate
312 2615 345 2695 2)
374 2611 603 2697 παραδείγματα
623 2614 776 2690 similiter,
806 2637 879 2694 quae
897 2618 996 2696 qualia
1017 2617 1078 2675 sint
1096 2636 1111 2673 e
1129 2617 1248 2674 Timaeo
1274 2613 1380 2673 intelle·

152 2716 268 2790 nimus,
290 2715 327 2774 de
347 2715 422 2777 ideis
439 2717 545 2797 accipit
563 2699 652 2784 item..
665 2711 696 2794 3)
726 2714 805 2772 Hinc
814 2759 823 2788 ‚
835 2715 868 2772 in
888 2715 990 2794 primis
1010 2714 1151 2794 veroipsa
1162 2709 1379 2794 philosophandi

152 2811 330 2872 sublimitate
347 2815 473 2889 factum,
496 2827 527 2871 nt
545 2813 632 2870 multi
650 2805 798 2871 Platonem
818 2823 847 2868 et
874 2831 1024 2890 perperam
1050 2813 1328 2892 interpretarentur,
1354 2821 1380 2867 et

153 2910 205 2970 vix
229 2925 346 2990 possent
373 2911 494 2990 assequi.
517 2911 626 2988 «Cujus
655 2909 697 2966 rei
725 2909 857 2989 exempla
890 2909 984 2969 afferri
1004 2910 1158 2969 innumera
1176 2911 1305 2990 possint,
1332 2927 1380 2966 nos

152 3029 243 3066 unum
261 3030 277 3067 e
294 3008 418 3069 Senecae
439 3008 568 3089 epistolis
587 3009 752 3083 afferamus,
780 3007 859 3086 quod
878 3006 956 3072 idem
976 3007 1061 3066 nobis
1089 2999 1298 3068 admonitionis
1325 3005 1380 3068 vim

152 3103 291 3182 habebit,
322 3128 359 3166 ne
387 3107 521 3166 similiter
540 3125 686 3165 erremus.
730 3106 796 3185 Agit
825 3125 891 3164 oum
919 3107 1012 3185 amico
1043 3120 1142 3166 auctor
1170 3105 1207 3165 de
1235 3105 1379 3168 verborum

152 3204 306 3284 generibus
323 3204 518 3280 Graecorum,
539 3225 611 3283 quae
636 3224 697 3262 non
726 3205 766 3262 ita
793 3203 880 3262 facile
906 3200 1009 3262 Latine
1041 3218 1203 3266 vertantur.
1252 3205 1380 3262 Tertium

150 3324 248 3382 genna
277 3313 321 3364 eet
350 3325 470 3378 eoram,
502 3325 577 3382 qnae
600 3311 726 3380 proprie
756 3315 843 3362 sunt:
874 3304 1114 3362 innumerabilia
1137 3305 1209 3360 liaeo
1229 3311 1316 3376 eunt,
1333 3291 1380 3358 sed

154 3411 242 3458 entra
266 3411 405 3459 nostrum
428 3409 530 3479 posita
561 3411 757 3478 conspectum.
803 3400 885 3480 Quae
915 3411 1008 3476 eant,
1036 3400 1234 3482 interrogat?
1263 3403 1378 3478 proprio

153 3497 295 3559 Platonis
315 3501 448 3578 capellae
467 3509 520 3559 eet.
563 3499 588 3558 I
593 3501 692 3558 deae
713 3509 818 3574 vorot,
851 3502 1016 3577 exquibus
1045 3503 1165 3575 omnia,
1197 3517 1378 3578 praetereaque

104 3655 106 3662 .
152 3601 306 3675 videmus,
337 3601 445 3677 fiant,
481 3610 511 3657 et
539 3600 579 3656 ad
608 3620 683 3677 qaas
709 3608 820 3656 cuneta
842 3601 1039 3674 formantur.
1089 3597 1157 3656 Hae
1183 3597 1377 3667 immortales,

153 3701 376 3774 immutabiles,
397 3699 586 3756 inviolabiles
607 3707 689 3756 erent.
734 3695 815 3774 Quid
835 3704 877 3755 eit
896 3698 984 3771 idea,
1013 3699 1129 3771 idest,
1160 3698 1235 3775 qnid
1262 3696 1377 3754 Platoni

154 3817 214 3854 esee
228 3799 388 3872 videatur,
406 3799 505 3855 andi.¹
531 3794 606 3852 Idea
633 3805 678 3853 est
704 3816 829 3870 eorum,
855 3816 930 3872 qaae
957 3800 1074 3852 notarri
1092 3796 1202 3871 fiant,
1237 3791 1379 3868 exemplar

155 3903 322 3954 aeternum.
365 3895 523 3972 Adjieiam
539 3895 713 3970 definitioni
732 3891 1039 3970 interpretationem,
1061 3915 1117 3970 qao
1142 3894 1199 3950 tibi
1226 3913 1276 3950 res
1301 3905 1377 3968 aper·

155 4000 217 4050 tior
233 3993 300 4064 fiat.
344 3993 414 4056 Volo
432 4001 599 4073 imaginem
624 4001 709 4050 tuum
731 3994 862 4068 facere:
893 3993 1048 4068 eeemplar
1074 3999 1217 4068 picturae
1246 4001 1274 4048 te
1299 3989 1379 4045 babeo

191 4236 220 4300 1)
238 4237 270 4288 ln
290 4237 340 4287 ilem
364 4236 456 4304 spraclr
480 4236 533 4286 sicli
550 4223 774 4305 der'peitiscbe
792 4234 929 4288 character
945 4238 989 4289 cler
1006 4219 1128 4289 Gmecben
1146 4232 1378 4305 philosophiech

156 4339 210 4374 aas.
228 4322 271 4374 Sic
286 4323 376 4392 paucis
391 4321 478 4372 verbis
488 4321 631 4384 ,Hactenus
650 4312 704 4374 iem
720 4330 815 4386 totam,
836 4331 863 4373 ut
885 4324 971 4387 solet,
989 4323 1116 4390 exprimit.
1125 4322 1200 4376 liein
1212 4319 1254 4384 111,
1265 4333 1282 4366 1·
1293 4314 1376 4384 p·l5¹·

191 4404 222 4469 2)
243 4407 301 4457 vid.
319 4407 396 4473 Wytt.
410 4407 443 4458 ad
458 4405 550 4457 Plinii.
566 4423 591 4474 p.
607 4405 671 4471 270,
689 4405 754 4469 274,
774 4406 832 4458 275.

191 4489 222 4554 3)
246 4492 341 4544 Pleraei.
359 4491 418 4544 176.
433 4491 463 4544 E.
483 4490 530 4544 Cli.
544 4491 620 4544 letitia
632 4507 657 4558 p.
672 4489 732 4543 333.
