2898 5120
575 261 577 272 ⁴
664 292 733 377 ros,

78 466 243 550 exploratur
270 461 396 524 sitientis
421 459 568 534 hominis,
607 461 657 539 qui
687 460 811 520 maxime
839 460 958 520 ducitur
986 457 1111 518 bibendi
1140 459 1310 539 cupiditate.

88 562 237 622 «sitientis
254 561 388 635 animus,
409 559 449 618 ait
467 557 616 635 Socrates,
636 572 781 638 quatenus
800 559 880 634 sitit,
902 580 960 618 non
979 555 1062 617 aliud
1081 559 1205 639 appetit,
1226 577 1311 638 quam

85 661 191 720 bibere:
211 659 266 719 hoc
287 671 414 739 spectat,
444 656 501 716 lruc
521 655 617 716 tendit
637 657 732 716 unice.
749 693 784 706 ·-
804 643 941 736 Omnino.
961 679 996 688 -
1016 654 1126 732 Quodsi
1146 658 1236 736 igitur
1255 657 1311 732 sit,

83 759 155 838 quod
180 758 324 816 sitientem
353 756 439 814 illum
468 754 610 828 retrahat,
640 753 726 813 uliud
755 753 787 813 id
814 754 846 813 in
877 754 974 814 auimo
997 733 1076 828 erit,
1103 773 1189 832 quam
1216 752 1311 829 illud,

84 856 155 935 quod
170 856 251 929 sitit,
272 854 442 934 ipsumque,
466 865 496 910 ut
515 851 624 926 feram,
645 849 682 910 ad
711 850 875 910 bibendum
904 850 1048 932 impellit:
1071 873 1131 912 non
1152 852 1230 910 enim
1247 851 1311 910 lieri

82 975 157 1034 posse
184 953 326 1025 dicimus,
356 963 388 1008 ut
424 949 502 1009 idem
538 947 610 1026 quid
640 948 740 1008 eadem
770 948 814 1008 sui
845 960 926 1028 parte
951 949 1030 1008 cirea
1060 949 1137 1008 idem
1165 951 1312 1009 contraria

81 1063 149 1130 egat
179 1079 214 1094 ⁶—-
244 1049 308 1108 Non
339 1059 425 1108 certe.
457 1069 492 1082 -·
523 1046 774 1121 Quemadmodum
803 1045 960 1106 absurdum
988 1046 1070 1108 dictu
1097 1061 1157 1122 est,
1182 1047 1312 1126 ejusdem

82 1147 217 1227 sagittarii
231 1146 334 1206 munds
350 1165 448 1206 arcum
463 1145 553 1205 simul
571 1143 734 1225 propellere
754 1157 782 1204 et
809 1144 973 1204 retruherc:
993 1144 1171 1220 dicendum,
1193 1145 1312 1206 alteram

83 1266 135 1304 esse
160 1263 276 1304 menum
288 1290 296 1320 ,
315 1263 390 1322 quae
409 1235 568 1324 propellat,
591 1242 730 1315 alterum,
750 1262 824 1320 quae
854 1242 990 1302 retrahat.
1010 1274 1046 1284 -
1066 1244 1110 1304 lta
1137 1253 1254 1324 prorsus
1282 1264 1310 1302 se

83 1365 123 1402 res
146 1344 243 1403 habet.
265 1373 300 1384 —·
320 1342 492 1402 Fatemurne
523 1362 582 1402 esse
610 1340 742 1419 aliquos,
771 1341 841 1419 qui,
864 1361 930 1400 eum
959 1341 1078 1416 sitiant,
1100 1361 1312 1422 nonnunquam

81 1441 176 1500 hibere
200 1440 322 1500 nolint?
343 1469 379 1478 -
396 1439 507 1499 Multos
536 1460 605 1499 sane
635 1451 662 1498 et
681 1437 793 1498 crebro.
814 1473 850 1484 -
870 1439 951 1512 Quid
967 1439 1057 1520 igitur
1078 1439 1114 1500 de
1136 1439 1214 1498 hisce
1233 1439 1333 1500 dicat·

79 1539 207 1618 aliquis?
242 1539 347 1598 Nonne
365 1539 458 1598 inesse
476 1538 510 1596 in
527 1558 625 1596 eorum
643 1537 761 1611 animo,
778 1536 857 1616 quod
871 1537 991 1615 jubeat,
1010 1538 1105 1598 inesse
1125 1539 1212 1612 item,
1233 1537 1313 1618 quod

83 1651 153 1697 vetet
168 1636 287 1710 bibere,
307 1655 429 1714 quorum
449 1636 503 1695 hoc
518 1635 637 1714 jubenti
658 1635 705 1694 illi
726 1635 873 1715 imperat?
897 1670 929 1680 —-
951 1635 1077 1698 Videtur
1096 1637 1169 1696 milri
1185 1657 1264 1696 sane.
1278 1675 1313 1686 -—

81 1737 179 1795 Nonne
206 1735 295 1815 igitur
319 1734 398 1813 quod
428 1733 565 1814 prohibet
590 1733 664 1807 ista,
686 1733 736 1792 ubi
765 1733 897 1807 exsistit,
919 1735 1063 1794 eratione
1080 1734 1219 1796 exsistit?
1240 1750 1313 1814 quae

82 1853 145 1894 vero
172 1845 262 1914 agunt
290 1832 467 1912 trahuntque
492 1833 526 1891 in
556 1831 651 1891 varias
674 1845 770 1911 partes
797 1832 943 1907 animum,
965 1854 1002 1892 ex
1027 1833 1176 1892 affectibus
1195 1847 1313 1913 pertur-

80 1929 301 2010 bationibusque
330 1931 489 1990 oriuntur?
509 1957 545 1970 -·
565 1933 703 2011 Apparet.
723 1965 760 1976 -
778 1923 829 1989 ot
847 1920 891 2011 tq*
910 1923 1028 2010 ἀλόγως
1050 1925 1214 2006 α’ξιώσομον
1238 1923 1314 1991 oded

77 2023 162 2090 διττά
189 2051 221 2090 τε
249 2026 300 2090 καὶ
328 2024 417 2111 ἕτερα
448 2021 584 2109 ἀλλήλων
615 2021 703 2088 εἶναι·
731 2023 772 2089 ro*
801 2026 859 2110 μὲν
890 2021 1082 2118 ᾦλογὶζετοι
1104 2025 1314 2114 loyrorrsrdv

76 2123 342 2214 προσαγορεύοντες
368 2130 423 2212 τῆς
449 2127 569 2210 ψυχῆς·
593 2125 632 2190 ro*
659 2125 696 2190 δὲ
720 2119 745 2217 ᾦ
774 2129 830 2218 ἐρᾷ
856 2156 887 2194 τε
913 2133 963 2197 sot
988 2133 1076 2222 πεινῇ
1095 2135 1144 2196 nod
1164 2135 1245 2222 διψῇ
1264 2131 1313 2196 καὶ

78 2233 143 2315 περὶ
163 2228 220 2307 τὰς
241 2227 330 2306 ἄλλος
350 2228 517 2311 ἐπιθυμίας
547 2225 709 2314 ἐπτόηται,
730 2228 935 2316 diripiendo
961 2259 992 2300 te
1016 2237 1067 2300 not
1093 2237 1314 2320 ἒοοθομητο-

76 2330 155 2411 adv,
186 2327 369 2417 πληρώσεών
396 2355 484 2395 τινων
511 2332 563 2415 etei
592 2329 712 2416 q'dovtdv
744 2331 880 2420 ἑοοῖροο·
911 2363 969 2402 eron
988 2351 1090 2425 igitar
1110 2349 1313 2402 sisinnatium

77 2440 133 2497 duo
158 2441 218 2498 stra
247 2458 308 2496 erse
338 2447 368 2496 et
394 2455 412 2494 o
442 2457 472 2495 re
498 2444 627 2496 invicem
655 2440 776 2498 diverso
806 2451 994 2501 statuemur:
1015 2451 1045 2500 et
1068 2439 1150 2499 ettad
1174 2443 1312 2519 quidem,

80 2557 131 2613 qno
153 2542 366 2595 ratiocinatur
396 2542 535 2610 unimus,
566 2540 789 2618 rationale
819 2543 1010 2599 vocabimus:
1039 2541 1123 2597 sttod
1150 2561 1238 2614 aero,
1262 2561 1318 2617 qno

78 2645 179 2709 uarat,
211 2641 327 2707 esurit,
357 2639 441 2706 ittet,
473 2641 661 2713 caeterisque
699 2635 920 2712 cupiditatibus
948 2646 1109 2719 agitatur,
1138 2643 1318 2695 irratio·

79 2730 171 2792 nole
193 2741 223 2789 et
243 2738 554 2808 concupiscens,
575 2733 773 2810 repletionem
792 2737 987 2814 quor-amdam
1008 2758 1043 2794 oc
1063 2738 1251 2814 voluptatem
1271 2757 1319 2794 ra·

79 2837 166 2891 nam.
186 2858 221 2872 —-
239 2832 305 2890 Non
324 2847 410 2903 sene,
430 2828 482 2888 sed
503 2831 605 2890 merito
622 2831 663 2890 ita
680 2833 903 2895 censebimus.»
931 2831 961 2913 1)

181 3025 237 3085 tte
260 3028 588 3105 distinguendo
622 3030 670 3085 ad
697 3014 971 3107 disserente,
997 3039 1072 3110 qut
1099 3030 1217 3090 raetia

565 3132 698 3202 inest,
727 3130 832 3216 θυμῷ.

116 3321 175 3385 ch
208 3343 277 3386 vero
306 3345 358 3384 nos
382 3323 513 3383 Socrates
537 3325 578 3385 ad
611 3347 670 3387 rem
700 3330 801 3410 paullo
827 3330 1023 3391 difficiliorem
1053 3329 1319 3409 intricationemqne

78 3422 285 3502 explicandam
312 3422 406 3482 ducit.
447 3423 543 3482 Inesse
574 3427 675 3501 nobis,
696 3444 809 3508 praeter
835 3430 975 3488 rationem
995 3448 1027 3487 ac
1042 3428 1235 3510 cupiditates,
1255 3442 1315 3487 ter·

78 3520 150 3579 tium
181 3521 316 3601 aliquid,
345 3523 422 3602 qnod
450 3515 556 3599 θυμός
582 3523 741 3586 dicendum
762 3540 821 3600 est,
844 3526 971 3587 videtur.
1013 3528 1076 3585 Hoc
1094 3525 1253 3604 veroquid
1273 3537 1317 3584 est

78 3630 105 3675 et
132 3619 379 3699 quemadmodum
409 3637 450 3682 est
470 3621 506 3682 ah
526 3622 587 3682 illis
606 3608 872 3702 distinguendum?
914 3623 1002 3705 Apud
1022 3645 1075 3683 nos
1094 3624 1153 3682 lere
1173 3623 1223 3703 qui
1242 3621 1316 3680 ethi·

76 3735 139 3775 eam
157 3717 297 3793 tradunt,
319 3719 427 3797 requiri
446 3720 560 3800 aliquid
580 3735 693 3803 praeter
712 3718 772 3780 duo
792 3721 863 3797 illa,
889 3722 1001 3782 vident.
1042 3721 1201 3780 Memorare
1225 3719 1316 3800 igitur

78 3816 248 3873 voluntatis
276 3816 422 3894 quandam
452 3820 512 3880 vim
540 3820 762 3899 facultatemque
789 3819 893 3879 solent.
936 3821 994 3878 Neo
1014 3839 1082 3878 sane
1101 3833 1224 3878 temere:
1247 3839 1314 3878 uam

76 3915 198 3973 tertium
226 3913 288 3971 illis
316 3915 452 3991 accedat,
478 3938 591 3976 necesse
620 3931 670 3977 est.
712 3919 776 3992 Quo
803 3917 891 4001 magis
919 3937 1020 3997 operae
1038 3917 1163 3997 pretium
1183 3931 1238 3991 est,
1259 3916 1314 3975 hac

73 4010 135 4090 ipsa
166 4011 256 4071 dere
282 4005 426 4072 Socratem
451 4032 521 4073 'cum
541 4014 774 4074 adolescentibus
795 4014 856 4074 illis
872 4015 1072 4096 disputantem
1091 4014 1202 4074 audire.
1244 4009 1312 4071 Nar·

73 4121 116 4166 rat
147 4110 311 4185 continno,
341 4111 418 4189 quod
443 4111 485 4173 ¹de
511 4114 655 4188 Leontio,
682 4111 830 4193 Aglaionis
857 4111 937 4187 salio,
960 4126 1109 4194 acceperut
1136 4110 1312 4190 aliquando:

73 4205 155 4266 huno
187 4228 204 4266 e
231 4209 347 4268 Piraeeo
381 4211 414 4270 iu
453 4209 553 4270 urbem
590 4201 835 4293 progredientem,
862 4229 952 4290 quum
971 4211 1112 4272 cadavera
1131 4208 1313 4270 animadver-

74 4378 128 4386 —---
135 4381 335 4390 -—-----..—

108 4481 135 4546 ι)
155 4485 197 4536 oe
213 4488 275 4555 rap,
292 4486 334 4538 ιο.
352 4485 410 4538 rso.
430 4487 529 4540 a-u.
