2950 5134
750 286 768 341 6

148 457 274 529 veterum
304 444 435 504 lectione.
482 443 606 523 Jungere
634 465 680 504 eos
702 458 813 526 oportet
837 445 1031 531 grammatices
1047 443 1175 504 studium
1195 465 1261 504 eum
1279 441 1375 506 studio

115 614 117 618 .
148 563 311 639 poetarum,
332 558 549 634 historicorum,
571 572 730 633 oratorum,
751 544 876 640 ipsarum
893 560 997 620 attium
1017 560 1225 640 ingenuarum,
1246 581 1316 640 quas
1333 561 1375 621 di·

147 671 250 732 dicisse
269 671 393 732 fideliter

472 789 585 846 emollit
602 809 697 846 utores
715 809 767 845 noo
788 795 865 846 sinit
882 809 942 847 ease
949 792 1047 864 sorar.

188 903 224 960 Et
250 901 304 961 boc
333 903 436 960 itinere
455 901 608 982 sanequam
622 901 833 980 jucundissimo
852 903 937 961 facile
955 917 983 963 et
1001 903 1081 962 firme
1100 904 1321 984 progredientur
1339 903 1377 963 ad

147 1017 311 1075 interiorem
340 1017 533 1096 grammatices
560 1018 717 1077 scientiam.
752 1017 795 1076 Ita
818 1018 895 1076 enim
915 1017 1035 1096 judico:
1066 1017 1166 1077 nullus
1195 1019 1378 1097 unquam'in

148 1130 201 1189 hac
219 1145 278 1189 arte
298 1152 416 1211 magnus
436 1132 544 1192 exstitit
561 1133 625 1208 rir,
647 1133 704 1191 nisi
731 1133 781 1211 qui
808 1134 840 1191 in
863 1133 933 1213 ipsis
956 1133 1070 1213 scriptis
1090 1132 1314 1194 veterumvitae
1332 1146 1379 1192 ta-

147 1243 336 1304 bernaculum
355 1235 482 1326 poneret.
521 1248 599 1305 Haec
622 1245 683 1306 ille.
724 1247 914 1306 scholasticae
941 1249 1058 1308 omnino
1074 1248 1180 1306 rationi
1199 1247 1380 1328 repugnabat

148 1370 206 1418 tota
225 1360 281 1420 viri
303 1358 477 1441 disciplina:
499 1361 577 1440 quod
594 1382 609 1421 e
626 1362 740 1442 scriptis
757 1363 818 1440 ejus
837 1363 971 1422 omnibus
988 1375 1085 1445 patet,
1115 1363 1238 1421 maxime
1263 1383 1277 1420 e
1298 1363 1378 1422 Sele-

139 1466 265 1532 ctos-um
282 1476 459 1555 praefatione
478 1491 506 1536 et
525 1483 589 1534 aeta
608 1476 794 1538 Ruhnkenia'.
822 1477 954 1539 Habebat
972 1477 1089 1557 quidem
1107 1477 1160 1536 illa
1179 1477 1318 1537 nonnihil
1337 1499 1377 1537 se·

150 1589 297 1664 veritatis,
318 1590 527 1672 incipientibus
548 1592 671 1650 maxime
694 1605 722 1651 et
744 1592 878 1672 progredi
901 1592 1085 1652 nolentibus:
1107 1613 1199 1672 neque
1225 1613 1292 1653 vero
1317 1595 1378 1674 ipse
1466 1615 1468 1622 ’

150 1705 196 1763 vir
214 1704 308 1791 statim
325 1705 458 1785 placebat
476 1705 619 1766 omnibus.
655 1705 712 1765 Sed
731 1707 841 1787 ut'ipse
851 1753 860 1782 ‚
882 1708 921 1766 ita
945 1709 1006 1786 ejus
1026 1709 1169 1768 institutio
1193 1729 1250 1788 quo
1275 1729 1379 1789 cogno·

150 1824 282 1885 scebatur
301 1822 439 1896 interius,
470 1841 502 1880 eo
521 1823 610 1902 magis
628 1818 859 1901 unumquemque
880 1823 1011 1903 capiebat
1028 1843 1061 1882 ac
1078 1822 1203 1883 tenebat.
1240 1823 1312 1883 Nam
1331 1845 1380 1883 re-

150 1939 259 1999 ferebat
277 1939 466 1997 Hor-arianum
480 1983 482 1990 .
495 1936 572 1996 illud
597 1937 729 2016 idemque
747 1931 940 2012 Socraticum,
970 1937 1155 1999 scholasticae
1174 1939 1379 2000 consuetudini

149 2055 339 2114 contrarium:
423 2053 438 2082 ⁵

462 2163 598 2226 doctrino
618 2170 668 2226 aad
685 2175 746 2225 vim
758 2177 909 2244 promovet
925 2175 1061 2227 insitum.

191 2284 248 2343 Sed
265 2284 340 2343 facte
350 2329 358 2358 ‚
385 2285 540 2366 Creuzerel,
560 2283 636 2342 vitae
655 2282 885 2342 Ruhnkenianae
903 2282 1061 2357 mentione,
1083 2283 1158 2342 ultro
1176 2283 1309 2345 recordor
1322 2284 1378 2344 loci

152 2401 183 2458 in
203 2407 265 2457 vua
284 2412 332 2457 tua
343 2444 351 2473 ‚
381 2420 397 2456 a
415 2397 562 2478 temetipso
585 2417 677 2476 nuper
691 2397 763 2456 miro
785 2395 909 2456 candore
928 2396 1069 2477 descripta
1080 2445 1088 2473 ‚
1115 2398 1169 2474 ubi¹
1186 2401 1303 2475 fateris,
1323 2399 1379 2458 hoc

151 2513 371 2594 Wyttenbacbii
390 2513 527 2593 scriptum
545 2512 604 2573 vim
625 2511 656 2570 in
675 2524 703 2570 te
721 2490 855 2571 habuisse
873 2512 1024 2571 maximam
1044 2511 1081 2572 ad
1099 2512 1193 2572 studia
1211 2513 1282 2573 baec
1301 2515 1379 2595 regia

92 2636 97 2648 ‘
153 2608 200 2690 vil
218 2627 423 2709 persequenda.
461 2627 545 2701 Quod
574 2640 605 2685 ut
631 2625 706 2705 legi,
727 2625 787 2684 dici
807 2648 866 2685 non
885 2640 995 2708 potest,
1015 2643 1190 2710 quantopere
1209 2629 1379 2692 delectarer.

152 2745 223 2803 Nam
251 2742 403 2818 videbam,
430 2744 567 2801 Creuzero
590 2761 651 2799 meo
677 2739 752 2800 idern
773 2741 825 2800 illo
853 2755 996 2823 tempore,
1017 2742 1094 2821 quod
1120 2744 1210 2819 mihi,
1231 2745 1380 2806 accidisse.

152 2860 231 2934 Quae
250 2856 354 2917 similia
378 2858 410 2916 in
430 2859 583 2916 amicorum
603 2855 688 2914 rebus
707 2857 829 2915 maxime
846 2857 948 2916 'valent
964 2857 1001 2916 ad
1021 2859 1181 2918 animorum
1200 2861 1380 2939 conjunctio·

153 2995 227 3034 nem.
257 2973 293 3032 Et
312 2993 379 3031 sane
398 2973 495 3032 mirari
514 2973 555 3031 sic
576 2969 667 3045 desii,
682 2971 802 3030 eandem
820 2985 848 3031 te
867 2974 898 3032 in
916 2972 962 3030 his
982 2971 1073 3032 literis
1091 2973 1220 3034 colendis
1239 2977 1379 3036 rationem

154 3091 310 3170 ingressum
333 3109 408 3162 esse,
428 3107 514 3166 quam
530 3098 685 3144 tenuerunt
702 3086 946 3166 Wyttenbachius
956 3133 964 3162 ,
986 3087 1196 3165 Ruhnkenius,
1216 3091 1379 3151 Valckena-

154 3206 213 3263 rius
222 3250 231 3279 ‚
250 3202 499 3276 Hemsterhusius,
520 3200 618 3261 eadem
639 3214 667 3260 te
677 3246 685 3276 ‚
708 3214 791 3280 atque
814 3202 913 3261 heroas
938 3202 1022 3278 illos,
1042 3217 1169 3262 secutum
1187 3225 1244 3263 esse
1261 3219 1289 3264 et
1306 3227 1376 3264 asse·

153 3334 259 3378 rutum.
290 3319 349 3399 Ego
368 3339 436 3378 vero
455 3316 561 3376 librum
581 3316 636 3395 legi
655 3337 723 3378 curn
740 3318 802 3398 ipso
816 3317 1051 3398 Wyttenbachio.
1081 3319 1153 3376 Nam
1171 3339 1276 3399 paucae
1295 3335 1377 3378 erant

153 3435 273 3515 paginae
295 3433 372 3514 typis
397 3453 563 3514 expressae,
588 3453 676 3510 quum
698 3431 803 3491 Leidae
827 3435 887 3511 ejus
912 3432 1036 3513 hospitio
1061 3432 1169 3492 utebar.
1214 3433 1276 3492 Huc
1300 3435 1377 3492 enirn

153 3551 323 3630 migraverat
346 3549 461 3628 pietatis
476 3568 572 3606 caussa
588 3566 651 3625 erga
674 3546 881 3616 Ruhnkenium
905 3568 1004 3620 suum,
1028 3546 1065 3606 ad
1088 3569 1146 3606 rem
1164 3548 1376 3628 provehendam

153 3665 331 3724 calamitosae
346 3662 446 3722 domus
466 3661 705 3721 Ruhnkenianae.
744 3661 838 3720 Multo
857 3662 945 3742 igitur
962 3682 1044 3720 mane
1062 3661 1189 3742 legebam
1207 3663 1283 3721 solus
1293 3709 1302 3738 ‚
1322 3685 1378 3742 qua

148 3782 208 3857 jam
229 3779 309 3860 prelo
336 3779 482 3837 exierant:
514 3790 574 3836 tum
597 3777 727 3855 proxima
751 3776 940 3858 persequebar
963 3797 1028 3836 cum
1053 3778 1114 3858 ipso
1139 3791 1271 3854 auctore,
1293 3779 1378 3858 quie

98 3911 100 3916 ’
154 3895 259 3974 scripto
279 3914 329 3951 suo
348 3891 536 3973 praelegebat.
575 3890 767 3950 Jucundiores
781 3889 864 3949 horas
879 3911 922 3948 me
940 3913 992 3972 per
1011 3907 1097 3953 totam
1116 3892 1205 3953 vitam
1223 3894 1379 3974 transigere

154 4029 213 4068 non
233 4008 359 4066 memini.
396 4006 480 4081 Quod
499 4005 576 4064 enim
593 4003 696 4066 dicunt
713 4007 790 4079 fere,
820 4007 869 4085 qui
887 4015 981 4066 vitum
1000 4007 1078 4067 illam
1094 4007 1242 4087 legerunt,
1261 4007 1379 4068 rediisse

155 4147 182 4181 se
202 4123 287 4204 plane
308 4123 338 4180 in
358 4121 408 4182 illa
426 4136 571 4201 tempora,
586 4119 692 4198 quibus
707 4121 783 4180 vixit
797 4121 1008 4196 Ruhnkenius,
1027 4123 1080 4181 hoc
1100 4123 1171 4181 mihi
1187 4125 1246 4202 jam
1265 4123 1378 4182 contiu-
1437 4115 1440 4124 ¹

155 4239 237 4319 gebat
255 4238 381 4297 omnium
401 4237 532 4296 maxime.
562 4235 633 4294 Nam
653 4233 825 4316 abrumpens
845 4237 896 4296 ille
914 4235 1038 4296 subinde
1058 4237 1223 4314 lectionem,
1244 4237 1380 4298 narrabat

155 4353 319 4415 suavissime
338 4352 374 4412 de
392 4351 567 4411 Ruhnkenio
577 4396 586 4426 ,
606 4350 643 4410 dc
661 4350 853 4412 Valckenario
863 4399 870 4426 ,
892 4351 928 4412 de
943 4373 993 4411 sua
999 4354 1152 4430 juventute
1162 4400 1171 4429 ‚
1190 4375 1278 4435 quum
1287 4352 1380 4413 adiret

96 4537 101 4566 Ι
155 4469 276 4549 primum
296 4467 347 4527 hos
368 4466 513 4528 literarum
531 4467 686 4548 principes.
726 4467 767 4525 De
785 4467 890 4545 quibus
908 4466 1087 4528 ambulantes
1107 4468 1266 4530 identidem
1286 4481 1314 4528 et
1332 4489 1380 4526 ru·
