2838 5120
584 273 640 330 221

34 440 94 500 ordo.
130 439 189 498 Nati
221 449 302 496 erant
328 432 365 494 ad
391 433 603 515 philosophiam
623 433 746 506 Graeci,
767 453 880 512 quoque
899 432 1041 492 ardebant
1060 431 1229 510 inquirendi

33 538 124 612 studio,
142 535 217 594 haud
243 533 393 594 cessabant
421 531 674 614 philosophando,
696 531 788 590 donec
818 553 913 590 rerum
926 535 929 540 ’
940 553 1052 591 caussas
1070 533 1131 592 sive
1149 553 1231 594 veras

32 636 178 716 reperissent
206 633 267 692 sive
295 631 450 692 finxissent
476 630 650 711 probabiles.
702 629 815 703 Quibus
842 632 907 708 quis
935 630 1142 690 animadversis
1170 633 1231 690 for-

33 749 87 794 tasse
111 730 228 805 efficiat,
250 744 282 788 ut
308 731 432 810 sapienti
461 729 606 809 proposito
635 728 687 788 has
715 727 861 788 doctrinas
887 729 1031 806 coluerint
1050 730 1232 806 Orientalcs,

33 851 117 907 noque
151 828 274 887 colamus
300 821 413 902 hodie,
445 849 541 886 eorum
567 823 659 886 'secuti
688 827 872 913 exemplum,
893 828 933 886 sic
964 827 1086 888 Graecos
1105 829 1232 888 evolasse

33 943 131 1002 temere,
152 941 287 1007 spectasse
314 925 391 1004 quod
419 926 562 1006 placeret,
583 925 660 1003 quod
686 946 754 986 vero
772 925 843 984 utile
864 941 935 985 esset
952 927 1118 986 hominibus
1135 927 1232 986 homi-

32 1046 133 1104 numque
159 1025 286 1084 societati
315 1023 485 1103 neglexisse.
528 1025 583 1084 Cui
610 1044 660 1104 ego
690 1023 850 1082 sententiae
879 1024 960 1084 haud
978 1025 1064 1084 facile
1083 1027 1231 1086 assentiar.

33 1123 187 1198 Utilitatem,
208 1124 317 1197 fateor,
339 1144 399 1182 non
417 1136 583 1203 spectarunt
606 1122 758 1196 continuo,
779 1141 850 1200 quae
870 1123 930 1182 viti
949 1124 1094 1184 commode
1112 1139 1240 1206 apteque

31 1221 189 1301 transigendi
219 1222 365 1283 cernitur:
396 1211 567 1300 quamquain
595 1221 629 1279 in
657 1220 727 1298 ipsis
754 1219 816 1278 illis
843 1219 879 1278 de
902 1213 1040 1282 universo
1064 1223 1233 1282 fictionibus

33 1319 92 1402 laud
123 1320 297 1394 defuerunt,
318 1341 390 1398 quae
421 1319 578 1412 Copernico
608 1333 637 1376 et
663 1319 811 1378 Newtono¹
832 1319 912 1378 viam
940 1335 1055 1401 possent
1084 1321 1234 1396 indicare,

32 1439 72 1495 qua
96 1419 129 1478 ad
158 1439 299 1478 summum
328 1418 404 1477 vitae
432 1432 544 1478 nostrae
581 1415 805 1476 emolumentum
838 1419 1039 1478 astronomiam
1069 1433 1234 1479 tractarent.

33 1515 88 1591 Sed,
107 1518 213 1591 fatcor,
235 1539 295 1576 non
326 1530 491 1597 spectarunt
519 1515 590 1574 haec
620 1515 811 1594 Pythagorei5
835 1530 1025 1576 veruntamen
1056 1540 1115 1578 non
1144 1540 1235 1578 unum

33 1630 62 1674 est
85 1617 213 1676 utilitatis
241 1637 347 1696 genus:
370 1630 411 1676 cst
436 1614 513 1674 illud
542 1617 646 1688 etiam,
667 1613 747 1673 haud
773 1635 840 1673 sane
871 1616 1133 1691 contemnendum,
1158 1617 1238 1697 quod

33 1734 76 1772 mn
99 1714 134 1774 ad
160 1736 220 1789 res,
243 1714 293 1774 scd
315 1714 353 1773 ad
383 1713 529 1774 hominem
555 1707 698 1793 pertinet,
719 1712 797 1790 quod
825 1713 952 1772 hominis
970 1715 1131 1775 erudiendo
1149 1737 1238 1776 exco-

32 1811 152 1892 lendaque
189 1814 309 1892 ingenio
346 1813 522 1872 continetur.
573 1813 630 1872 Nos
658 1812 840 1890 geometriam
869 1833 928 1870 non
956 1813 1095 1872 metiendi
1125 1828 1239 1872 tanturn
1290 1799 1294 1810 ⁵

34 1910 109 1969 taussl
144 1924 315 1985 tractamus,
346 1910 396 1970 sed
428 1931 582 1991 puerorum
608 1909 780 1968 adhibemus
806 1910 1003 1988 institutioni:
1036 1915 1118 1990 cujus
1148 1912 1239 1971 studii

34 2027 86 2084 quae
104 2001 146 2066 'sit
174 2023 202 2068 ct
232 2023 339 2087 quanta
369 2008 498 2084 utilitas,
519 2023 547 2068 et
571 2009 715 2068 cernimus
734 2007 864 2086 quotidie
883 2021 910 2065 et
929 2009 985 2088 ipsi
1005 2031 1102 2094 sumus
1122 2032 1137 2068 a
1156 2025 1241 2070 tene-

35 2105 62 2161 ris
86 2107 203 2186 experti.
248 2106 284 2166 Id
303 2121 398 2166 autem
418 2106 534 2166 Graecis
554 2106 708 2165 debemus:
730 2127 791 2164 non
810 2105 945 2180 Euclidi,
967 2129 1138 2186 quamquam
1154 2108 1242 2186 hujus

37 2201 149 2282 Στοιχεῖα
178 2225 211 2266 eo
241 2199 409 2266 valuerunt
427 2204 603 2285 plurimum3
632 2203 682 2264 sed
711 2203 915 2284 Pythagoreis,
936 2207 987 2285 qui
1007 2209 1136 2266 auctores
1154 2207 1248 2285 hujus'
1317 2255 1320 2266 .

38 2305 104 2364 studii
132 2305 316 2383 institutique
343 2302 472 2362 habendi
502 2317 588 2376 sunt,
609 2316 671 2360 tum
697 2323 765 2362 vero
783 2303 908 2362 Platoni.
950 2303 1016 2364 Sint
1034 2306 1123 2384 igitur
1140 2305 1186 2365 illi
1206 2305 1243 2364 de

40 2403 100 2462 rebus
125 2403 255 2485 physicis
282 2403 322 2462 sic
347 2389 561 2482 philosophati,
583 2416 614 2461 ut
633 2401 722 2460 risum
741 2402 889 2486 excitent,
911 2403 1144 2479 necimmerito,
1165 2404 1245 2484 phy·

37 2502 85 2560 sicis
101 2503 221 2562 nostris:
244 2501 319 2560 hanc
339 2500 428 2560 iidem
447 2521 484 2560 ex
503 2500 654 2580 geometria
673 2499 839 2577 artibusque
864 2499 1071 2561 mathematicis
1091 2492 1246 2562 utilitatem
1307 2502 1309 2508 ’

38 2601 95 2658 vitae
120 2601 270 2660 hominum
299 2614 328 2657 et
356 2599 485 2658 societati
504 2599 718 2670 conciliarunt,
739 2618 795 2676 qua
814 2618 912 2656 omncs
922 2643 930 2672 ,
952 2600 1008 2678 ipsi
1028 2603 1150 2658 maxime
1166 2601 1245 2680 phy-

38 2697 89 2770 sici,
104 2713 206 2778 negant
228 2698 362 2774 majorem
383 2717 441 2757 csse
462 2696 560 2755 ullam.
602 2698 681 2770 Quae
699 2717 766 2754 sane
784 2716 922 2776 perquam
942 2711 1010 2756 sunt
1028 2697 1113 2758 nobis
1130 2701 1162 2758 in
1179 2699 1246 2774 his,

41 2814 95 2869 quae
110 2810 279 2868 tractamus,
299 2777 435 2854 tenenda.
477 2794 549 2854 Nam
568 2800 707 2873 quantuni
726 2797 903 2852 inveniendo
923 2795 1046 2869 Graecos
1064 2797 1245 2872 Orientalcs,

42 2903 128 2952 tautum
163 2893 270 2954 Graeci
306 2907 478 2973 superarunt
513 2892 675 2952 Orientales
704 2913 857 2970 omnesque
885 2884 1006 2974 populos
1032 2915 1098 2952 cum
1120 2897 1247 2974 philoro-

39 2991 149 3068 plaudo,
169 3008 233 3052 tum
262 2989 429 3050 adhibenda
455 2991 641 3072 philosophil
660 2991 697 3050 ad
714 2991 843 3059 acuenda
863 2991 1078 3070 excolendaque
1097 2993 1248 3053 hominum

41 3087 143 3168 ingenia.
183 3069 243 3151 llos
274 3104 367 3148 autem
396 3091 437 3150 ita
467 3091 605 3149 maximos
634 3090 753 3168 fecimus
772 3091 803 3147 in
824 3091 999 3168 gravissimis
1019 3091 1160 3150 doctrinis
1179 3113 1249 3172 pro-

42 3207 146 3264 gressus,
177 3205 210 3250 ut
237 3189 375 3270 prolicere
403 3209 439 3247 ex
466 3202 654 3275 utrorumquq
676 3189 806 3248 inventis
825 3189 985 3268 studiisque
1002 3190 1039 3250 ad
1059 3211 1153 3249 veram
1172 3191 1249 3250 vitae

43 3286 175 3348 utilitatem
204 3287 413 3348 studiosissime
431 3289 655 3346 tentaverimus
697 3287 735 3345 Et
752 3287 793 3344 sio
812 3286 928 3364 quidem
947 3288 1129 3368 procedimus
1147 3309 1197 3362 eo,
1218 3301 1250 3346 ut

45 3401 200 3446 memoratam
231 3385 410 3466 explicemus
436 3387 563 3445 Platonis
590 3386 781 3458 sententiam,
811 3406 869 3444 esse
897 3409 1082 3446 numerorum
1112 3380 1250 3468 μάθημα

46 3481 64 3539 ir
87 3484 119 3543 iis
145 3484 323 3546 censendum
350 3485 534 3566 disciplinis,
555 3506 627 3564 quac
647 3485 685 3544 ad
706 3477 809 3563 νόησιν
831 3484 980 3546 adducant
999 3503 1142 3564 mentem,
1163 3492 1253 3570 quip-

45 3599 68 3656 pe
92 3577 218 3645 blattaria
239 3578 314 3663 πρός
335 3578 452 3673 adelam
488 3583 545 3643 Sed
566 3585 656 3664 ipsam
686 3586 867 3645 attendamus
895 3585 982 3662 hujus
1004 3585 1178 3667 disciplinae
1198 3609 1252 3646 na-

45 3692 125 3746 turam.

74 3783 103 3842 ln
128 3788 206 3846 omni
232 3784 392 3846 studiorum
412 3806 535 3866 genere,
556 3786 579 3844 si
601 3805 616 3842 a
634 3784 842 3844 mathematicis
859 3782 1041 3858 discesseris,
1063 3782 1135 3862 quid
1153 3806 1254 3846 verum

46 3878 86 3954 sit,
104 3887 289 3962 conjicimus,
311 3906 498 3965 auguramur,
520 3884 629 3978 assequi
658 3872 822 3958 studemus,
845 3895 985 3940 assecutos
1013 3903 1081 3941 vero
1107 3905 1159 3943 nos
1178 3905 1255 3960 csse,

47 3995 91 4037 nou
114 3982 195 4042 facile
223 3984 474 4044 contenderimus:
507 4003 627 4061 eumque
653 3982 771 4041 laudare
793 3981 916 4040 maxime
936 3979 1074 4055 solemus,
1095 3984 1144 4060 qui
1165 3984 1256 4042 mini-

47 4092 106 4136 mam
120 4081 223 4142 tribuit
242 4084 414 4161 conjecturis
432 4083 492 4142 suis
511 4083 717 4142 auctoritatem.
758 4081 794 4140 In
813 4078 992 4136 arithmetica
1012 4101 1080 4140 vero
1098 4094 1125 4138 ct
1144 4101 1257 4160 geome-

48 4174 91 4232 tria
114 4169 177 4236 vera
207 4194 275 4239 sunt
304 4183 418 4257 omnia,
450 4181 550 4242 nullus
570 4181 761 4258 ‘relinquitur
799 4177 1018 4258 probabilitati,
1049 4193 1081 4236 ut
1109 4179 1141 4238 in
1172 4179 1257 4238 rebus

50 4267 167 4352 incertis,
189 4278 286 4338 locus:
310 4281 390 4359 isque
419 4282 543 4340 maxime
563 4278 764 4338 excludendus
783 4276 1047 4336 mathematicorum
1066 4277 1152 4336 choro
1172 4276 1269 4360 vide-J
1305 4348 1310 4354 Ι
1398 4331 1402 4343 ,

51 4378 103 4442 tur,
121 4376 166 4450 qui
181 4398 234 4470 pro
256 4399 322 4438 vero
340 4400 368 4438 se
387 4379 643 4440 verisimilitudine
664 4379 703 4437 ait
719 4397 779 4452 esse
799 4389 975 4437 contentum.
1018 4373 1139 4434 Exstant
1151 4376 1183 4434 in
1200 4375 1258 4432 alia

53 4471 136 4540 quavis
163 4473 339 4556 disciplina,
366 4479 471 4558 quibus
502 4479 605 4538 intimo
623 4479 720 4536 animo
742 4475 827 4534 fidem
847 4473 1021 4550 habeamus,
1043 4475 1074 4532 iu
1093 4473 1178 4532 rebus
1196 4494 1258 4531 mo—
