2886 5118
686 262 746 322 881

90 422 173 485 run
190 432 316 503 spectat,
332 425 433 503 inquo
450 416 594 501 βασιλεύει
614 416 636 503 q‘
657 422 712 486 σοῦ
728 417 940 506 dyntottcta,
958 425 988 505 1)
1003 428 1077 486 inca
1089 425 1186 487 vocari
1202 428 1328 488 wahan

89 542 221 600 rogerum
238 522 311 584 solet
321 568 330 598 ,
351 523 461 603 quippe
475 524 594 585 eoelum
613 547 674 586 nen
693 524 813 606 quidem
831 527 935 600 unice,
954 522 1109 604 praecipue
1127 534 1224 586 tame-n
1245 545 1329 604 spec-

87 631 164 680 tans.
206 620 261 681 cui
276 619 400 684 dicandi
426 621 535 682 rationi
553 621 642 703 vulgo
666 624 802 687 hmines
822 647 838 684 a
857 623 965 685 teneris
986 620 1091 682 assueti
1102 664 1111 694 ‚
1143 619 1232 683 letale
1249 619 1326 684 hanc

88 716 182 797 ipsam
197 717 236 781 in
245 718 374 781 Platonis
382 718 598 801 philosophiam
604 723 835 800 transtulerunt,
855 737 888 783 ut
907 713 1012 804 ὁρατῷ
1021 716 1134 782 mundo
1148 727 1328 780 ίοναιιαποι

87 813 167 873 hauc
187 816 277 875 vitam
295 831 441 893 nostram,
460 815 560 902 νοητῷ
580 823 814 881 veronulartam
831 822 1041 903 intelligerent.
1093 817 1243 897 Perpetem
1258 838 1331 898 pro-

87 911 167 972 lecto
185 913 242 974 illi.
283 915 355 975 Nam
376 917 457 977 Plato
468 919 537 978 licet
553 919 681 978 futuram
702 921 793 981 animi
803 920 1003 981 conditionem
1022 914 1182 996 negligeret
1197 913 1340 990 minime,-

87 1011 247 1092 praecipue
264 1027 380 1089 minen,
407 1015 650 1094 quemadmodum
675 1026 710 1075 ι’νι
732 1020 781 1077 Iria
800 1027 896 1098 tarr-is
917 1018 1099 1078 erudiremur
1126 1025 1203 1073 recte
1225 1035 1257 1074 ac
1277 1035 1329 1096 per

62 1147 65 1152 -
87 1107 266 1191 disciplinas
283 1110 321 1171 ad
351 1113 414 1174 veri
434 1114 592 1174 scientiam'
617 1117 853 1196 perveniremus,
880 1117 1041 1196 quaesivit:
1063 1107 1199 1184 παιδείας
1225 1115 1331 1187 unice,
1417 1129 1419 1134 ·

88 1220 123 1265 ut
140 1208 205 1289 ipse
222 1209 280 1286 ait,
307 1223 393 1292 atque
420 1203 615 1287 ἀπαιδευσίας
635 1215 727 1296 gratia
745 1226 834 1274 totam
860 1213 938 1274 hanc
957 1214 994 1275 de
1013 1214 1123 1274 mundo
1143 1212 1243 1299 νοητῷ
1264 1210 1328 1273 dis-

86 1306 279 1384 quisitionem
298 1309 435 1372 instituit.
457 1311 490 1393 2)
509 1315 574 1375 Nou
593 1313 807 1375 confundenda
830 1313 922 1393 igitur
940 1327 1022 1372 erant
1032 1356 1041 1388 ‚
1059 1333 1132 1392 quae
1148 1316 1331 1375 naturlsunt
1375 1335 1386 1362 s

88 1402 241 1465 distincta.
283 1407 448 1469 Praestabat
466 1433 482 1470 a
502 1411 616 1472 divinis
626 1413 752 1472 humana
771 1409 956 1485 discernere,
975 1424 1060 1488 atque
1077 1409 1114 1469 ad
1125 1413 1331 1492 assequendam
1402 1425 1404 1428 '

86 1499 214 1562 divinae
233 1502 315 1564 illios
346 1506 497 1567 doctrinae
525 1509 754 1584 sublimitatem,
785 1508 942 1568 humanam
967 1493 1044 1567 hauc
1067 1507 1215 1570 adhibere.
1258 1512 1331 1571 Nam
1421 1508 1423 1515 ’

87 1599 202 1679 pariter
216 1600 268 1660 illa
289 1603 360 1684 ipsis
379 1604 426 1664 his
444 1605 543 1666 verbis
559 1604 691 1668 continet
709 1610 840 1666 hominia
858 1608 899 1665 od
916 1607 1013 1664 lucem
1033 1616 1063 1665 et
1082 1613 1249 1667 veritatem·
1261 1631 1333 1667 con-

87 1705 267 1760 versionem.
291 1699 323 1781 3)
341 1703 377 1762 In
398 1702 452 1763 illa
473 1705 583 1784 pariter
602 1721 687 1787 atque
708 1707 787 1787 apud
817 1705 967 1764 Platonem
990 1725 1050 1763 non
1069 1701 1175 1780 rebus,
1193 1705 1245 1764 sed
1264 1708 1335 1787 ipsis

87 1795 261 1858 hominibus
277 1799 428 1861 hominum
446 1801 612 1881 ignorantia
632 1804 786 1864 tribuitur:
808 1796 967 1883 ἠγάπησαν
989 1797 1018 1860 οἱ
1038 1794 1199 1881 ἄνθρωποι
1219 1806 1334 1883 μᾶλλον

86 1885 124 1953 td
148 1887 274 1974 σκότος,
296 1891 318 1978 ἢ
338 1890 374 1958 τί
396 1897 471 1979 φῶς.
494 1900 527 1982 lt)
543 1897 630 1975 Quod
648 1903 682 1961 in
703 1892 913 1964 Hemsterhusii
931 1924 963 1962 ac
983 1901 1188 1982 plerorumque
1201 1904 1333 1983 philoso-

87 1994 218 2076 phorum
236 1999 338 2058 morali
366 1999 525 2080 disciplina
554 1996 772 2075 desideramus,
800 2001 930 2074 veritatis
960 1998 1027 2058 dico
1057 1996 1205 2075 studium,
1225 2001 1258 2062 id
1275 2017 1333 2064 tam

88 2093 198 2172 rcligio
217 2094 302 2155 nobis
322 2111 438 2175 nostra,
466 2115 560 2175 quam.
581 2094 710 2156 Platonis
738 2097 943 2179 philosophia,
962 2109 1105 2177 praestat,
1132 2097 1240 2178 quippe
1261 2121 1334 2181 quae

88 2204 122 2251 et
142 2192 234 2271 spirat
252 2195 403 2264 veritatem
421 2196 531 2276 pariter
548 2205 578 2250 et
605 2181 752 2254 hominem
770 2216 829 2254 non
851 2194 889 2253 ad
912 2195 1049 2266 virtutem
1061 2192 1079 2269 ,¹
1099 2206 1131 2252 ut
1154 2194 1214 2253 fere
1233 2195 1330 2277 philo-

88 2288 250 2370 sophorum
269 2290 438 2369 doctrinae,
460 2311 513 2350 nec
528 2288 656 2351 advitae
674 2293 856 2353 sanctitatem
867 2337 876 2368 ,
887 2304 920 2349 ut
939 2305 1068 2350 caeterae
1085 2289 1146 2350 lere
1161 2291 1333 2372 religiones,

88 2385 145 2446 sed
167 2387 205 2446 ad
221 2396 382 2447 cantatam
398 2390 499 2449 ducit:
521 2381 585 2448 o‘da*
596 2386 690 2449 noculo
698 2382 754 2469 τήν
765 2381 911 2470 ἀλήθειαν
919 2436 929 2463 ,
947 2383 1067 2468 ἔρχεται
1077 2381 1153 2469 πρός
1163 2385 1199 2450 td
1211 2391 1285 2472 φῶς.
1304 2396 1336 2475 5)

89 2483 206 2543 Pariter
223 2485 295 2544 adeo
304 2486 403 2546 eadem
414 2509 474 2546 non
493 2487 593 2548 lumen
613 2489 828 2551 admovendum
845 2489 992 2565 tenebris,
1013 2489 1091 2548 uude
1110 2489 1157 2551 nil
1176 2493 1335 2572 quidquam

90 2583 243 2662 percipere
263 2584 398 2643 utilitatis
414 2586 492 2644 coeci
512 2586 647 2646 mortales
656 2601 791 2667 possent,
811 2588 862 2647 sed
882 2589 959 2667 ipsos
970 2586 1073 2646 horum
1091 2585 1335 2669 oculosaperien-

79 2679 148 2738 'dos
167 2699 225 2738 esse
240 2701 272 2739 ac
291 2683 504 2743 convertendos
521 2684 560 2743 ad
579 2684 673 2743 lucem
692 2684 855 2766 praecipit:
870 2679 985 2754 ἀνοῖξαι
997 2675 1181 2763 ὅφθαλμούς
1191 2689 1336 2768 gentium,

91 2778 150 2840 τοῦ
172 2774 348 2861 ἐπιστρέψαι
370 2775 432 2843 clud
453 2775 578 2854 σκότους
599 2779 640 2855 είς
662 2777 736 2863 φῶς.
757 2781 789 2862 6)
818 2783 922 2859 Quid?
952 2784 1031 2863 quod
1047 2781 1168 2861 πνεῦμα
1186 2785 1219 2845 in
1236 2786 1336 2847 eadem

92 2881 231 2941 doctrina
248 2881 302 2942 illa
329 2880 384 2963 τῆς
405 2877 564 2965 ἀληθείας,
596 2885 706 2964 pariter
731 2896 816 2961 atque
837 2883 900 2963 ipsa
924 2884 1031 2944 veritas
1060 2882 1139 2965 apud
1168 2883 1337 2959 Platonem,

93 2980 164 3061 capi
183 3001 200 3038 a
219 2983 306 3062 vulgo
325 2999 476 3067 propterea
495 3006 555 3044 nou
570 3003 653 3064 posse
674 2981 800 3057 dicitur,
820 2981 965 3060 quianon
985 2990 1132 3062 conspicit
1157 2980 1253 3057 illud,
1270 3000 1335 3039 cum
1413 2988 1418 2997 ’

94 3091 195 3137 tamen
215 3081 304 3140 sitin
325 3083 452 3146 homine.
477 3075 582 3161 Ὑμεῖς
603 3075 639 3140 δὲ
660 3070 814 3160 γινώσκετε
837 3071 924 3152 αὐτὰ,
947 3069 994 3140 ὅτι
1016 3073 1086 3162 παρ’
1106 3071 1180 3157 ὑμῖν
1194 3073 1273 3157 μένοι
1288 3077 1339 3139 καί

95 3172 136 3237 e’v
158 3169 245 3255 ὖμῖν
266 3173 356 3240 ἔσται.
370 3181 403 3263 7)
423 3185 503 3258 Quae
513 3183 628 3264 singula
639 3180 774 3241 omnibus
793 3194 881 3255 nota,
901 3181 976 3239 seda
987 3184 1087 3262 paucis
1097 3181 1244 3262 explorata
1257 3181 1338 3255 satis,

95 3387 334 3396 ..m-.--
347 3390 354 3397 .

134 3509 160 3574 1)
179 3511 217 3562 De
229 3512 290 3580 Rep.
309 3511 351 3562 Vl·
369 3510 427 3563 509.
447 3511 478 3563 D.
493 3508 532 3562 01.
546 3509 601 3562 Vll.
615 3508 673 3560 516.
693 3509 722 3560 Β.
743 3518 775 3561 et
785 3508 844 3560 517.
862 3508 890 3559 Β.
913 3510 941 3560 G.

132 3594 161 3660 2)
180 3597 241 3648 Eod.

133 3693 162 3759 31
179 3697 242 3748 Ῑιῑῐῢ
258 3694 315 3746 Λθῑ·
334 3684 573 3764 Armi-XXVUS·
610 3703 775 3769 Frequenter
784 3699 810 3750 in
820 3695 910 3764 primis
923 3695 1041 3744 homiues
1058 3694 1090 3744 ad
1111 3695 1190 3744 Derim
1206 3673 1341 3760 ἐπιστρέ-

98 3794 217 3874 φεσθαι
240 3801 375 3864 dicuutur,
391 3807 420 3849 ut
435 3800 482 3868 Ep.
492 3802 528 3851 ad
539 3798 595 3852 Gor.
614 3801 645 3854 11.
663 3803 697 3877 3,
710 3800 751 3853 16.
767 3797 838 3850 Petri
851 3795 899 3863 Ep.
913 3793 933 3844 1.
945 3792 978 3856 2,
989 3791 1031 3842 25.
1055 3792 1127 3843 Pauli
1141 3792 1188 3860 Pp
1206 3793 1240 3843 od
1260 3792 1339 3841 Thess·

98 3909 118 3959 t.
136 3905 171 3967 1,
186 3901 204 3953 9
231 3899 302 3952 Cave
319 3909 419 3964 autem,
429 3916 463 3950 uc
476 3900 535 3952 loca
550 3900 600 3950 hue
612 3897 729 3960 referas,
748 3911 814 3962 quaa
829 3879 998 3962 μετανοίας,
1010 3908 1062 3943 uon
1087 3879 1270 3965 ἐπιστροφῆς
1289 3900 1340 3938 no-

98 4001 201 4052 tionem
221 3993 330 4056 habeut,
347 3993 384 4042 uti
399 3992 476 4043 llarc.
494 3993 592 4058 Ειιοιις.
615 3989 634 4040 1.
655 3990 679 4040 1.
697 3996 724 4038 et
742 3987 841 4038 infinita
856 3986 924 4037 alia:
954 3998 1107 4053 quamquam
1140 3985 1269 4037 vertendo
1288 3984 1356 4035 feie'

99 4089 261 4149 interpretes
276 4079 323 4128 has
335 4078 457 4129 notiones
469 4076 651 4129 confuderunt.

135 4167 168 4232 1)
182 4166 275 4218 loanu.
289 4163 387 4230 Ειιιαις.
401 4161 443 4214 111.
459 4161 501 4213 19.

137 4251 165 4318 5)
181 4251 219 4304 ld.
235 4252 286 4302 sod.
320 4248 363 4299 21.

137 4335 165 4402 6)
184 4337 246 4387 Luc.
260 4336 317 4387 Act.
330 4335 415 4404 sipost
434 4322 522 4384 xxvl.
537 4330 577 4382 18.

140 4421 166 4486 t)
185 4421 278 4473 Joaun.
297 4422 396 4487 Ειιιιιις.
412 4419 476 4471 XIV.
496 4417 536 4469 17.
557 4414 604 4466 cr.
620 4415 697 4465 Initio
715 4430 738 4479 p.
758 4410 816 4461 375.
