2908 5114
662 283 723 342 369

69 462 104 497 ee
125 461 181 518 quo
198 446 282 518 cepit
300 440 433 518 aliquem
448 441 586 502 babitum
600 463 703 518 mens,
723 465 810 522 quem
830 455 914 524 operi
932 471 985 510 suo
1001 458 1146 530 imponet.
1178 453 1232 514 Ite
1249 457 1306 514 ille

5 611 7 614 Ι
68 559 200 618 queeme
218 538 301 595 docet
313 547 343 596 et
362 545 497 598 instruit
508 543 614 616 socies
624 587 633 616 ,
653 563 673 598 o
692 564 752 621 quo
766 552 890 620 petitur
907 553 1042 610 imitatio
1052 592 1061 623 ,
1078 551 1146 608 ideo
1165 562 1220 614 eet.
1250 553 1309 612 Te·

68 636 113 694 liu
132 656 203 716 ergo
220 636 406 712 ecemploric
426 638 555 712 infinito
576 640 664 698 lebet
683 651 801 700 nature
821 663 926 702 rerum
937 689 945 718 ,
968 637 1142 723 bominum,
1155 657 1306 727 piscium,

66 735 229 792 orborum:
248 734 287 790 etl
306 754 401 812 quae,
422 737 617 815 quodcunque
631 739 708 814 fieri
725 740 761 795 eb
780 739 838 797 ille
849 741 949 817 debet,
969 753 1166 821 etprimitur.
1200 745 1306 826 Quer-

68 844 132 890 tum
152 834 249 890 locum
269 832 358 892 belet
375 823 464 908 εἶδος.
509 833 591 914 Quid
609 845 652 894 eit
678 838 729 896 boc
749 827 844 912 εἶδος,
867 843 1008 902 attendet
1035 855 1166 919 oportet:
1186 856 1217 904 et
1231 845 1306 906 Ple·

67 939 131 992 toni
149 939 296 1009 imputes,
316 953 374 991 non
392 936 469 992 milei
478 979 487 1007 ,
508 935 586 992 benc
597 956 703 993 rerum
712 937 943 1016 difficultatem:
964 942 1052 998 nulle
1063 953 1109 1000 eet
1126 952 1228 1002 eutem
1239 951 1305 1002 eine

66 1030 249 1112 difficultate
266 1030 433 1093 subtiliter.
474 1031 576 1091 Paulo
593 1042 664 1092 ente
676 1041 809 1110 pictoris
817 1045 954 1118 imagine
974 1041 1090 1098 utebar.
1131 1039 1191 1098 Ille
1211 1063 1304 1119 quum

66 1130 191 1188 reddere
202 1127 374 1208 Virgilium
395 1132 541 1189 coloribus
559 1133 649 1190 eellet
658 1177 666 1206 ,
687 1140 787 1211 ipsum
797 1139 996 1195 intuebatur:
1014 1139 1161 1196 idiceret
1173 1139 1305 1219 Virgilii

58 1230 162 1302 societ
173 1227 289 1300 futuri
307 1237 405 1304 operis
426 1229 600 1306 ecemplor:
621 1251 655 1302 ec
677 1233 733 1288 leuc
754 1235 832 1310 quod
846 1236 966 1309 antifer
983 1237 1086 1295 trabit
1103 1246 1134 1294 et
1150 1245 1232 1314 operi
1251 1257 1305 1296 tue

65 1333 227 1404 imposuit,
243 1315 323 1396 εἶδος
342 1337 396 1387 eet.
441 1324 522 1406 Quid
539 1333 681 1403 intersit,
709 1331 858 1406 quoeris?
888 1332 1034 1394 Alterum
1058 1335 1213 1410 exemplar
1242 1343 1304 1409 eet,

65 1424 199 1482 obterunt
209 1427 320 1499 forme
339 1429 375 1484 ob
394 1427 561 1503 ecemplcri
580 1437 682 1484 sumto
699 1437 730 1485 et
748 1437 832 1506 operi
845 1437 996 1508 imposito.
1018 1430 1163 1488 Alteram
1184 1435 1305 1507 ortifer
1381 1457 1383 1461 ·

64 1527 230 1598 imitatur,
250 1525 382 1581 alterum
392 1526 492 1599 fecit.
514 1523 613 1582 Habet
632 1526 769 1603 aliquam
780 1531 901 1602 sociem
917 1529 1071 1605 ecemplcr
1088 1536 1187 1606 ipsum
1198 1574 1207 1603 ,
1228 1530 1305 1607 qued

65 1626 190 1678 intuens
209 1623 312 1698 opifen
342 1630 479 1680 etctuom
504 1622 678 1703 figuravit:
707 1626 779 1683 boec
807 1628 876 1688 ideo
903 1636 957 1687 eet.
984 1625 1190 1686 ,Etiamnunc
1208 1628 1303 1686 olium

66 1714 219 1777 desideres
229 1718 480 1778 distinctionem?
502 1717 522 1776 I
530 1721 599 1778 dns
618 1728 652 1778 in
673 1744 758 1800 opere
773 1735 840 1782 eet:
861 1732 874 1782 i
882 1726 903 1784 d
911 1747 954 1784 ec
973 1734 1061 1784 estro
1072 1745 1159 1801 opus,·
1170 1745 1223 1784 neo
1233 1734 1302 1785 ten·

65 1825 127 1873 tum
147 1825 239 1873 estro
257 1839 330 1894 opus
349 1828 394 1877 eet
404 1863 412 1892 ,
433 1818 483 1876 secl
502 1827 572 1874 ente
591 1840 672 1895 epus.
695 1817 724 1897 l)

102 1918 195 1973 Acute
216 1915 334 1992 quidem
358 1915 466 1976 Seneca
487 1908 571 1975 illae
593 1931 621 1977 et
641 1909 721 1993 εἶδος
742 1917 917 1999 distinguit,
939 1919 990 1980 sed
1010 1918 1125 1978 nullam
1145 1918 1301 1980 habetne-

66 2007 263 2091 ooieiypecog
285 2014 442 2089 sotionem,
462 2017 571 2096 quippe
584 2017 663 2096 quod
684 2039 750 2078 cum
767 2017 1012 2076 ideeconfundit.
1054 2015 1150 2090 Pleto,
1162 2018 1305 2081 ubi-‚ideas

65 2113 223 2196 respiciens
243 2112 280 2172 de
300 2111 462 2192 pictoribus
483 2113 532 2174 vel
543 2114 703 2176 artificibus
723 2116 802 2194 egit,
823 2114 999 2173 excellentes
1019 2111 1174 2192 intelligit,
1189 2119 1240 2195 qui
1251 2119 1314 2177 no·'

65 2231 99 2270 ve
119 2212 218 2270 omnia
240 2210 385 2289 lingerent
405 2210 542 2289 ingenio,
573 2233 635 2272 non
655 2233 720 2287 eos,
752 2225 893 2290 quotquot
917 2231 979 2270 rem
1000 2209 1048 2272 vel
1069 2209 1235 2288 hominem,
1257 2214 1302 2274 uti

65 2320 147 2382 sunt,
169 2308 356 2366 imitarentur
376 2307 463 2364 unice
483 2320 523 2366 et.
532 2309 737 2389 exprimerent.
779 2309 910 2389 Respicit
930 2307 1011 2368 ideas
1031 2307 1304 2386 ipses,¹quesrecte

66 2404 171 2464 Seneca
192 2404 400 2476 immortales,
431 2407 654 2484 immutabiles,
681 2408 870 2468 inviolabiles
900 2407 1045 2487 appellet:
1076 2403 1304 2486 παραδείγματα

66 2502 200 2584 respicit,
222 2521 311 2580 eaque
332 2499 435 2558 talium
456 2500 600 2562 artificum
618 2505 737 2584 ingenio
758 2502 882 2578 tribuit,
902 2503 941 2564 ad
962 2525 1083 2583 quorum
1100 2507 1223 2584 speciem
1234 2528 1303 2588 per·

67 2600 169 2660 lectam
192 2619 311 2658 manum
333 2597 472 2676 dirigent.
515 2600 607 2673 Quem
628 2601 796 2682 philosophi
822 2600 1030 2660 sublimitatem
1051 2623 1111 2666 non
1131 2604 1309 2681 essequebe·⁸¹

66 2710 111 2756 tur
131 2697 260 2770 Seneca,
282 2714 371 2773 quom
392 2696 511 2754 cultum
533 2696 660 2758 hominis
680 2700 779 2755 ideam
801 2712 936 2773 vocaret,
958 2699 1016 2756 imo
1037 2698 1115 2758 bunc
1127 2699 1222 2778 ipsum
1233 2701 1304 2763 eul-

67 2808 123 2853 tum
136 2793 245 2876 pictori
267 2814 326 2852 esse
347 2786 550 2874 παράδειγμα,
571 2795 650 2875 quod
672 2795 852 2869 imitaretur,
873 2795 1003 2868 diceret,
1025 2794 1123 2854 divini
1145 2817 1213 2858 vero
1234 2799 1304 2857 Ple-

67 2895 153 2954 tonici
174 2889 412 2972 παραδείγματος
434 2897 487 2954 vix
518 2895 609 2954 ullam
630 2894 752 2954 ducet-et
778 2893 930 2952 rationem.
972 2891 1094 2970 Propius
1114 2891 1152 2949 ed
1173 2892 1303 2952 Platonis

66 2991 272 3052 sublimitatem
293 2995 394 3054 Cicero
415 2991 549 3066 accessit,
570 3014 660 3072 quum
691 2991 832 3050 Zeuxidis
860 3004 950 3050 uitem
971 2990 1004 3048 in
1026 2986 1110 3046 libris
1130 2989 1165 3046 de
1185 2989 1301 3048 Inven-

67 3096 144 3148 tione
164 3091 335 3150 admirabili
357 3092 500 3174 elegantia
523 3093 707 3172 exprimeret.
752 3090 946 3172 Crotoniatae
955 3087 1104 3165 quondum
1115 3129 1124 3160 ,
1145 3090 1302 3163 quumfle·

67 3200 169 3246 rorent
191 3191 328 3248 omnibus
349 3198 460 3268 copiis,
481 3201 511 3250 et
531 3198 564 3248 in
594 3188 693 3248 ltolio
712 3210 782 3246 cum
807 3193 920 3265 primis
941 3187 1020 3244 beeti
1041 3197 1301 3259 numerarentur,

69 3289 212 3363 templum
232 3287 385 3363 Jicnonis,
408 3291 485 3367 quod
513 3289 743 3368 religiosissime
774 3287 926 3359 colebant,
948 3289 1081 3364 egregiis
1099 3291 1237 3358 picturis
1257 3286 1302 3342 lo-

69 3386 225 3460 cupletare
245 3387 416 3448 coluerunt.
460 3386 571 3464 Itaque
592 3386 798 3446 Heracleotem
821 3381 962 3457 Zeuxin,
983 3389 1036 3459 qui
1057 3389 1123 3438 tum
1144 3382 1303 3463 longecoe·

70 3491 142 3540 teris
162 3483 307 3548 excellere
322 3487 492 3561 pictoribus
513 3487 766 3556 existimabatur,
795 3502 903 3561 magno
927 3487 1029 3557 pretio
1048 3480 1227 3538 conductum
1248 3483 1306 3539 ed·

68 3579 240 3642 libuerint.
282 3582 316 3643 Is
337 3593 367 3641 et
386 3593 522 3642 coeteros
540 3585 706 3662 complures
722 3581 843 3640 tubulos
858 3585 985 3657 pinsit,
1006 3597 1138 3655 quorum
1156 3579 1304 3636 nonnulle

66 3698 138 3755 pere
157 3703 252 3759 usque
270 3682 310 3739 od
336 3693 472 3741 nostrone
498 3689 672 3740 memorium
696 3689 822 3757 propter
841 3681 920 3754 feni
939 3678 1116 3756 religionem
1135 3682 1307 3748 remansit,

69 3786 113 3850 st,
133 3789 170 3835 ut
190 3780 381 3840 excellentem
400 3782 558 3840 muliebris
567 3783 692 3855 somnes
706 3778 954 3864 pulcritudinem
968 3784 1053 3833 mute
1070 3779 1104 3829 in
1126 3793 1187 3830 sese
1204 3780 1307 3853 imugo

68 3883 252 3951 contineret,
274 3879 405 3938 Helenes
426 3903 455 3938 se
466 3887 598 3960 pingere
617 3879 818 3937 simulacrum
841 3876 914 3934 celle
933 3875 1034 3934 dieii:
1062 3871 1140 3947 quod
1161 3871 1301 3930 Crotoni-
1365 3957 1367 3962 Ι

70 3982 156 4048 ctoe,
177 3985 231 4053 qui
250 3998 318 4035 eum
337 3979 481 4037 muliebri
501 3985 672 4055 incorpore
698 3975 852 4056 pingendo
863 3973 1035 4051 plurimum
1055 3969 1128 4028 aliie
1143 3981 1310 4046 proestare

71 4091 154 4148 scope
173 4083 375 4151 accepissent,
406 4078 536 4134 libenter
560 4077 738 4144 andierunt.
768 4071 979 4158 ⁴Putaoerunt
998 4074 1098 4137 enim,
1118 4073 1165 4140 si,
1184 4088 1240 4144 qno
1267 4075 1308 4124 tn·

69 4189 177 4248 genere
183 4163 356 4249 plurimum
359 4186 469 4252 posset,
477 4182 510 4232 in
531 4196 561 4234 eo
580 4195 688 4252 magno
698 4192 783 4248 opere
792 4170 981 4240 elaborasset,
991 4167 1223 4246 egregium-sibi
1232 4185 1305 4241 opus

71 4267 122 4324 illo
132 4275 166 4326 in
180 4271 262 4344 feno
278 4273 471 4331 relicturum.
504 4271 606 4351 Neque
626 4269 813 4328 tumeoeille
824 4272 922 4343 opinio
933 4265 1067 4354 fgfellit.
1090 4259 1169 4320 Nam
1189 4261 1303 4320 Zeusis

77 4403 155 4413 ——--
163 4409 181 4413 ..
192 4409 323 4418 .-.-..--,.-

107 4458 136 4522 1)
154 4461 345 4532 Senecele'pist.
362 4463 403 4516 58.
428 4463 536 4516 15-18.
592 4431 594 4435 Ι

1072 4522 1111 4578 24
