2908 5114
732 245 792 306 360

145 420 341 484 moveantur,
367 416 420 486 qui
447 416 577 484 imperia
606 418 635 464 et
662 417 725 484 ipse
753 406 957 487 significanda
985 410 1100 480 accep&
1118 403 1154 458 ab
1173 423 1233 475 eo,
1251 423 1360 478 penas

145 530 259 586 quem
288 528 439 567 summo
466 517 530 566 est
558 515 747 584 imperii.
802 494 892 564 Οὕτω
923 494 986 583 χρή
1025 498 1074 560 καὶ
1105 497 1172 580 περὶ
1208 491 1363 578 σύμπαντος

144 608 276 688 φρονεῖν·
298 597 358 666 ὑπό
380 599 437 686 γάρ
460 603 531 682 μιᾶς
551 601 648 686 ῥοπῆς
670 598 877 686 deponendorum
900 597 1053 680 ἁπάντων,
1082 598 1189 682 γίνεται
1211 595 1249 662 roi
1274 601 1363 666 οἶκεῖα·

143 710 240 767 codem
260 708 410 766 anamodo
430 708 881 767 censeredounioersodacet:
908 729 1001 785 qaum
1019 713 1100 764 enim
1120 706 1156 761 ub
1174 726 1237 762 uno
1265 712 1294 762 vi
1317 713 1365 761 im·

138 809 274 884 palmea
294 813 437 864 creantur
456 813 557 864 omnio
568 851 577 879 ,
589 807 636 883 fit
651 814 757 883 utique
773 807 851 885 quod
870 814 978 885 cuique
995 805 1177 864 commodum
1196 812 1241 860 est
1260 813 1289 860 et
1305 824 1367 862 coa-

141 913 291 966 veniens.»
320 901 349 983 l)

183 1002 328 1062 Sublimia
347 1001 418 1061 haec
437 1023 502 1060 csse·
516 1016 544 1060 et
563 1001 716 1082 magnifica
738 1002 775 1062 de
794 1004 849 1061 Dei
867 1017 969 1062 natura
988 1002 1088 1074 effata,
1120 999 1186 1078 quis
1205 994 1366 1080 negaverit?

109 1078 118 1099 ⁸
142 1102 202 1160 Nec
222 1121 290 1162 vero
309 1101 373 1174 erit,
391 1100 441 1177 qui
460 1099 584 1180 indigna
602 1100 701 1158 eadem
722 1121 781 1158 esse
802 1100 966 1159 Platonicae
983 1097 1185 1178 philosophiae
1201 1095 1366 1156 sublimitate

143 1211 234 1279 putet.
276 1197 342 1256 Sint
362 1197 433 1256 adeo
451 1197 588 1270 fortasse,
609 1198 660 1274 qui
678 1197 758 1256 hisce
779 1197 921 1255 illustrari
942 1197 996 1254 illa
1023 1196 1209 1269 existiment,
1241 1215 1311 1274 quae
1334 1193 1365 1251 de

144 1299 211 1358 bassi
238 1299 305 1355 ideo
333 1296 414 1354 Plato
442 1294 588 1354 disseruit.
630 1296 702 1353 Nam
729 1296 806 1354 hanc
836 1295 888 1354 ille
917 1295 1013 1354 ideam
1041 1307 1070 1353 et
1087 1313 1185 1370 rerum
1202 1311 1364 1371 quarumque

144 1396 317 1474 optimarum
343 1415 471 1453 caussam
500 1414 559 1452 esse
588 1393 685 1468 dixit,
717 1408 745 1453 et
775 1393 828 1452 soli
850 1391 922 1452 adeo
942 1378 1129 1472 comparauit.
1171 1392 1280 1452 Verum
1306 1389 1363 1448 alias

144 1492 293 1552 Platonem
323 1491 524 1566 intellexisse,
556 1513 642 1570 quam
670 1506 754 1550 antea
783 1494 1001 1570 Anaxagoram,
1042 1505 1140 1570 postea
1178 1487 1361 1558 Aristotelem,

145 1611 277 1666 caussas,
294 1592 355 1668 jam
373 1589 634 1651 demonstravimus
652 1589 799 1670 superiore
820 1589 1036 1670 disputatione,
1068 1601 1096 1647 et
1115 1609 1184 1647 vero
1204 1587 1299 1644 ideam
1323 1593 1360 1642 'vo-

145 1708 209 1747 care
229 1689 346 1767 proprie
364 1689 404 1747 sic
426 1687 533 1746 dictam
552 1709 681 1746 caussam
700 1687 860 1747 absurdum
879 1701 929 1746 est.
972 1687 1060 1745 Nemo
1080 1685 1168 1745 facile
1199 1685 1359 1764 gravissimae

143 1785 213 1844 huic
240 1784 437 1862 disquisitioni
456 1786 589 1844 criticam
609 1785 797 1860 adbibuerit,
819 1787 911 1864 quin,
933 1799 1127 1844 consentanea
1147 1805 1206 1843 esse
1225 1784 1302 1842 effata
1318 1780 1358 1838 illa

146 1882 183 1941 de
201 1883 261 1941 Deo
280 1883 492 1962 metaphysicae
512 1883 711 1942 Aristotelicas
720 1929 729 1958 ,
751 1905 767 1942 a
788 1883 917 1942 Platonis
935 1903 1004 1944 vero
1023 1881 1059 1940 de
1079 1883 1147 1939 ideo
1165 1885 1231 1942 boni
1248 1879 1356 1938 doctrina

149 1979 304 2038 abhorrere
322 1979 440 2040 viderit.
481 1983 682 2060 Anaxagoram
701 1982 734 2039 in
754 1981 815 2040 illis
836 1981 944 2060 magis,
965 2001 1051 2059 quam
1070 1979 1216 2039 Socratem
1242 1993 1288 2038 aut
1310 1975 1355 2034 Pla·

149 2091 246 2136 tonem
264 2078 461 2156 agnoscimus:
485 2092 513 2136 et
533 2079 581 2139 vel
600 2079 688 2138 fallor
713 2078 866 2158 equidem,
896 2078 963 2152 vel,
985 2079 1009 2135 si
1030 2099 1089 2136 non
1118 2077 1268 2136 sublimior
1292 2075 1355 2133 etiam

149 2175 209 2233 illis
239 2175 354 2255 placitis
383 2164 512 2234 Platonis
543 2176 675 2236 doctrina
706 2190 766 2250 est,
797 2176 910 2235 homini
937 2175 1008 2234 hacc
1028 2189 1122 2248 certe,
1145 2189 1177 2233 ut
1195 2173 1233 2234 ad
1249 2173 1355 2236 dirimo

151 2272 288 2332 escendat
306 2272 530 2352 perfectionem,
552 2273 645 2353 aptior
663 2273 755 2332 multo
776 2287 818 2332 est
836 2287 921 2352 atque
940 2258 1103 2330 efficacior(

214 2465 297 2524 Non
319 2464 433 2524 Deus
454 2477 516 2525 est
547 2469 654 2544 apud
683 2469 904 2526 Platonem
932 2469 1027 2525 ideo
1054 2470 1169 2540 barri,
1190 2457 1314 2524 sadud

331 2565 436 2621 bano
467 2567 599 2622 ideam
630 2563 744 2626 Deus
774 2567 969 2624 mundum
991 2568 1216 2640 formavit.

193 2760 236 2817 De
256 2759 359 2818 divina
379 2772 482 2818 natura
501 2759 634 2819 nondum
653 2760 739 2819 nobis
759 2759 970 2838 inquirendum
988 2773 1040 2818 est.
1081 2759 1143 2816 Nisi
1160 2757 1196 2816 de
1207 2765 1358 2836 jarstoprae·

106 2863 111 2878 ⁸
154 2858 295 2936 cipueque
314 2855 350 2915 de
371 2866 474 2915 sancto
493 2856 665 2936 diligentius
683 2859 841 2936 egerimuS,
872 2871 1071 2937 argumentum
1087 2856 1160 2930 hoc,
1190 2857 1311 2916 omnium
1326 2871 1360 2909 ar-

75 2980 78 2982 ·
152 2967 353 3033 gumentorum
372 2975 513 3013 summum
532 2969 559 3014 et
578 2939 795 3034 gravissimum,
819 2977 879 3014 non
899 2953 1001 3012 licebit
1019 2968 1150 3014 tractare.
1193 2952 1251 3012 Sed
1278 2947 1361 3013 detulit

123 3131 127 3138 ι
154 3071 205 3111 nos
223 3052 296 3110 illuc
316 3051 444 3111 Platonis
461 3052 533 3110 baec
553 3053 590 3112 dc
607 3053 679 3112 boni
700 3051 765 3112 idea
786 3047 939 3126 doctrina,
961 3053 1068 3132 quippe
1087 3073 1160 3130 quae
1171 3099 1180 3127 ,
1203 3066 1234 3110 ut
1249 3049 1362 3130 exipsius

160 3149 278 3206 Timaeo
296 3162 375 3228 patet
383 3194 392 3222 ,
413 3171 498 3229 quam
517 3150 649 3230 proxime
678 3164 719 3209 cst
738 3172 805 3209 cum
832 3150 918 3209 rebus
946 3149 1058 3210 divinis
1087 3152 1253 3228 conjuncta.
1291 3149 1363 3206 Deum

156 3247 235 3304 enim
263 3245 326 3304 illic
352 3245 390 3306 ad
418 3247 494 3307 banc
522 3248 613 3327 ipsam
630 3246 726 3307 ideam
748 3247 891 3308 mundum
910 3249 1083 3316 formantem
1100 3249 1259 3328 proposuit.
1297 3240 1363 3319 Quod

156 3343 319 3420 eujusmodi
339 3345 394 3418 sit,
414 3345 551 3425 princeps
570 3345 655 3406 nobis
675 3346 783 3426 dialogi
803 3367 944 3426 persona,
966 3347 1117 3420 Timaeus,
1139 3344 1344 3407 demonstrabit.

197 3441 325 3500 Primum
352 3442 423 3518 ille,
455 3441 491 3502 de
519 3455 598 3500 tanta
627 3443 739 3503 scilicet
766 3464 796 3502 re
826 3442 958 3502 dicturus
970 3489 978 3517 ,
999 3444 1125 3501 Deorum
1143 3464 1227 3524 opem
1244 3441 1364 3523 implorat.

156 3540 228 3600 Nam
245 3539 344 3614 Plato,
366 3561 421 3620 qua
439 3540 624 3620 simplicitate
644 3555 673 3600 et
693 3541 869 3604 verecundia
889 3541 922 3598 in
949 3540 1056 3602 Politia
1078 3541 1115 3601 de
1144 3541 1216 3600 boni
1245 3540 1307 3602 idea
1330 3537 1364 3596 So·

186 3817 212 3881 l)
232 3819 310 3872 Arist.
329 3821 358 3888 de
375 3819 468 3872 Mando
481 3834 504 3868 c.
521 3815 545 3869 6.
564 3835 591 3886 p.
612 3817 652 3868 15.
663 3817 702 3870 De
720 3818 800 3870 libelli
816 3819 971 3870 auctoritate
989 3819 1078 3870 variae
1099 3820 1168 3871 omui
1193 3836 1261 3872 aevo
1284 3821 1366 3870 luerunt

158 3904 316 3956 eruditorum
333 3906 495 3968 sententiae,
516 3921 580 3971 quas
593 3906 725 3956 recensuit
746 3905 930 3956 Fausianam.
951 3905 995 3956 Gr.
1015 3904 1057 3956 lll.
1076 3904 1101 3956 6.
1124 3923 1150 3972 p.
1176 3905 1235 3956 127.
1269 3901 1366 3969 flicqui·

127 3985 129 3988 ’
158 3989 217 4041 dem
238 4005 387 4058 germanum
404 3989 552 4041 Aristotelis
571 3991 695 4056 scriptum
709 4005 769 4042 csse
788 3989 939 4054 contendit;
955 3999 1083 4059 negarunt
1100 4006 1165 4042 vero
1183 3991 1310 4059 principes
1327 3987 1366 4038 cri-

156 4076 215 4138 tici,
234 4073 362 4138 Muretus,
383 4075 514 4143 Scaliger,
542 4075 727 4138 Casaubonus,
759 4075 915 4138 Salmasius,
941 4075 1068 4139 Vossius,
1095 4077 1147 4127 aiii.
1183 4076 1252 4128 Sane
1273 4084 1297 4127 ct
1316 4072 1365 4123 ratio

133 4147 137 4156 ¹
154 4161 236 4213 libelli
253 4169 279 4212 et
295 4161 378 4213 oratio
391 4163 517 4211 seriorem
531 4169 642 4213 aetatem
656 4161 745 4213 refert.
781 4159 882 4213 Miscuit
896 4162 953 4212 lere
969 4169 1060 4212 auctor
1076 4177 1133 4213 oum
1148 4161 1294 4232 Aristotelis
1306 4163 1366 4208 neta·

156 4247 264 4313 physica
288 4243 403 4296 Platonis
425 4246 529 4313 placita.
565 4247 612 4298 Est
628 4237 713 4301 autem
733 4247 984 4320 praestantissimum
1006 4249 1165 4315 antiquitatis
1189 4252 1365 4300 monumentum·

157 4332 259 4398 Lipsius
284 4347 388 4382 carmem
407 4330 514 4384 libellam
534 4341 628 4397 vocat,
653 4335 682 4386 de
707 4334 846 4386 commatis
866 4331 885 4385 l.
904 4331 945 4386 18.
967 4331 1364 4392 numentanorum·

155 4416 213 4468 45⁴.
