2908 5114
649 245 654 258 ’
711 273 772 334 oss

122 444 217 500 inscie·
235 455 291 514 pet·
309 441 434 512 iniquus
454 441 587 492 actiones
607 433 743 510 similes,
772 435 822 494 ills·
842 453 911 494 vero
930 435 1109 495 dissimiles:
1140 439 1228 510 cujus
1253 435 1356 492 delicti

124 539 177 596 ίνοο
201 545 265 613 ipso
293 536 386 594 luunt
407 553 539 611 poenos,
571 534 648 610 quod
671 542 782 592 temere
809 540 925 605 eitam,
949 540 1002 590 cui
1021 534 1136 592 similes
1150 532 1251 610 effecti
1269 543 1357 605 mne,

123 637 249 695 ducum.
260 657 276 690 n
297 629 327 712 l)
356 630 443 706 Quod
462 643 557 690 antem
578 630 727 704 diximus,
747 630 898 690 Platonem
917 629 1030 709 legibus
1048 631 1215 711 pracsertim
1233 630 1359 688 conden-

124 734 172 795 dis
187 734 263 793 bauo
282 732 320 792 de
337 730 412 790 ideis
428 729 591 789 doctrinam
610 727 797 803 adhibuisse,
819 741 852 787 ut
872 727 1067 808 legislatores,
1088 729 1232 809 pictorum
1251 729 1359 802 instar,

126 833 287 914 perfectas,
308 827 405 908 quoad
419 830 481 905 ejus
501 826 565 886 lieri
588 840 702 908 posset,
721 826 898 902 scriberent,
920 825 1018 885 eloco
1038 824 1071 886 id
1090 848 1151 886 non
1169 826 1361 886 minusillus-

125 932 164 991 tri
181 941 211 988 et
229 927 349 988 sublimi
360 972 369 1002 ,
390 926 441 1005 qui
461 921 552 985 estin
579 938 661 984 sexto
681 926 718 983 de
736 925 918 1002 Republica,
947 922 1088 985 efficimus
1118 938 1148 984 et
1173 923 1361 1005 explicamus.

131 1026 302 1106 «Vulgares
320 1025 471 1099 homiues,
493 1024 535 1082 ait
554 1021 684 1082 Socrates
702 1043 770 1083 cnm
788 1020 944 1084 Adimanto
964 1022 1153 1102 colloquens,
1172 1035 1363 1082 contemnunt

129 1122 319 1208 philosophos
350 1135 378 1181 et
401 1121 578 1201 legislatores
604 1139 768 1202 germanos,
789 1122 877 1202 quia,
907 1120 982 1200 quid
999 1120 1157 1181 moliantur
1171 1135 1200 1181 et
1226 1119 1364 1201 quemad·

128 1222 248 1284 modum
268 1219 493 1303 ipsisprodesse
513 1220 663 1294 nitantur,
687 1220 832 1300 ignorant.
874 1219 1063 1280 conformant
1082 1233 1177 1279 autem
1191 1218 1238 1277 illi
1262 1217 1298 1278 ad
1320 1217 1364 1291 id,

128 1320 207 1403 quod
225 1321 385 1401 perfectum
404 1332 465 1392 est,
496 1330 524 1376 et
541 1331 629 1376 semet
648 1318 725 1398 ipsos
752 1331 780 1377 et
806 1337 852 1377 res
879 1319 1009 1378 civitatis
1037 1338 1114 1376 suae.
1156 1317 1275 1376 Scilicet
1300 1337 1366 1376 cum

129 1420 234 1482 divino
253 1432 281 1479 et
301 1417 422 1477 honesto
446 1434 637 1478 consuescens
654 1414 864 1496 philosophus,
890 1415 1028 1476 honestus
1047 1435 1080 1474 ac
1100 1415 1241 1491 divinus,
1270 1414 1367 1495 quoad

129 1515 245 1579 bomini
263 1515 351 1589 licet,
373 1514 425 1590 fit3
448 1512 596 1573 calumnia
616 1527 712 1572 autern
731 1514 764 1572 in
790 1498 927 1573 dmnibus
946 1513 1139 1592 frequens-
1165 1513 1213 1574 Sic
1236 1526 1280 1573 est
1305 1533 1369 1572 om-

128 1619 258 1677 nino.-
278 1613 389 1689 Quodsi
410 1612 579 1671 necessitate
599 1610 697 1690 aliqua
718 1611 899 1687 adducatur,
920 1625 953 1670 ut
971 1631 1023 1687 ea,
1047 1612 1202 1692 quasillis
1222 1613 1369 1684 intuetur,

117 1715 166 1776 -ad
182 1735 275 1776 mores
295 1712 446 1790 bominum
465 1710 603 1791 privatim
622 1709 798 1790 publiceque
816 1712 971 1770 transferat
981 1755 990 1786 ,
1012 1731 1067 1770 nec
1088 1725 1176 1771 semet
1191 1723 1305 1770 tantum
1324 1710 1368 1790 ip-

127 1835 190 1874 sum
200 1858 210 1888 ,
232 1810 282 1871 sed
303 1824 331 1870 et
348 1809 421 1869 alios
441 1809 596 1867 informet:
629 1807 773 1887 numquid
791 1810 915 1868 inertem
943 1803 1151 1891 'temperantiae
1175 1809 1368 1888 justitiaeque

127 1926 156 1972 et
184 1911 336 1971 universae
354 1907 503 1991 popularis
522 1905 641 1966 virtutis
670 1905 803 1987 opificem
833 1908 928 1988 ipsum
955 1908 1018 1968 sore
1036 1906 1252 1967 existimasl-
1274 1908 1368 1966 Mini-

88 2009 94 2018 ’
131 2031 230 2071 me.-
252 2007 364 2087 Vulgus
392 2018 486 2064 autem
515 2005 539 2064 si
567 2003 706 2078 sentiret,
737 2025 805 2066 vere
834 2027 886 2065 nos
905 2006 942 2066 de
962 2025 996 2065 eo
1016 2005 1132 2080 dicere,
1162 2025 1369 2064 succensurum

129 2106 312 2190 philosophis
328 2099 446 2179 censes,
469 2102 610 2180 nobisque
631 2101 720 2161 fidem
741 2121 801 2161 non
821 2102 1008 2179 habiturum,
1037 2102 1223 2178 dicentibus,
1253 2103 1370 2164 beatam

128 2205 213 2266 nullo
230 2203 316 2264 modo
336 2203 485 2263 civitatem
505 2201 584 2276 sore,
606 2197 631 2259 εί
651 2194 698 2280 μή
719 2193 814 2282 oderis
838 2195 1034 2284 διαγράψειαν
1054 2199 1084 2263 οἱ
1103 2201 1148 2287 τῷ
1172 2200 1249 2287 θείῳ
1267 2225 1370 2284 παρα-

123 2301 265 2385 δείγματι
288 2293 440 2384 χρώμενοι
460 2293 629 2381 ζωγράφοις
651 2309 714 2362 nisi
732 2304 884 2362 delitescet
902 2326 966 2362 enm
991 2307 1207 2384 ordinemque,
1237 2311 1290 2383 qui
1318 2307 1371 2363 di-

128 2413 198 2465 oino
227 2413 361 2462 utentur
380 2403 528 2477 exemplo,
547 2401 702 2480 pictores?
716 2425 731 2458 n
767 2402 857 2482 Negat
877 2401 926 2461 htc
946 2402 1139 2480 Adimantus,
1161 2424 1371 2464 succensurum

129 2523 190 2562 esse
209 2500 329 2581 uulgus3
354 2498 405 2559 sed
420 2498 457 2558 de
475 2499 530 2558 boc
558 2500 671 2579 quaerit
690 2498 833 2580 pingendi
850 2499 955 2560 modo:
986 2519 1116 2580 «quem,
1147 2502 1259 2580 inquit,
1289 2500 1372 2562 dicis

130 2597 188 2686 τῆς
209 2598 381 2681 διαγραφῆς
402 2584 526 2680 τρόπονξ
549 2599 603 2659 Cui
623 2597 752 2657 Socrates
762 2642 771 2672 ,
792 2611 943 2678 postquam
964 2601 1137 2675 sumserint,
1159 2601 1272 2678 inquit,
1290 2599 1371 2662 civi·

129 2718 217 2766 tatem
239 2721 386 2782 moresque
407 2700 573 2774 bominum,
594 2710 733 2777 tanquam
755 2693 885 2755 tabulam
909 2696 1073 2776 quandam,
1094 2700 1220 2779 primurn
1239 2717 1302 2756 eam
1323 2697 1372 2756 ef-

129 2802 230 2862 ficient
255 2821 375 2882 puram:
408 2797 487 2878 quod
514 2819 575 2857 non
604 2809 646 2854 est
676 2793 781 2869 facile3
814 2794 947 2853 nescisne
974 2815 1063 2872 vero,
1084 2796 1138 2856 hoc
1159 2796 1226 2856 illos
1246 2797 1373 2855 caeteris

129 2899 335 2982 praestituros,
356 2896 435 2978 quod
454 2915 547 2974 neque
568 2893 715 2954 bominem
735 2891 883 2972 privatum
912 2911 966 2952 nec
996 2893 1144 2954 civitatem
1170 2909 1285 2974 tangere
1314 2913 1371 2952 nec

130 2998 206 3080 leges
226 2997 351 3058 condere
371 2995 485 3070 velint,
508 3007 663 3071 antequam
681 2989 753 3048 haec
773 2987 822 3049 vel
851 3009 924 3070 pura
954 2993 1118 3072 acceperint
1146 2992 1195 3053 vel
1223 2991 1279 3072 ipsi
1298 3011 1372 3072 pur

27 3173 35 3182 .
128 3097 267 3178 gevetius
273 3099 333 3156 l-
359 3095 396 3154 Et
417 3107 494 3152 recte
512 3083 640 3172 qnidein.
653 3119 688 3132 -
719 3088 824 3147 Nonne
854 3085 1017 3148 describere
1046 3109 1092 3149 eos
1109 3103 1174 3170 post
1190 3090 1261 3149 baec
1281 3102 1374 3168 putas

34 3174 47 3188 „
124 3195 258 3258 ultimis
281 3194 470 3253 fonnaml-
497 3190 633 3267 Quidni?
655 3236 688 3250 ..
709 3175 842 3260 Ἔπειτα,
878 3177 977 3263 οἶμαι,
1004 3180 1239 3270 ἀπεργαζόμενοι
1270 3178 1373 3248 πυκνοῖ
1385 3189 1389 3194 ’

129 3285 167 3353 διν
193 3285 351 3372 ἑκατέρωδ
377 3281 567 3368 ἀποβλέποιεν
587 3280 665 3370 πρός
685 3309 717 3348 τε
748 3282 783 3349 τδ
814 3280 903 3369 φύσει
930 3285 1077 3350 δίκαιον
1105 3288 1155 3351 καὶ
1183 3280 1297 3350 καλδν
1320 3288 1373 3350 καί

130 3396 280 3478 σῶφρον
299 3393 349 3456 καί
369 3388 467 3455 πάντα
487 3387 525 3454 τοὶ
546 3391 669 3454 τοιαῦτα
676 3438 686 3468 ,
708 3390 757 3453 καί
778 3381 858 3473 πρδς
879 3390 970 3453 ἒκεῖνο
992 3383 1032 3452 od
1055 3389 1087 3453 ἕν
1108 3395 1171 3466 τοῖς
1191 3385 1373 3472 ἀνθρώποις

71 3479 74 3487 Δ
131 3497 299 3579 ἐμποιοῖεν,
329 3490 540 3578 ξυμμιγνύντες
567 3517 599 3558 τε
624 3494 674 3556 καί
699 3488 884 3574 κεραννύντες
912 3489 944 3556 ἐκ
963 3492 1025 3556 τῶν
1047 3489 1304 3576 ἐπιτηδευμάτων,
1331 3486 1372 3556 ed

130 3597 328 3687 ἀνδρείκελον,
351 3595 401 3662 ἀπ’
417 3597 526 3662 ἐκείνου
540 3592 780 3681 τεκμαιρόμενοι,
811 3594 831 3659 δ
852 3593 893 3682 δή
922 3596 971 3659 καὶ
994 3589 1129 3680 Ὅμηρος
1167 3590 1300 3658 ἐκάλεσεν
1339 3595 1373 3660 ἒν

130 3708 193 3780 τοῖς
220 3696 630 3788 οἷνθροίποις.ἒγγιμνίμενον
658 3696 792 3775 θεοειδές
821 3723 854 3763 τε
884 3700 933 3762 καὶ
964 3697 1135 3764 θεοείκελον.
1158 3737 1198 3746 -
1231 3693 1372 3780 Ὀρθῶς·

131 3809 237 3867 dende
255 3816 290 3866 in
308 3829 393 3884 opere
409 3807 593 3887 perficiendo
604 3808 809 3884 frequenter,
831 3807 917 3864 eredo
927 3850 936 3882 ,
960 3806 1001 3864 od
1023 3814 1154 3882 utraque
1181 3808 1371 3880 respicient,

132 3908 242 3982 adid,
264 3901 919 3984 qnodnotnrdjustum,pnlcrnm,
939 3913 1212 3980 temperatum
1234 3905 1371 3978 etquid·

132 4005 207 4084 quid
224 4005 430 4081 hujuscemodi
448 4013 509 4078 est,
530 4013 597 4062 tum
624 4025 737 4063 rursus
761 4005 803 4064 od
830 4004 929 4079 illud,
959 4002 1034 4078 ρποιί
1062 4011 1196 4060 sumtum
1220 4021 1256 4057 es
1282 4008 1373 4059 vitae

131 4126 148 4163 ο
183 4111 241 4162 ciis
260 4105 446 4179 studiisque,
466 4104 614 4162 miscendo
639 4104 743 4162 indere
771 4103 940 4162 bominibus
967 4109 1112 4179 cupiant,
1127 4088 1164 4158 τδ
1184 4092 1372 4179 δνδρείκελον

133 4203 292 4278 videlieet,
313 4203 407 4280 δροίιί
424 4203 460 4258 ab
478 4224 508 4259 eo
533 4207 729 4278 conjecturat,
758 4201 836 4279 quod
863 4202 1032 4260 dominibus
1058 4203 1190 4260 inditum
1217 4199 1372 4263 Homerus

169 4451 195 4516 l)
217 4454 313 4504 Thenet.
330 4451 389 4504 176.
410 4452 439 4504 ll.
454 4453 484 4504 ll.
