2886 5118
740 261 800 327 lid

167 429 232 490 fone
250 427 302 488 ille
320 426 492 509 optimorum
511 425 544 487 in
565 427 660 486 animo
676 441 773 490 nomo
788 427 950 490 studiorum
964 421 1148 510 uberrimus,
1177 433 1310 517 idemque
1330 457 1379 498 cere

164 528 292 588 tissimus
315 525 428 585 homini
456 524 494 584 ad
521 545 619 587 veram
646 526 816 588 felicitatem
843 526 935 588 dux.·.
956 529 1029 608 Nam
1057 529 1095 608 ad
1113 531 1210 612 pulcri
1228 535 1380 616 adspectum

166 644 302 685 aecensus
328 626 361 684 in
385 623 488 698 nobis,
517 637 549 684 ut
573 624 610 683 ab
638 625 724 685 initio
755 645 808 686 nos
834 629 949 687 monuit
976 601 1223 710 apddd'latonem
1242 633 1379 708 Socrates,

164 723 201 782 ad
231 724 324 804 ipsum
352 743 406 783 nos
432 721 567 803 pulcrum
595 722 705 801 trahit,
738 743 847 804 nosque
873 726 952 787 illud
981 717 1104 787 referre'
1118 727 1258 812 deinceps
1286 753 1380 792 sermo-

108 868 112 873 .
163 842 249 898 num,
283 822 430 882 actionum
458 821 592 900 vitaeque
621 823 739 884 omnino
769 822 910 903 elegantia
938 839 1024 905 atque
1051 824 1202 902 honestate
1232 828 1377 891 studemus.

161 919 242 980 Idem
264 933 359 978 autem
387 939 466 978 amor
493 919 596 994 nobis,
626 920 705 998 quod
734 921 802 980 item
827 919 983 985 affirmavit
1002 920 1080 1004 apud
1098 924 1225 983 eundern
1245 926 1380 986 Platonem

161 1017 307 1093 Socrates,
334 1017 411 1092 veri,
438 1017 510 1096 quin
538 1018 624 1077 etiam
638 1019 710 1096 justi
731 1021 879 1100 sanctique
898 1021 1079 1102 principium
1097 1033 1149 1080 est.
1191 1022 1297 1083 Pulcra
1318 1029 1381 1084 enin

161 1137 221 1174 non
245 1127 322 1174 amat
345 1113 555 1196 philosophus,
584 1117 642 1175 uisi
673 1137 746 1195 qnae
772 1137 840 1180 vere
869 1132 937 1178 sunt
964 1119 1085 1199 pulcra,
1122 1121 1274 1180 veritatem
1302 1138 1381 1182 autem

160 1213 279 1289 eodem,
306 1233 363 1293 qno
389 1213 526 1273 amasium
545 1215 607 1294 ipse
625 1233 709 1272 suum
718 1260 728 1290 ,
757 1235 852 1276 amore
870 1218 1062 1298 prosequitur.
1104 1218 1169 1291 Quo
1188 1217 1224 1278 fit
1234 1264 1244 1296 ,
1266 1235 1299 1280 ut
1319 1225 1379 1282 veri·

159 1313 226 1371 tatis
262 1310 453 1391 assequendae
481 1312 587 1370 caussa·
608 1311 653 1370 nil
680 1333 739 1372 non
778 1327 805 1372 et
830 1315 925 1373 facere
953 1330 981 1374 et
1009 1315 1071 1395 pati
1104 1315 1200 1375 velint
1232 1321 1379 1399 sapientes,

158 1411 230 1469 mori
258 1409 330 1470 adeo
356 1410 494 1491 cupiant:
525 1409 603 1489 quod
635 1430 710 1470 unus
738 1409 852 1472 efficere
871 1433 950 1473 amor
968 1425 1070 1494 potest.
1114 1414 1226 1487 Quodsi
1251 1417 1287 1477 de
1306 1420 1379 1495 justi⁶

153 1509 198 1566 tia
222 1529 254 1566 ac
282 1509 403 1568 caeteris
428 1508 587 1568 virtutibus
611 1509 786 1587 majoribus,
819 1510 911 1590 deque
939 1513 1026 1581 vitae
1045 1531 1215 1591 morumque
1244 1517 1378 1576 sanctitate

156 1608 337 1686 quaerimus,
366 1614 496 1691 virtutis
524 1616 632 1666 auctor
660 1629 738 1668 amor
765 1622 807 1669 est
818 1655 827 1684 ‚
857 1610 935 1696 qued
957 1606 1105 1668 Phaedrus
1123 1629 1175 1668 nos
1193 1612 1227 1671 in
1244 1612 1378 1694 Symposio

155 1703 272 1779 docuit,
300 1706 358 1764 imo
385 1726 454 1768 vero
481 1705 557 1765 solus
583 1705 632 1766 hic
651 1706 783 1767 homines
802 1710 843 1766 od
863 1717 1010 1768 virtutem
1031 1700 1159 1780 ἐνθέους
1178 1711 1265 1769 facit:
1292 1725 1374 1790 estque

155 1803 233 1863 idem
261 1803 328 1878 ille,
355 1802 392 1863 de
421 1803 526 1865 divina
554 1805 696 1865 Dictimae
715 1808 877 1883 sententia,
904 1807 981 1868 inter
1000 1809 1074 1868 Deos
1093 1808 1285 1887 hominesque
1299 1811 1374 1869 inter·

154 1901 282 1977 medius,
301 1902 419 1962 illorum
437 1901 476 1962 ad
495 1901 548 1963 hos
566 1901 727 1978 beneficia,
747 1903 907 1985 horumque
926 1904 963 1964 ad
985 1905 1053 1966 illos
1072 1927 1172 1987 preces
1190 1908 1369 1983 transferens,

155 2017 187 2062 ut
203 1986 391 2076 immensum,
409 2022 465 2081 quo
486 2013 655 2082 separantur
684 2023 700 2060 a
723 2003 916 2078 seinvicem,
937 2003 1128 2067 intervallum
1149 2004 1305 2085 compleat:
1323 2005 1371 2064 hc-

149 2103 316 2180 -minemque
342 2100 461 2160 omnino
471 2144 481 2176 ,
509 2100 635 2159 Deorum
661 2100 743 2159 cultu
762 2114 790 2159 et
808 2101 1018 2178 veneratione,
1041 2102 1079 2162 ad
1097 2103 1176 2163 ritae
1196 2103 1372 2183 integritatem

152 2201 402 2278 sanctitatemque,
423 2197 461 2258 ad
481 2197 602 2258 divinae
620 2196 693 2258 adeo
712 2211 833 2258 naturae
842 2191 1066 2259 similitudinem
1076 2201 1225 2261 informat.
1240 2199 1270 2282 l)
1295 2199 1371 2275 Quid·

151 2300 183 2359 ni
203 2299 311 2378 igitur,
331 2310 363 2356 ut
383 2294 481 2356 adhuc
499 2295 639 2370 fecimus,
660 2294 801 2377 deinceps
817 2317 940 2357 amorem
956 2297 1157 2380 principium,
1179 2299 1259 2359 unde
1278 2301 1369 2380 optima

151 2416 279 2476 quaeque
298 2395 454 2470 ducamus,
473 2393 669 2454 habebimus?
711 2394 769 2454 Sed
787 2415 865 2455 amor
883 2409 1030 2476 praeterea
1050 2394 1127 2454 hanc
1148 2395 1229 2478 apud
1248 2419 1297 2456 nce
1315 2397 1364 2458 rin

150 2494 256 2570 habet,
282 2508 331 2569 ut,
359 2493 531 2574 optimarum
556 2511 651 2552 rerum
670 2493 848 2573 cupiditate,
873 2511 977 2574 pravas
996 2492 1189 2574 cupiditates,
1216 2517 1288 2574 quac
1303 2495 1361 2553 item

149 2593 250 2652 insunt
275 2591 365 2652 animi
395 2604 534 2663 naturae,
563 2591 711 2648 accesserit
732 2588 956 2650 moderationis
977 2592 1151 2672 imperium,
1177 2593 1322 2652 vincamus
1339 2611 1366 2648 ae

149 2697 336 2750 coerceamus.
379 2689 457 2748 Haec
487 2703 583 2748 autem
612 2686 754 2747 naturalis
782 2689 873 2748 animi
894 2689 984 2748 nostri
1002 2688 1151 2764 conditio,
1183 2703 1216 2748 ut
1236 2690 1275 2750 ad
1295 2689 1367 2762 ¹finem

148 2787 307 2868 aliquando
336 2786 571 2866 disquisitionum
594 2800 775 2861 nostrarum,
794 2787 845 2866 qui
869 2788 945 2847 vita
967 2785 1070 2846 beata
1093 2801 1153 2862 est,
1174 2788 1301 2852 feliciter
1318 2809 1369 2868 per·

150 2886 322 2960 veniamus,
341 2883 390 2944 hlc
411 2881 497 2943 nohis
516 2885 657 2942 continuo
677 2882 835 2963 diligenter
857 2884 1032 2964 exponenda
1052 2897 1103 2944 est.

188 2987 275 3046 Amor
301 2985 334 3042 in
361 2981 457 3042 animo
477 2981 604 3042 hominis
624 2983 807 3040 desiderium
828 2995 870 3041 est
887 2971 1023 3062 proprie*
1052 2982 1102 3057 ¹Eu
1121 2981 1286 3063 indigentia
1303 2984 1368 3042 enim

147 3085 257 3160 oritur,
285 3095 317 3142 ut
345 3081 474 3140 Socrates
501 3101 553 3140 noe
582 3081 614 3139 in
644 3079 813 3161 Symposio,
841 3073 966 3160 itemque
986 3080 1195 3160 Aristophanes
1215 3081 1321 3142 docuit.
1339 3078 1365 3156 2)

146 3182 182 3244 ld
200 3183 298 3257 enim,
317 3201 375 3259 qno
393 3199 538 3253 caremus,
557 3178 636 3256 quod
655 3179 846 3257 requirimus,
865 3178 945 3256 quod
966 3177 1183 3255 desideramus,
1203 3201 1264 3239 non
1274 3227 1283 3255 ,
1301 3175 1365 3258 quod

145 3278 303 3354 habemus,
330 3291 464 3358 appetere
494 3289 578 3355 atque
592 3272 595 3278 ’
608 3297 701 3336 amare
721 3272 853 3336 solemus.
896 3275 1065 3355 Cujusmcdi
1089 3277 1234 3356 appetitus
1254 3299 1287 3336 ac
1305 3275 1365 3336 desi·

146 3378 227 3440 deria
243 3379 276 3436 in
295 3376 390 3435 brutis
410 3374 587 3434 animalibus
607 3395 666 3434 non
687 3375 801 3451 minus,
820 3361 906 3454 quam
934 3376 967 3433 in
989 3373 1177 3449 hominibus,
1198 3375 1365 3436 animadver-

144 3477 241 3536 timus.
292 3473 396 3536 Cibum
424 3486 580 3555 potumque
608 3486 751 3554 expetunt
773 3473 945 3536 'vehementi
975 3471 1121 3545 desiderio
1148 3487 1235 3552 atque
1261 3471 1363 3544 ardore,

144 3576 312 3656 eodemque,
346 3587 374 3632 et
402 3575 509 3650 majore
536 3573 640 3647 etiam,
670 3572 833 3632 satisfacere
854 3571 985 3634 venereis
1005 3568 1221 3651 cupiditatibus
1240 3572 1362 3632 student:

143 3675 274 3736 homines
295 3693 364 3733 vero
382 3671 434 3730 has
451 3668 644 3750 cupiditates,
665 3671 781 3730 insanas
798 3669 883 3730 hasce
901 3668 1063 3742 libidines,
1081 3670 1215 3748 quamvis
1239 3669 1362 3749 indignae

142 3773 197 3834 hoc
227 3772 345 3832 nomine
375 3769 451 3844 sint,
471 3773 595 3843 amorem
621 3781 737 3829 vocant.
778 3769 830 3828 Est
848 3767 960 3827 scilicet
976 3765 1026 3825 hic
1042 3759 1214 3848 πάνδημος,
1237 3770 1361 3850 vulgarit

142 3891 238 3947 amor,
259 3869 347 3949 vulgo
373 3867 477 3947 illique
496 3865 646 3925 hominum
666 3867 765 3946 generi
784 3865 936 3947 proprius,
957 3865 1008 3944 qui
1028 3867 1179 3928 brutorum
1200 3869 1290 3928 instar
1305 3863 1360 3925 solis

175 4140 201 4208 1)
220 4142 305 4193 latitia.
331 4154 357 4206 p.
377 4135 436 4190 102.
470 4135 567 4188 Retulit
583 4136 646 4188 haec
668 4135 771 4190 Tusco
796 4095 829 4189 ad
853 4134 1014 4203 Gabrielem,
1028 4136 1080 4190 Dei
1096 4134 1224 4192 nuncium.
1258 4130 1357 4189 umet

139 4231 180 4282 hb·
200 4228 228 4294 Ι,
244 4225 294 4278 ¹¹·
357 4290 361 4298 Ι
471 4307 520 4360 die
538 4311 549 4360 i
565 4311 658 4361 decreti
668 4309 709 4360 del
722 4307 771 4360 ciel
784 4290 859 4377 porta
866 4346 874 4372 ,
891 4309 921 4358 ed
935 4307 962 4358 af
974 4307 1037 4360 ciclo

473 4398 579 4464 liiporta
595 4397 633 4448 ‹le’
650 4394 774 4447 mentelii
788 4393 876 4461 preqhi
894 4393 927 4446 e’l
937 4392 997 4444 selo.

123 4479 448 4568 ,mmmmm
