2832 5120
724 269 780 328 166

141 433 301 506 adductus,
323 433 355 490 in
374 431 523 492 civitatem
538 453 598 490 non
613 431 729 491 admisit
739 433 904 492 Homerum.
927 431 1078 510 Quodque
1088 432 1354 515 diligentiusexplo·

140 534 299 594 raverimus
308 577 316 606 ,
337 532 377 589 ita
396 529 433 588 de
451 529 580 611 perlecto
599 543 708 590 oratore
727 531 856 590 Platonis
874 531 1105 590 existimabimus
1124 531 1230 591 verius.

181 629 353 691 Audivimus
383 628 545 709 Gorgiam,
575 628 646 706 qui,
676 650 761 708 quam
788 630 895 704 inane,
926 649 1012 709 quam
1040 628 1152 688 homini
1180 629 1354 709 perniciosum

141 743 229 803 esset,
250 747 308 806 quo
326 725 506 801 ducebatur,
528 726 861 804 eloquentiae-studium
871 773 880 804 ,
901 749 917 786 a
936 727 1051 786 Socrate
1070 740 1186 786 coactus
1212 741 1254 786 est
1281 727 1354 786 confi·
1386 722 1389 732 ’

140 829 213 903 teri,
234 847 313 886 nunc
338 825 493 884 Calliclem
512 821 681 899 audiamus,
703 826 753 904 qui
774 826 824 884 sul
844 839 945 906 sponte
964 827 997 884 in
1014 825 1225 906 philosophiam
1252 825 1355 886 invehi·

140 939 207 1000 tur,
227 939 339 983 utrem
359 922 460 982 utilem
478 922 575 1002 pueris
587 969 595 997 ,
614 921 665 981 sed
684 924 755 982 viris
774 925 825 1002 qui
844 945 889 982 res
916 925 1009 982 acturi
1028 925 1061 984 in
1089 924 1208 984 civitate
1235 924 1355 1003 gravissi-

139 1044 199 1083 mas
217 1035 303 1096 sunt,
317 1043 382 1080 cum
397 1021 533 1082 inutilem
552 1041 667 1102 prorsus
681 1036 743 1082 tum
760 1020 935 1082 indecoram.
961 1023 1112 1082 «Venusto
1130 1043 1175 1080 res
1189 1021 1356 1103 philosophia

141 1135 202 1194 est,
222 1141 239 1179 ο
257 1120 405 1193 Socrates,
435 1120 492 1193 ait,
515 1120 538 1178 si
566 1120 631 1198 quis
659 1141 721 1179 eam
740 1119 853 1179 modice
878 1121 911 1179 in
940 1122 1002 1201 ipsa
1026 1120 1220 1180 adolescentia
1247 1133 1355 1196 tractat;

139 1219 242 1300 quodsi
271 1217 382 1276 diutius
411 1219 444 1277 in
463 1240 514 1294 ea,
536 1240 620 1297 quam
644 1201 758 1277 neeesse
785 1231 826 1278 est
837 1264 847 1293 ,
873 1233 1022 1294 versatur,
1043 1219 1194 1278 hominum
1214 1232 1256 1277 est
1275 1211 1357 1300 pemi·
1388 1233 1412 1262 '=

140 1319 208 1378 cies.
249 1316 278 1398 l)
308 1317 379 1375 Nam
413 1318 546 1396 quamvis
589 1317 626 1376 sit
664 1317 769 1394 aliquis
802 1317 879 1376 hono
914 1319 1032 1397 ingenio
1063 1317 1231 1399 praeditus,
1261 1329 1356 1390 tamem

140 1417 164 1476 si
190 1435 243 1496 per
269 1417 480 1497 provectiorem
508 1415 594 1472 etiam
627 1429 749 1474 aetatem
775 1415 1020 1496 philosopham,
1050 1416 1211 1474 necessario
1242 1415 1358 1474 omniun
1411 1453 1412 1460 κ

141 1535 236 1572 rerum
256 1515 406 1594 imperitus
426 1511 493 1586 fiet,
516 1533 638 1591 quarum
656 1513 782 1593 peritum
809 1534 869 1572 esse
892 1527 1003 1594 oportet
1022 1515 1138 1587 virum,
1164 1514 1215 1592 qni
1244 1511 1359 1572 moribus
1411 1529 1412 1562 t

140 1613 277 1672 honestus
290 1625 324 1670 et
342 1610 438 1669 clarus
455 1611 490 1670 in
508 1611 628 1676 civitate
646 1611 710 1670 erit.
752 1612 824 1670 Nam
843 1625 872 1671 et
891 1611 987 1692 legum
1006 1610 1054 1670 illi
1074 1612 1168 1690 ignari
1188 1624 1258 1670 sunt
1277 1611 1359 1690 reipu·
1411 1629 1412 1659 2

141 1710 234 1769 blicae
245 1756 253 1785 ,
275 1723 303 1767 et
319 1729 502 1783 sermonum,
522 1708 629 1788 quihus
649 1709 693 1768 uti
712 1710 745 1768 in
762 1709 973 1768 consuetudine
998 1708 1148 1769 hominum
1167 1707 1286 1791 publice
1313 1708 1361 1790 pri·

142 1808 287 1885 saumque
310 1807 410 1881 decet,
432 1821 460 1866 et
487 1829 556 1868 vero
585 1805 778 1888 cupiditatum
806 1807 1061 1889 voluptatumque,
1082 1806 1189 1885 quihus
1217 1799 1362 1866 trahuntur
1406 1795 1412 1868 J

141 1907 292 1980 homines,
314 1905 422 1980 verbo,
443 1925 554 1965 morum
572 1907 623 1983 qui
643 1907 676 1964 in
691 1906 757 1965 aliis
771 1905 940 1964 hominibus
954 1905 1007 1965 alii
1021 1919 1107 1980 sunt,
1130 1919 1157 1964 et
1173 1905 1361 1986 ingeniorum:
1411 1935 1412 1942 κ

142 2003 244 2062 hortun
263 2005 392 2062 omnium
415 2025 530 2085 prorsus
556 2017 624 2062 sunt
646 2004 751 2084 ignari.
793 2005 935 2079 Quocirca
962 2005 1074 2083 quoties
1096 2003 1134 2064 ad
1162 2003 1289 2083 aliquam
1314 2023 1363 2062 rem

142 2101 298 2182 gerendam
316 2103 377 2162 sive
395 2101 545 2182 publicam
563 2102 624 2188 sive
642 2102 786 2181 privatam
805 2101 985 2182 procedunt,
1007 2101 1128 2162 ridiculi
1156 2116 1243 2177 sunt,
1275 2101 1317 2162 uti
1341 2113 1362 2159 et
1411 2121 1412 2154 ι

142 2200 256 2280 politici
277 2214 344 2258 sunt
354 2245 363 2274 ,
385 2199 489 2274 credo,
510 2221 599 2277 quum
617 2200 651 2260 in
672 2214 778 2260 vestras
795 2198 1006 2281 disputationes
1025 2201 1301 2280 exercitationesque
1319 2200 1362 2259 de-

143 2297 296 2358 scendunt.
319 2329 351 2338 -
373 2295 431 2356 Sed
451 2298 591 2377 optimum
610 2318 669 2357 esse
689 2313 776 2378 puto,
799 2299 948 2377 utriusque
972 2320 1031 2358 esse
1058 2299 1248 2380 participem:
1279 2297 1362 2380 philo
1411 2321 1412 2324 ¹

143 2395 260 2476 sophiae
279 2396 415 2476 quidem,
436 2394 610 2477 disciplinae
635 2397 752 2470 caussa,
774 2417 827 2456 nec
848 2417 916 2469 saue
942 2395 1154 2456 adolescentem
1172 2395 1363 2478 philosophari
1410 2421 1412 2448 a

142 2493 279 2554 dedecet:
301 2493 404 2572 quodsi
423 2494 489 2573 quis
515 2507 605 2553 aetate
620 2496 681 2574 jam
704 2495 867 2574 provectior
892 2493 1133 2575 philosophatur,
1154 2493 1314 2554 ridiculum
1338 2491 1363 2552 id
1407 2515 1412 2549 v

142 2612 258 2672 prorsus
277 2592 423 2672 negotium
442 2605 493 2652 est.
535 2591 594 2671 Ego
613 2605 660 2667 te,
679 2613 696 2650 o
714 2591 861 2666 Socrates,
881 2592 1083 2654 benivolentia
1101 2606 1129 2652 et
1153 2593 1282 2652 amicitia
1308 2613 1362 2673 pro

142 2711 262 2767 sequor:
283 2711 320 2750 ne
340 2691 429 2769 igitur
447 2709 529 2768 aegre
548 2690 622 2750 setas
645 2690 795 2764 velim,¹si
814 2691 906 2750 libere
925 2691 1097 2750 sententiam
1116 2690 1227 2752 dixero.
1271 2693 1364 2750 Nonne
1408 2701 1412 2748 '2

143 2801 228 2867 turpe
247 2787 302 2847 tihi
322 2809 380 2847 esse
399 2789 564 2862 existimas,
586 2789 626 2847 ita
640 2801 835 2869 comparatum
851 2809 929 2864 esse,
950 2789 1192 2868 quemadmodum
1204 2804 1233 2852 et
1248 2803 1366 2850 caeteros
1408 2791 1412 2845 i

142 2905 173 2944 se
191 2885 296 2944 habere
313 2886 456 2959 arbitror,
472 2885 527 2964 *qui
547 2885 658 2946 diutius
667 2931 676 2962 ,
697 2907 782 2978 quam
800 2907 853 2966 par
871 2901 931 2962 est,
952 2886 1165 2980 philosophiam
1191 2909 1366 2970 persequun-
1411 2913 1412 2946 t

143 2986 215 3046 tur?
237 2985 307 3042 Nam
325 2984 350 3042 si
369 2983 526 3057 acciderit,
549 2997 581 3042 ut
600 2985 692 3044 velte
715 2985 763 3043 vel
783 2985 873 3044 alium
891 2986 934 3044 tui
954 2985 1078 3046 similem
1096 2987 1129 3046 in
1148 3007 1292 3048 carcerem
1309 2983 1365 3064 quis
1411 3013 1412 3044 a

142 3079 274 3157 duceret,
285 3082 400 3157 dicens,
411 3095 439 3140 te
457 3083 567 3160 injusta
581 3084 722 3163 peregisse
733 3127 741 3156 ,
751 3085 882 3162 quamvis
896 3107 955 3144 non
965 3087 1139 3165 peregisses,
1160 3099 1193 3144 tu
1203 3107 1272 3147 sane
1283 3081 1365 3165 ‚quid
1409 3105 1412 3144 ἰ

142 3199 254 3258 ageres,
276 3199 331 3257 quo
361 3193 388 3238 te
416 3194 617 3255 converteres,
639 3202 699 3240 non
727 3181 864 3259 haberes,
887 3183 954 3257 sed,
975 3184 1033 3242 acsi
1062 3184 1205 3263 vertigine
1225 3181 1364 3242 laborares
1409 3207 1412 3243 v

142 3277 240 3338 subito
258 3291 286 3338 et
303 3278 436 3338 oscitares
446 3323 454 3351 ,
475 3277 554 3338 baud
574 3279 723 3340 invenires
742 3278 820 3360 quod
837 3279 964 3338 diceres:
987 3295 1048 3359 turn
1068 3281 1100 3340 in
1117 3280 1250 3341 tribunal
1271 3300 1364 3340 escen-
1409 3303 1412 3342 t

142 3375 216 3438 deus
225 3420 235 3449 ,
254 3389 376 3434 actorem
397 3391 497 3436 nactus
517 3375 664 3437 hominem
678 3378 767 3438 vilem
785 3377 1004 3456 abjectumque,
1026 3377 1160 3459 capitali,
1179 3379 1203 3438 si
1219 3379 1276 3459 ipsi
1295 3376 1365 3438 vide·

142 3487 240 3548 retur,
261 3474 405 3554 supplicio
423 3474 601 3556 plecteretis.
623 3477 710 3556 atqui
730 3475 783 3550 id,
804 3497 821 3534 o
840 3475 987 3553 Socrates,
1006 3476 1149 3555 quomodo
1163 3476 1223 3538 dici
1243 3474 1365 3557 prudens

143 3573 313 3652 sapiensque
332 3573 440 3652 possit,
461 3575 485 3632 si
504 3596 561 3653 qua
580 3596 626 3634 ars
644 3575 786 3654 ingenuae
805 3573 910 3634 mentis
928 3588 1010 3634 nacta
1029 3575 1143 3650 virum,
1170 3572 1267 3634 reddit
1295 3571 1363 3632 dete·

142 3671 265 3744 riorem,
287 3683 319 3728 ut
338 3693 391 3730 nec
409 3673 465 3733 sihi
487 3674 542 3754 ipsi
559 3673 633 3732 ferre
658 3693 741 3754 opem
760 3673 959 3754 possitneque
977 3695 992 3732 e
1009 3658 1183 3753 gravissimis
1191 3672 1328 3754 perieulis
1339 3689 1364 3730 se

141 3781 192 3826 aut
211 3766 301 3828 alium
318 3769 475 3851 expedire,
489 3771 526 3830 ab
545 3771 673 3832 inimicis
691 3791 759 3832 vero
776 3770 879 3851 opibus
895 3770 1051 3852 spolietur,
1067 3793 1238 3852 prorsusque
1253 3769 1363 3832 infamis

142 3866 176 3924 in
195 3867 313 3926 civitate
331 3869 437 3930 vivat?
460 3869 525 3928 Tali
542 3869 623 3944 viro,
639 3869 697 3930 nisi
722 3867 804 3927 dictu
822 3871 858 3928 sit
871 3870 1027 3949 agrestius,
1048 3869 1096 3930 vel
1121 3868 1275 3950 colaphum
1293 3867 1363 3928 inlli-

141 3983 206 4042 gere
223 3965 343 4046 impune
372 3966 450 4026 licet.
492 3965 550 4026 Sed
578 3966 651 4026 mihi
678 3965 783 4042 erede,
804 3988 821 4025 o
845 3965 939 4026 bone:
961 3989 1039 4028 cessa
1063 3969 1187 4048 argutari
1216 3981 1244 4027 et
1266 3967 1361 4026 decora
1411 3993 1412 4004 κ

140 4083 236 4121 rerum
256 4064 351 4124 studia
372 4085 486 4146 capesse
496 4111 506 4140 ,
526 4064 632 4144 quibus
649 4086 747 4147 sapere
766 4065 919 4127 videaris.»
944 4064 976 4148 2)

1411 4223 1412 4260 t

1411 4277 1412 4314 t

176 4290 201 4356 1)
221 4291 351 4344 Convenit
368 4291 533 4360 Neoptolemi
557 4292 626 4359 apud
646 4292 756 4345 Ennium
785 4293 888 4346 dictum:
913 4294 1130 4364 philosophandum
1149 4295 1360 4364 ertpoueissnots
1411 4263 1412 4270 l

142 4381 237 4428 manino
258 4380 325 4429 hoorl
342 4379 432 4447 placet.
463 4377 527 4430 Gell.
543 4379 573 4430 V.
593 4379 632 4429 15.

159 4461 185 4525 2)
204 4465 277 4530 (dorp.
299 4465 348 4515 lSl
372 4463 399 4515 G.
424 4463 474 4516 486
494 4464 523 4514 D.
