2838 5120
54 1798 60 1806 '
89 1809 101 1834 ο

433 1256 436 1262 ’
512 1299 1067 1378 ruurauucrros.

220 1829 270 1888 Est
297 1825 449 1886 dialectica
478 1825 557 1905 apud
583 1825 748 1898 Platonem,
771 1839 802 1884 ut
823 1823 974 1904 aliquoties
987 1827 1047 1903 ‘jam
1068 1829 1302 1903 memoravimus,
1321 1828 1376 1908 prin
1406 1845 1407 1850 ¹

178 1946 244 2007 ceps
264 1924 485 2006 disciplinarum
506 1925 647 1982 omnium:
671 1925 717 1980 lea
737 1937 793 1996 est,
809 1925 892 2000 cujus
911 1937 1037 1981 caeterae
1056 1927 1137 2002 quasi
1150 1935 1302 2004 praeuotio
1319 1940 1375 1984 sunt:

178 2025 237 2082 imo
265 2045 348 2098 vero,
378 2017 455 2102 quod
486 2021 593 2081 deinde
623 2022 806 2096 videbimus,
837 2041 889 2082 arx
916 2021 994 2102 apud
1011 2041 1085 2117 ¹curn
1103 2037 1147 2082 est
1166 2040 1194 2084 et
1214 2027 1376 2107 sepimentum

179 2123 385 2184 doctrinarum.
427 2123 507 2196 Quae
531 2121 775 2200 quemadmodum
807 2119 977 2200 accipienda
1008 2119 1084 2196 sint,
1111 2123 1205 2202 patuit
1230 2127 1290 2202 jam
1317 2122 1376 2182 nohis

156 2219 387 2309 ‚quodammodo
418 2241 432 2278 e
461 2220 547 2279 dictis
576 2219 699 2280 Socratis
727 2218 758 2278 in
789 2219 873 2277 libris
898 2219 934 2277 de
960 2218 1138 2298 Republica;
1163 2243 1264 2282 verum
1282 2221 1376 2280 multum

179 2319 277 2391 abest,
310 2331 341 2376 ut
351 2363 360 2392 ,
381 2339 452 2396 quae
471 2319 557 2396 hujus
577 2320 615 2376 sit
634 2317 807 2398 disciplinae
828 2319 873 2377 vis
883 2363 891 2392 ,
913 2317 1074 2396 amplitudo
1085 2361 1093 2392 ‚
1116 2317 1231 2380 ubertas
1241 2311 1258 2396 ,¹
1273 2320 1376 2380 declara·

179 2417 304 2475 venimus
334 2417 411 2475 satis.
463 2417 541 2476 Duce
570 2417 690 2476 Platone
716 2417 873 2476 incidimus
901 2417 934 2474 iu
964 2415 1133 2476 dialecticae
1160 2433 1255 2498 partes
1284 2433 1377 2478 summas

178 2513 318 2594 longeque
348 2513 555 2589 difficillimas,
586 2516 676 2596 ipsam
707 2535 774 2575 vero
795 2517 846 2574 uix
867 2515 1032 2593 attigimus3
1056 2514 1128 2593 quid
1148 2515 1262 2576 efficere
1281 2515 1377 2575 mariue

177 2613 299 2688 debeat,
321 2613 463 2687 vidimus,
485 2614 535 2672 sed
553 2633 625 2692 quae
645 2617 706 2692 ejus
724 2615 797 2672 ratio
817 2615 854 2672 sit
873 2623 901 2670 et
920 2614 1092 2692 progressio,
1114 2614 1279 2692 ignoramus
1297 2614 1377 2674 adhuc.

106 2722 120 2739 ““
177 2711 207 2770 Si
236 2731 292 2791 qua
322 2731 389 2772 vero
417 2712 574 2793 disciplina
603 2725 660 2786 est,
691 2713 773 2790 cujus
801 2713 848 2771 via
876 2725 903 2769 et
928 2712 1005 2768 ratio
1031 2723 1096 2791 apte
1120 2713 1281 2793 ordineque
1310 2707 1376 2770 etih

176 2809 261 2868 iuitio
290 2811 468 2889 exquirenda
498 2811 647 2884 videatur,
670 2809 822 2869 dialectica
849 2823 906 2884 cst,
928 2810 1035 2889 quippe
1055 2828 1128 2888 quae
1147 2823 1175 2868 et
1194 2809 1376 2870 mathematicis

175 2921 204 2966 et
232 2907 324 2968 nullis
352 2929 409 2968 nou
429 2909 594 2990 disciplinis
612 2911 687 2969 viam
706 2921 734 2966 et
748 2909 887 2966 rationem
906 2907 1094 2988 praescrihit:
1118 2909 1196 2968 unde
1214 2911 1315 2968 merito
1332 2923 1375 2966 saue

175 3027 191 3065 a
218 3007 426 3066 recentioribus
457 3007 680 3088 disciplinarum
709 3007 814 3086 regina·
834 3020 933 3068 vocata
955 3020 1004 3064 est.
1047 3007 1084 3065 Et
1103 3027 1172 3066 vero
1187 3008 1288 3084 Plato,
1309 3008 1374 3088 prius·

174 3127 259 3184 quam
289 3105 325 3165 de
355 3126 387 3163 ea
417 3107 449 3163 in
466 3106 521 3165 hoc
540 3106 576 3165 de
595 3103 755 3186 Republica
772 3123 857 3186 opere
875 3119 988 3184 ageret,
1010 3105 1042 3162 in
1063 3105 1193 3164 Phaedro
1208 3109 1270 3184 jam
1289 3102 1376 3188 praeri-

155 3225 286 3284 .pueque
305 3205 335 3262 in
360 3203 491 3284 Sophiste
512 3217 540 3262 et
557 3204 678 3262 Politico
698 3217 785 3262 totam
804 3205 865 3280 ejus
884 3205 1024 3262 rationem
1045 3195 1250 3264 declardverat.
1294 3205 1376 3263 lceirur

174 3304 334 3386 aqcuratius
359 3303 532 3382 pleniusque
560 3303 663 3377 nobis⁷
684 3323 736 3360 uec
755 3304 883 3382 profecto
901 3322 937 3360 ex
957 3301 1011 3360 hoc
1033 3323 1091 3360 uno
1109 3302 1277 3383 philosophi
1300 3318 1375 3384 opere,

174 3399 421 3482 res-exponenda
459 3401 592 3461 videtur:
624 3401 704 3460 haud
731 3399 856 3459 sufficiet
882 3399 970 3472 adeo,
1002 3399 1038 3458 de
1069 3421 1126 3458 uno
1154 3401 1241 3480 egisse
1271 3401 1374 3460 Platore·

173 3498 387 3558 Praemittenda
417 3499 581 3577 disquisitio
611 3513 670 3573 est⁷
701 3497 772 3577 quid
800 3497 926 3558 Socrates
953 3497 1053 3556 fecerit
1078 3497 1374 3579 hacin1e‚quidqu

172 3599 286 3661 Platoni
304 3597 514 3679 perficiendum
532 3599 698 3677 reliquerit:
721 3599 903 3672 tumetium,
924 3595 995 3676 quid
1012 3596 1130 3656 molitus
1150 3598 1187 3654 sit
1206 3611 1270 3680 post
1289 3609 1375 3654 utrum-

167 3718 227 3776 que
245 3695 429 3770 Aristoteles,
451 3716 517 3754 cum
536 3695 574 3754 ad
589 3695 757 3755 dialecticae
776 3695 1030 3756 vindicandumin
1041 3693 1180 3752 doctrinis
1190 3697 1375 3776 principatum,

170 3809 234 3862 tum
257 3796 294 3855 ad
318 3817 423 3855 novam
443 3794 512 3853 huic
533 3793 747 3874 adjungendam
768 3795 859 3874 ipsius
880 3795 941 3855 veri
953 3841 961 3870 ,
982 3781 1075 3852 odiosi
1095 3791 1149 3852 τοῦ
1170 3785 1268 3866 ὄντος,
1291 3789 1375 3853 doctri-

170 3914 258 3968 nam,
288 3915 373 3973 quam
400 3893 505 3973 posteri
526 3895 760 3971 metaphysicam
779 3894 973 3974 appellarunt.
1016 3896 1069 3954 His
1089 3893 1203 3953 demum
1225 3890 1374 3976 exploratis,

169 3991 300 4053 Platonis
321 3992 405 4050 nobis
425 3984 580 4050 dialectica*
597 3993 676 4070 quasi
698 3993 729 4050 in
750 4006 903 4076 conspectu
912 4038 921 4066 ,
942 4014 1017 4073 pura
1036 4006 1064 4051 et
1082 3995 1207 4068 sincera,
1224 3996 1278 4052 erit
1292 3989 1373 4073 posita,

173 4105 204 4149 ut
221 4090 315 4171 qualis
336 4091 443 4166 fuerit,
465 4091 537 4170 quid
558 4089 614 4150 sibi
632 4091 781 4170 proprium
798 4089 933 4150 habuerit
950 4106 978 4151 et
998 4092 1157 4172 singulare,
1175 4112 1312 4170 quamque
1326 4089 1373 4145 iou

171 4190 204 4248 in
234 4189 415 4250 Aristotelem
445 4202 474 4248 et
502 4203 592 4248 sectas
623 4188 760 4269 deinceps
789 4209 886 4248 omnes
914 4190 975 4251 vim
1005 4191 1183 4265 exercuerit,
1209 4189 1372 4268 intelligatur·

171 4289 243 4346 Nam
273 4288 330 4346 nisi
355 4289 387 4346 in
409 4287 462 4346 hoc
481 4287 668 4346 celeberrimo
687 4287 926 4368 philosophorum
946 4289 1149 4362 triumviratu,
1170 4286 1307 4362 Socratis,
1324 4283 1373 4344 Plr-

169 4387 266 4459 tonis‚
291 4355 474 4461 hristotelis,
506 4407 573 4444 suus
602 4385 716 4444 Platoni
746 4385 825 4444 locus
845 4389 1023 4467 assignetur,
1045 4386 1196 4446 dialectica
1215 4379 1371 4466 philosophi·

172 4485 232 4569 ipsa
253 4483 323 4543 adeo
343 4483 525 4564 philosophia
547 4485 662 4564 penitus
682 4498 709 4542 et
729 4497 786 4543 tota
805 4489 936 4564 cognosci
955 4481 1040 4545 irullo
1060 4484 1144 4545 modo
1165 4499 1264 4565 potest.
1286 4479 1370 4540 Vident
