2832 5120
380 1321 986 1438 ntnlsctt‘ttltts,·

90 1617 300 1676 wunnerus
322 1617 451 1666 ιιιιιιιιιιι
472 1619 502 1666 ιιι
524 1621 645 1694 uopouu
668 1599 815 1686 νοητόν,
838 1623 869 1670 ιι
891 1623 991 1672 ramus
1013 1623 1050 1671 nn
1071 1623 1246 1674 nrarncrrca.

525 1887 1280 2009 {effide-u

526 2015 614 2086 diade
635 2019 696 2086 aiud
716 2025 772 2088 τοῦ
790 2020 963 2108 γιγνομένου
984 2022 1034 2086 ἕπὶ
1053 2019 1091 2088 fd
1113 2020 1162 2103 5¹⁹5

1200 2135 1260 2146 ...-

97 2405 130 2466 ln
157 2405 345 2488 disciplinis,
373 2427 443 2488 quas
466 2408 579 2490 peperit
601 2407 763 2489 antiquitus
780 2405 985 2492 philosophia,
1014 2407 1097 2470 nulla
1117 2422 1158 2470 est
1177 2407 1279 2486 facile,

10 2533 11 2536 ¹
66 2525 129 2582 quae
157 2505 214 2588 ipsi
244 2505 443 2588 philosophiae
470 2520 498 2567 et
525 2507 621 2588 potuit
644 2507 778 2589 prodesse
800 2508 889 2589 magis
914 2519 943 2568 et
964 2507 1054 2589 magis
1077 2529 1280 2588 saepenumero

65 2601 167 2680 obluit,
204 2625 291 2684 quana
319 2605 455 2687 princeps
483 2604 708 2687 disciplinarum
739 2607 886 2681 omnium,
907 2607 1077 2666 dialectico.
1134 2607 1175 2666 Ut
1201 2607 1279 2666 enirn

65 2700 180 2780 primum
198 2701 270 2761 baec
290 2701 324 2762 in
341 2701 436 2763 lucem
452 2703 619 2784 prodierat,
639 2725 656 2763 a
676 2703 790 2765 Socrate
808 2704 948 2764 continuo
967 2717 995 2764 et
1014 2703 1133 2764 Platone
1154 2725 1187 2764 eo
1206 2725 1279 2764 con-

64 2797 262 2860 silioexculta
290 2811 350 2875 cst,
381 2814 412 2861 ut
435 2815 565 2862 mentem·
584 2802 711 2863 bominis
736 2815 764 2862 et
788 2813 922 2883 purgaret
941 2800 1022 2861 falsis
1041 2801 1231 2883 opinionibus
1251 2815 1279 2862 et

64 2893 209 2958 adrerum
227 2897 463 2980 perspiciendum
481 2913 680 2982 praepararet:
701 2898 787 2979 quod
798 2919 939 2980 summum
957 2911 999 2959 est
1018 2921 1087 2974 sane
1107 2901 1198 2982 ipsius
1214 2901 1278 2983 pbi-

9 3051 11 3054 .
65 2990 197 3076 losopbiae
226 3017 341 3057 munus.
382 2995 493 3073 Quodsi
508 2997 586 3058 ¹hinc
612 2983 808 3059 convertimus
827 2996 926 3056 oculos
944 2995 983 3056 ad
998 2997 1126 3076 ejusdcm
1143 2997 1279 3080 discipli-

65 3111 110 3150 nae
134 3093 231 3154 medio
259 3115 330 3156 aero
357 3093 570 3171 conditionem,
600 3095 745 3156 aberrasse
766 3115 828 3154 eam
847 3093 980 3157 ridemus
1001 3115 1017 3153 a
1036 3095 1181 3177 proposito
1200 3096 1279 3174 fine,

65 3201 88 3247 et
102 3211 166 3252 vero
190 3191 233 3252 sic
258 3192 421 3271 aberrasse,
446 3208 479 3254 ut
498 3208 669 3275 repugnaret
689 3192 900 3275 philosophiae.
941 3193 1013 3260 Natu
1031 3205 1144 3253 tantum
1161 3193 1278 3271 aberat,

65 3297 91 3346 ut
110 3287 245 3350 liberaret
267 3287 414 3351 hominem
434 3291 517 3353 falsis
533 3291 737 3374 opinionibus,
768 3304 799 3351 ut
817 3291 870 3351 has
888 3305 988 3352 contra
1008 3292 1209 3354 ratiocinando
1230 3315 1278 3354 ar-

65 3387 304 3468 gumentandoque
323 3410 356 3449 ac
376 3389 605 3472 syllogismorum
623 3389 792 3450 auctoritate
813 3388 935 3472 probare
953 3405 1105 3450 conaretur
1124 3405 1152 3451 et
1168 3391 1279 3452 confir-

65 3500 139 3545 mare.
179 3485 239 3546 Sed
264 3488 419 3566 conjuncta
446 3486 515 3547 baec
541 3485 699 3569 disciplina
727 3487 806 3547 omni
829 3485 900 3548 aero
927 3509 992 3548 curn
1016 3489 1196 3569 eloquentiae
1216 3493 1278 3552 luit

65 3579 167 3658 undo,
187 3585 236 3643 cui
254 3585 295 3644 sic
316 3583 399 3645 dedit
418 3586 616 3645 auctoritatem
636 3583 674 3644 sd
694 3583 948 3667 persuadendum,
969 3601 1002 3647 ut
1022 3587 1149 3648 uicissim
1170 3587 1207 3647 ab
1226 3589 1278 3648 illa

66 3678 246 3755 persuadendi
264 3683 454 3745 invitamenta
471 3697 499 3743 et
515 3681 668 3744 illecebras
686 3681 860 3765 accipiebat:
883 3681 1075 3764 eloquentiam
1093 3699 1188 3744 autern
1206 3669 1277 3747 conss

66 3786 182 3838 stactam
204 3779 242 3840 ad
259 3781 382 3862 pessima
401 3781 497 3841 omnia
517 3801 619 3862 posse,
640 3801 727 3861 quam
745 3779 783 3840 ad
804 3781 928 3862 optima,
949 3781 1095 3841 bominem
1114 3781 1277 3861 adducere,

68 3890 111 3930 nec
126 3896 186 3937 raro
206 3897 274 3937 sanc
292 3876 371 3938 illud
389 3876 503 3940 efficere
522 3880 630 3960 magis,
651 3899 737 3960 quam
755 3878 830 3954 hoc,
852 3879 1004 3940 studuisse.

100 3969 146 4031 Est
171 3995 239 4034 sane
265 3975 336 4036 baec
360 3990 521 4059 temporum
544 3991 706 4038 nostrorum
730 3975 936 4072 felicitas,·ut
956 3997 1028 4056 quae
1049 3977 1118 4038 olim
1137 3979 1276 4039 celebrari

69 4071 170 4132 sunnis
196 4071 334 4134 laudibus
360 4074 489 4151 solebat,
519 4075 699 4154 eloquentiae
718 4074 841 4134 facultas
860 4074 932 4150 illa,
952 4095 1009 4153 qua
1029 4077 1093 4155 quis
1111 4076 1277 4136 inferiorem

70 4181 178 4230 caussam
195 4170 322 4232 dicendo
341 4175 518 4256 superiorem
536 4172 680 4249 efficeret,
711 4171 937 4252 dialecticaeque
956 4173 1087 4250 artibus,
1108 4195 1277 4255 quocunque

72 4261 162 4343 vellet,
191 4268 373 4333 audientium
395 4273 506 4332 animos
526 4272 701 4348 deduceret,
732 4272 802 4332 baec
823 4284 1025 4332 contemnatur
1042 4295 1094 4354 per
1114 4273 1278 4332 universam

73 4354 214 4446 Europam:
246 4369 426 4449 gravioribus
455 4385 551 4431 autern
578 4369 719 4431 doctrinis
744 4384 857 4430 tantum
874 4369 954 4438 ‚absit
974 4384 1005 4431 ut
1026 4369 1218 4446 adhibeatur,
1247 4385 1279 4430 ut

74 4473 156 4522 unua
180 4465 217 4528 ad
246 4468 376 4528 veritatis
403 4470 537 4530 amussim
566 4469 719 4550 opiniones
748 4467 897 4530 doctorum
926 4469 1076 4530 bominum
1104 4481 1131 4527 et
1160 4468 1284 4530 inuenta·
