2950 5134
743 272 782 330 30

145 455 240 496 amore
268 434 378 494 Graeco
404 433 493 494 verbo
514 435 703 516 philosophia
733 455 838 496 nomen
863 436 987 496 invenit.
995 458 1009 489 ιι
1038 433 1067 516 Ι)
1098 435 1302 496 Confuderunt
1321 437 1387 496 fere
1461 496 1462 510 ,

144 533 235 592 Stoici
254 554 318 592 cum
342 532 471 612 sapiente
499 533 723 614 philosophum,
756 547 787 594 ut
806 533 906 614 paullo
934 546 1001 592 ante
1030 534 1192 613 attigimus:
1214 533 1264 592 sed
1289 534 1347 593 hoc
1371 555 1389 590 a

143 631 303 712 Pythagora
329 645 357 690 et
381 629 494 690 Socrate
519 633 722 706 retinuerunt,
749 645 781 690 ut
798 631 1010 714 philosophiam
1036 630 1211 692 delinirent:
1248 625 1305 713 την
1327 628 1389 710 μὲν

144 725 252 809 σοφίαν
283 721 359 790 εἶναι
388 724 481 790 θείων
511 751 542 789 τε
574 728 622 790 αα)
658 724 860 810 ἀνθρωπίνων
898 724 1076 813 ἐπιστήμην·
1107 725 1163 812 την
1192 729 1228 792 δὲ
1260 737 1389 814 φιλοσο-

145 829 216 912 φίαν
248 826 369 912 ἄσκησιν
403 824 510 912 τέχνης
542 829 717 913 ἐπιτηδείου.
748 832 780 912 2)
827 835 925 913 Itaque
960 833 1085 894 Seneca:
1121 837 1283 917 «sapientia
1319 859 1390 919 per·

144 935 251 993 fectum
281 934 390 994 bonum
418 948 459 992 est
488 936 592 995 mentis
616 935 774 994 humanae:
806 932 990 1014 philosophia
1012 935 1168 1014 sapientiae
1193 955 1271 993 amor
1292 951 1338 995 cst
1360 951 1390 995 et
1463 953 1464 970 ¹

143 1033 291 1092 affectatio.
299 1057 313 1088 o
348 1029 380 1111 3)
425 1033 491 1092 Rite
522 1034 610 1112 igitur
634 1034 774 1094 Alcinoiis
808 1033 840 1091 in
869 1030 1044 1111 explicanda
1072 1032 1200 1092 Platonis
1229 1031 1388 1109 doctrina,
1458 973 1464 1126 )

144 1132 276 1248 quamvis
310 1131 342 1188 in
377 1131 478 1190 ceteris
510 1131 653 1212 plerisque
681 1155 697 1191 a
736 1144 830 1190 mente
858 1128 986 1188 Platonis
1020 1128 1188 1204 discedens,
1221 1130 1391 1214 φιλοσοφία

145 1226 225 1290 ἐστὶν
247 1221 343 1309 ὄρεξις
365 1226 479 1308 σοφίας.
492 1230 523 1311 4)
557 1234 636 1306 Quae
664 1231 763 1292 natira
789 1226 989 1310 philosophiae
1018 1229 1098 1286 notio
1127 1226 1206 1288 haud
1226 1231 1312 1292 latuit
1336 1235 1390 1295 do·

146 1333 304 1392 ctissimum
327 1333 460 1407 Patrum,
492 1332 667 1392 Clementem
695 1326 943 1387 Alexandrinum:
977 1322 1137 1406 φιλοσοφία
1163 1319 1263 1402 di,⁷
1239 1354 1261 1415 ῃ
1290 1332 1391 1412 φασὶν

145 1452 176 1490 οι
207 1422 418 1548 πρεφβιίτεροι,
450 1422 648 1510 πολυχρονιιίς
680 1424 742 1487 ἐστι
774 1417 929 1505 afflavit]
938 1473 947 1500 ,
975 1424 1082 1508 σοφίας
1104 1421 1199 1489 di'dcov
1218 1453 1391 1513 μνηστευο-
1465 1412 1466 1496 )

144 1525 272 1614 πίνην
255 1549 361 1615 sporta.
403 1532 433 1614 5)
469 1533 515 1592 Ad
548 1552 633 1611 quem
660 1530 755 1589 locum
789 1541 941 1644 appqnunt
967 1530 1137 1610 interpretes
1165 1532 1296 1594 Philonis
1322 1559 1391 1598 sen-

146 1636 283 1709 tentiam,
305 1634 355 1693 ubi
378 1632 414 1692 de
434 1630 676 1711 contemplatione
697 1627 786 1687 dicit:
814 1618 867 1704 οἷφ
893 1615 931 1706 ἧς
956 1629 1014 1707 πλη
1016 1627 1105 1707 ydria
1132 1623 1150 1690 o‘
1176 1630 1257 1706 νοῦς,
1285 1627 1392 1714 ἔρωτα

144 1731 196 1794 καὶ
227 1725 329 1792 πόθον
359 1724 428 1811 ἔσχε
460 1728 515 1811 τῆς
542 1721 655 1788 τούτων
681 1719 861 1808 ἐπιστήμης·
889 1719 966 1790 ὅθεν
991 1724 1028 1789 τι)
1056 1731 1234 1814 φιλοσοφίας
1260 1731 1392 1817 ἁνιβλά-
1466 1791 1467 1810 .

86 1839 89 1856 ’
148 1855 237 1917 στησε
258 1829 347 1915 γένος.
369 1833 400 1914 6)
439 1832 602 1891 Fluxerunt
625 1829 696 1887 baec
725 1829 821 1888 omnia
848 1851 863 1888 e
893 1831 1068 1912 Pythagorae
1103 1835 1232 1911 ratione,
1255 1854 1286 1898 ot
1305 1856 1393 1920 patet
1466 1817 1467 1830 i

149 1958 330 2012 esermone,
350 1954 435 2014 quem
453 1931 585 1989 habuisse
614 1927 773 2008 aliquando
796 1949 861 1986 cum
883 1930 989 1988 Leonte
1009 1932 1110 1992 fertur.
1133 1930 1165 2014 7)
1202 1937 1260 1995 Nec
1289 1951 1389 1998 tamen

149 2036 200 2096 ille
218 2057 277 2094 rem
304 2037 344 2094 ita
364 2031 520 2113 expressit,
543 2041 574 2086 ut
601 2028 733 2085 fecerunt
764 2026 871 2086 deinde
901 2027 1029 2088 Socrates
1049 2044 1075 2088 et
1103 2031 1192 2093 Plato.
1235 2037 1338 2096 Artem
1361 2059 1392 2097 se
1467 2029 1468 2034 ἵ

148 2136 221 2194 scire
240 2134 353 2193 nullam
380 2130 542 2200 fatebatur,
563 2124 613 2184 sed
639 2145 697 2182 esse
723 2126 940 2201 philosophum.
983 2127 1172 2208 Philosophos
1196 2146 1291 2192 autem
1317 2157 1391 2194 cum
1468 2100 1469 2188 l

149 2234 185 2292 iis
203 2251 389 2312 comparans,
415 2227 464 2305 qui
485 2222 570 2284 ludos
590 2223 704 2282 adirent
732 2224 849 2281 visendi
875 2217 972 2283 c'aussa
983 2270 991 2298 ,
1013 2225 1068 2304 ipsi
1091 2247 1158 2286 vero
1177 2247 1230 2286 nec
1248 2229 1391 2310 plausum
1464 2199 1469 2316 )

151 2352 204 2388 nec
226 2329 339 2387 lucrum
366 2336 555 2406 quaererent,
572 2322 661 2380 vitam
689 2321 778 2400 magis
805 2324 1066 2399 contemplativum
1078 2370 1085 2396 ‚
1106 2345 1190 2402 quam
1219 2328 1392 2388 insatiabile
1467 2319 1469 2344 ³

151 2427 229 2487 illud
249 2425 382 2486 discendi
401 2419 645 2505 perquirendique
663 2419 791 2478 studium
810 2419 1000 2499 significabat.

281 2621 374 2699 Apud
393 2629 506 2678 uetares
518 2617 707 2694 philosophia
726 2637 784 2673 παπ
804 2617 943 2674 doctrina
964 2629 1024 2691 est,
1046 2621 1096 2676 red
1108 2639 1221 2696 parens
1238 2631 1268 2677 et
1466 2557 1471 2730 )

520 2721 717 2794 procreatrix
739 2716 958 2774 doctrinarum.
1470 2733 1471 2746 ¹

194 2919 232 2978 Et
249 2917 320 2976 hinc
339 2916 458 2995 quidem
481 2914 675 2994 intelligitur,
696 2911 768 2991 quid
794 2912 988 2991 spectaverint
1015 2913 1145 2992 antiqui,
1163 2933 1254 2992 quum
1283 2915 1390 2994 philo-

154 3017 284 3098 sophiam
313 3027 448 3075 vocarent
478 3034 537 3072 non
565 3012 745 3085 doctrinam,
767 3009 816 3069 sed
845 3011 1041 3070 doctrinarum
1070 3013 1197 3070 omnium
1225 3025 1388 3094 parentem.

154 3115 239 3191 Quod
258 3113 336 3195 apud
363 3114 529 3174 Ciceronem
557 3111 682 3170 occurrit
701 3108 832 3168 maxime.
875 3109 992 3187 »Neque
1013 3111 1091 3167 enim
1110 3124 1138 3169 te
1164 3111 1256 3189 fugit,
1277 3113 1388 3170 artium

156 3216 285 3274 omnium
305 3210 485 3272 laudatarum
503 3209 720 3290 procreatricem
734 3205 880 3286 quandam
899 3221 927 3265 et
945 3208 1025 3285 quasi
1044 3220 1191 3288 parentem
1204 3229 1265 3266 earu
1275 3255 1282 3283 ,
1298 3231 1389 3289 quam

157 3306 376 3394 metonomice
413 3309 515 3368 Graeci
550 3318 674 3381 vocant,
704 3305 740 3364 ab
768 3304 935 3364 hominibus
968 3304 1140 3364 doctissimis
1167 3306 1327 3385 judicari.»
1355 3307 1389 3388 8)

157 3414 275 3475 Scilicet
294 3409 505 3493 philosophiam
525 3406 637 3484 antiqui
656 3425 716 3464 non
744 3405 902 3480 objectiva,
925 3417 956 3462 ut
984 3403 1071 3484 vulgo
1092 3403 1267 3483 loquuntur,
1289 3405 1325 3464 de
1357 3429 1387 3465 re

158 3509 327 3583 tractanda,
348 3508 398 3568 sed
425 3509 585 3582 subjective
615 3503 650 3562 de
678 3505 719 3561 rei
747 3501 914 3561 tractandae
942 3501 1056 3575 studio,
1077 3524 1129 3561 nec
1154 3503 1244 3562 solum
1259 3502 1305 3562 'de
1330 3504 1387 3562 hoc

154 3611 269 3683 studio,
290 3606 340 3666 sed
359 3607 445 3664 etiam
464 3604 500 3663 de
520 3604 581 3678 eius
600 3601 629 3660 vi
648 3614 675 3659 et
694 3600 840 3659 effectibus
859 3597 988 3680 accipere
1012 3599 1152 3660 solebant.
1193 3601 1387 3674 Quamobrem

153 3731 221 3768 cum
249 3708 387 3767 studium
412 3703 564 3762 haberetur
592 3698 773 3779 philosophia
792 3697 943 3772 discendi,
965 3698 1155 3778 explorandi,
1176 3689 1388 3780 perquirendi,

156 3843 410 3860 Μ

239 3920 275 3970 De
292 3918 363 3985 Leqq.
379 3915 398 3967 l.
413 3913 454 3965 22.

237 4006 301 4057 Plut.
316 4006 346 4054 de
359 4003 424 4072 plac.
436 3999 497 4069 psit.
512 3998 566 4047 init.

238 4087 343 4226 Pir-189·

190 3920 219 3985 1)

187 4006 218 4071 2)

188 4091 219 4157 3)

189 4176 296 4242 4)c.1

153 4279 156 4286 ’
190 4264 220 4329 5)
240 4263 360 4329 Protrept.
378 4257 419 4308 ΙΙΙ.
436 4253 492 4307 112.
510 4272 534 4321 p.
549 4253 591 4305 87.

189 4349 220 4413 6)
239 4345 438 4410 Demundiopis.
454 4340 472 4390 l.
488 4357 511 4406 p.
528 4338 568 4390 50.
587 4335 698 4388 Pleiller.

191 4435 221 4499 Ι)
243 4434 312 4484 Tosc.
330 4432 357 4494 Q.
373 4429 403 4480 V.
417 4426 441 4478 3.

190 4519 222 4584 8)
241 4520 278 4570 De
289 4519 358 4568 Orat
374 4514 392 4564 l.
408 4511 431 4564 3.
