2832 5120
625 288 681 350 tta

55 452 175 512 adiciunt
191 452 295 514 torem
315 451 521 530 conquestique
548 465 635 526 sunt,
667 451 798 514 ιιιιιιιιιιι
826 451 864 514 ad
891 473 920 512 se
944 453 978 512 in
1006 465 1158 532 utrumque
1175 453 1272 514 locum

55 553 202 626 renotare,
232 550 287 610 hac
315 548 484 612 conditione
512 547 660 629 indignos
700 549 746 612 Ad
773 571 844 629 quos
871 551 911 612 sic
940 550 1074 631 Juptre1··.
1106 569 1157 629 ego
1186 571 1272 624 vero,

52 651 154 728 inquit,
175 648 326 708 linem'bis
349 650 505 728 imponam.
548 649 632 708 Nunc
660 651 739 708 enim
767 648 841 708 male
864 647 978 726 judicia
1007 648 1268 708 administrantur:
1301 637 1306 659 ’

50 769 107 806 nam
127 733 237 822 restiti,
259 769 320 806 non
340 745 433 821 nudi,
450 747 623 824 judicantur
638 747 770 806 homines
780 790 789 820 ,
810 747 918 827 quippe
935 747 986 824 qui
1002 740 1070 808 ¹vivi
1085 745 1271 824 judicantur.

50 846 127 906 Multi
157 847 282 920 iccirco,
313 846 428 924 inquit,
454 828 560 926 pravos
587 844 727 905 babentes
755 845 885 918 animos,
907 843 1076 924 corporibus
1104 859 1173 906 sunt
1201 845 1272 926 pul-

49 945 112 1018 ctis,
133 945 257 1023 itemque
277 965 380 1024 genere
400 957 429 1003 et
451 943 566 1006 divitiis
589 943 708 1016 induti,
730 957 776 1017 et,
798 961 887 1020 quum
915 943 1079 1002 instituitur
1103 943 1271 1020 judicium,

48 1044 157 1102 crebri
149 1045 219 1127 ipsis
239 1057 322 1102 testes
340 1042 465 1116 adsunt,
486 1027 649 1102 testimonio
668 1040 868 1123 probaturi,
857 1052 934 1117 juste
962 1038 1029 1100 illos
1057 1041 1175 1101 vixisse.
1217 1041 1269 1101 Ju-

49 1139 147 1200 dices
139 1143 228 1222 igitur
256 1140 457 1223 percelluntur
485 1140 583 1202 bisce:
614 1154 675 1200 tum
699 1161 768 1200 vero
793 1139 850 1248 ipsi
871 1137 1009 1216 judicant
1034 1138 1150 1213 vestiti,
1171 1119 1277 1202 oculus

47 1241 144 1321 quippe
163 1259 302 1319 auresque
333 1253 361 1300 et
379 1253 471 1300 totum
500 1259 604 1320 corpus
631 1253 770 1319 tanquam
799 1238 890 1298 animi
919 1249 1083 1316 tegumenta
1111 1235 1269 1298 habentes·

48 1337 107 1396 bace
126 1339 216 1418 igitur
234 1337 296 1396 illis
315 1338 411 1416 omniq
423 1337 581 1416 judicandi
606 1337 816 1424 impedimenta
840 1349 926 1408 suut,
947 1354 1014 1394 eum
1042 1335 1188 1416 ipsorum,
1209 1349 1272 1396 tum

48 1455 153 1510 eorum,
173 1457 244 1514 quos
259 1435 414 1513 judicant,
435 1449 608 1515 tegumenta.
635 1437 763 1496 Primum
781 1434 889 1513 igitur,
910 1434 1009 1510 inquit
1020 1477 1029 1508 ,
1050 1433 1120 1494 huic
1140 1435 1183 1494 rei
1202 1433 1272 1494 finis

48 1534 249 1614 imponendus,
272 1548 303 1592 ut
322 1555 359 1594 ne
378 1533 510 1594 mortales
528 1547 649 1594 mortem
662 1555 743 1594 suam
758 1529 968 1614 praevideant:
991 1551 1071 1590 nunc
1092 1531 1171 1592 euim
1190 1552 1270 1612 prae·

48 1631 156 1692 rident:
178 1632 347 1693 mandatum
364 1632 533 1712 hoe-autem
547 1633 608 1709 jam
627 1631 794 1692 Prometheo
812 1644 872 1705 est,
895 1643 926 1689 ut
945 1628 1015 1690 huic
1035 1630 1077 1688 rei
1097 1629 1187 1692 finem
1214 1633 1273 1692 im-

47 1744 141 1810 pouat:
169 1745 232 1790 tum
260 1751 327 1790 vero
347 1730 482 1808 judicare
511 1751 558 1790 eos
578 1743 690 1811 oportet
716 1729 762 1788 his
781 1727 916 1790 omnibus
934 1725 1045 1788 nudos:
1079 1748 1146 1786 nam
1165 1729 1271 1788 mortui

47 1828 189 1903 judicandi
209 1841 294 1888 sunt:
312 1827 444 1905 judicem
472 1829 540 1888 item
568 1827 681 1888 nudum
705 1849 763 1888 esse
783 1827 884 1900 decet,
906 1840 1072 1899 mortuum,
1093 1827 1156 1907 ipso
1174 1828 1272 1890 auimo

48 1926 129 2006 ipsum
158 1929 288 1989 animum
315 1927 459 2000 hominis,
489 1926 609 1986 simulac
640 1939 767 1984 mortuus
797 1938 853 1998 est,
880 1924 1100 2004 explorantem,
1131 1944 1220 2001 quum
1247 1923 1272 1982 is

48 2027 166 2104 cognatis
184 2025 319 2086 omnibus
336 2024 491 2086 destitutus
508 2039 566 2100 cst,
587 2044 757 2103 omnemque
771 2022 857 2081 illurn
874 2035 1044 2102 apparatum
1061 2022 1098 2088 ιιιΙ
1114 2035 1189 2082 terra
1205 2021 1273 2083 reli·

51 2125 122 2200 quit,
144 2138 176 2182 ut
192 2126 302 2202 justum
321 2125 359 2184 sit
371 2123 551 2200 judicium.»
578 2120 607 2201 1)

7 2241 9 2244 ·
84 2225 181 2282 «Haeo
198 2223 357 2303 Jupiterto
388 2261 424 2274 -
444 2222 493 2282 sed
512 2222 598 2282 nobis
615 2242 675 2280 non
693 2219 889 2280 enarrandum
906 2239 992 2299 porm
1010 2232 1068 2293 est,
1100 2218 1178 2298 quod
1203 2219 1273 2278 fecit

47 2321 184 2396 Socrates,
210 2343 267 2400 quo
285 2321 369 2382 modo
389 2322 422 2382 ιιι
441 2321 494 2385 his.
501 2315 626 2399 judiciis
642 2320 819 2399 disposuerit
838 2333 921 2398 pater
937 2317 1057 2379 deorum
1078 2317 1194 2379 omnia:
1209 2339 1271 2398 per·

48 2423 162 2500 spexisse
181 2419 265 2480 nobis
284 2440 319 2478 ex
340 2420 385 2479 his
403 2408 545 2478 suffecerit
556 2464 564 2492 ,
595 2419 682 2478 unius
702 2419 747 2497 agi
774 2418 904 2476 veritatis
929 2416 1118 2494 justitiaeque
1144 2437 1273 2476 caussam

48 2519 74 2578 in
91 2519 213 2580 Socratis
230 2533 258 2578 et
277 2518 405 2578 Platonis
423 2517 618 2600 philosophia.
662 2517 771 2576 Verum
800 2537 857 2596 quo
885 2516 993 2594 tnagis,
1023 2535 1108 2593 quam
1136 2515 1183 2575 illi
1201 2516 1272 2574 hinc

49 2615 176 2678 luxerint
194 2617 389 2696 eloquentiam
400 2662 408 2690 ,
430 2615 558 2695 quidque
583 2616 615 2674 iu
635 2635 667 2673 ca
687 2635 829 2674 summum
850 2616 906 2688 sit,
928 2612 1095 2688 rideamus,
1116 2612 1272 2692 adjicimus

50 2713 88 2774 hle
107 2715 246 2776 Socratici
266 2716 404 2778 sermonis
422 2715 520 2774 linem.
567 2714 648 2792 «Ego
676 2714 783 2793 igitur,
815 2712 1006 2788 oCallicles,
1028 2713 1087 2788 ait,
1108 2713 1186 2772 hisce
1209 2733 1273 2772 sum

51 2815 200 2874 rationibus
220 2827 393 2888 commotus,
415 2813 502 2892 idque
523 2827 619 2894 specto
630 2857 638 2886 ,
658 2809 900 2891 quemadmodum
926 2811 1039 2890 integro
1065 2831 1190 2889 sanoque
1209 2810 1272 2870 ani-

51 2931 88 2970 no
101 2933 192 2972 coram
202 2913 303 2991 judice
319 2914 504 2992 appariturus
519 2913 582 2972 sim.
614 2911 785 2990 Repudiatis
800 2911 889 2990 igitur
905 2911 984 2992 vulgi
1002 2909 1176 2984 honoribus,
1197 2911 1272 2968 veri·

51 3021 125 3070 tatem
142 3013 299 3092 respiciens
318 3014 413 3086 unice,
434 3033 548 3093 operam
569 3010 659 3084 dabo,
682 3023 727 3084 ut,
749 3007 846 3089 quoad
861 3011 922 3087 ejus
941 3008 1003 3066 lieri
1019 3009 1127 3089 possit,
1147 3011 1271 3090 optimus

53 3106 187 3168 hominum
206 3124 234 3169 et
252 3111 368 3185 vivam,
387 3124 436 3184 et,
457 3131 560 3190 quum·
576 3108 761 3168 moriendum
789 3123 829 3168 est
859 3108 950 3182 mihi,
973 3108 1086 3166 moriar.
1131 3106 1271 3166 Cohortor

52 3220 131 3265 autem
157 3221 185 3268 et
212 3222 337 3270 caemros
365 3209 517 3282 homines,
538 3222 679 3287 quantum
698 3228 832 3287 possum,
854 3220 882 3265 et
902 3227 971 3269 veru
986 3219 1027 3266 ,te
1050 3206 1113 3265 vice
1131 3207 1193 3264 met
1203 3251 1212 3280 ,
1233 3204 1271 3266 ad

53 3302 232 3381 haucvitam,
254 3307 307 3366 hoc
327 3322 474 3368 certamen
493 3305 676 3381 ineundum,
696 3307 775 3385 quod
795 3327 846 3386 ego
866 3304 1001 3366 omnibus
1016 3317 1160 3384 praestare
1182 3317 1271 3364 certa·

54 3402 166 3464 minibus
195 3405 272 3464 dico.
313 3404 467 3488 Expiwshto
496 3419 592 3466 autern
611 3405 666 3464 tibi
688 3405 859 3480 mollitiem,
891 3403 1035 3483 siquidem
1065 3401 1218 3461 tibimet
1210 3424 1272 3482 ipse

55 3522 102 3560 oon
119 3525 175 3564 esse
194 3518 306 3584 praesto
324 3504 470 3583 potueris,
492 3503 609 3581 quando
623 3504 771 3582 judicium
790 3503 913 3565 instabit
928 3516 956 3561 et
975 3500 1166 3580 dijudicatio,
1186 3521 1272 3579 quam

55 3601 124 3660 nodo
142 3603 225 3677 dixi3
250 3600 300 3660 sed
320 3602 442 3662 veniens
466 3615 498 3660 tu
523 3601 561 3660 ad
582 3601 730 3679 judicem,
751 3602 878 3681 Aeginae
905 3579 1020 3674 filium,
1040 3612 1192 3680 postquam
1219 3597 1272 3656 ille

56 3696 76 3752 te
91 3699 119 3756 in
134 3703 181 3778 jus
199 3699 346 3780 rapuerit,
365 3697 501 3760 oscitabis
517 3721 549 3758 au
568 3699 715 3760 laborabis
735 3701 898 3779 vertigine,
918 3720 978 3760 non
1002 3697 1099 3754 minus
1114 3717 1200 3786 quam
1220 3717 1272 3776 ego

56 3792 106 3873 hic,
124 3799 162 3857 ita
178 3813 210 3858 tu
230 3798 308 3857 illic:
330 3798 505 3876 fortasseque
520 3798 626 3877 aliquis
642 3797 750 3856 tibiad
765 3819 907 3856 summum
923 3796 1049 3856 dedecus
1068 3773 1182 3874 alapain
1194 3794 1272 3854 infli-

58 3908 92 3970 get
119 3898 251 3976 omnique
272 3896 447 3956 contumelia
467 3895 583 3956 afficiet.
627 3899 704 3956 Haec
727 3897 781 3956 tibi
802 3897 920 3958 fortasse
941 3893 1075 3967 narrari,
1105 3905 1136 3952 ut
1155 3893 1275 3955 fabulae

57 3994 144 4054 seniles
162 3994 301 4075 quaedam
312 4041 321 4070 ,
344 3991 502 4069 videntur,
523 4009 611 4074 tuque
635 3996 705 4054 haec
726 3997 903 4055 contemnis:
934 4014 987 4053 nee
1007 4011 1075 4053 vero
1095 3993 1200 4052 mirum
1221 3993 1273 4067 sit,

6 4129 8 4170 t
58 4111 98 4150 nos
115 4115 143 4153 ea
160 4109 361 4169 contemnere,
383 4092 526 4173 siquidem
547 4094 713 4172 quaerendo
737 4096 878 4175 possimus
902 4092 948 4154 his
972 4090 1091 4150 meliora
1111 4093 1273 4150 etveriora

6 4175 7 4190 ³
59 4189 181 4254 invenire.
222 4195 307 4254 Nunc
329 4213 397 4253 uero
417 4191 517 4268 rides,
539 4213 605 4252 cum
628 4206 685 4251 tres
704 4195 761 4253 viri
782 4195 863 4267 sitis,
884 4192 1013 4251 omniurn
1035 4190 1085 4268 qui
1106 4207 1185 4246 nunc
1204 4201 1274 4247 sunt

60 4340 279 4360 Ἢ

77 4414 108 4550 ,ἐι
124 4419 190 4487 θοις.
209 4420 269 4474 522.
284 4421 313 4474 Ε.
333 4451 364 4462 -
385 4419 444 4472 523.
461 4423 486 4472 a
508 4421 564 4472 vit.
582 4421 713 4472 llciudorl
725 4421 757 4472 ad
777 4421 801 4472 lt.
820 4420 851 4483 l.‚
867 4423 910 4487 qui
926 4439 983 4474 euru
1001 4432 1071 4476 recte
1086 4425 1273 4489 iuterpretatur

62 4513 82 4548 ιι
97 4511 151 4556 etur.
