2886 5118
673 259 781 324 “478

125 449 228 516 genere
245 426 500 512 philosophorum,
515 427 566 506 qui
585 427 666 508 paria
684 447 744 488 esse
763 429 867 490 n'atnrh
884 430 1035 492 hominum
1053 432 1170 513 ingenia
1189 447 1346 511 statuerent,

125 528 324 591 diversitatem
351 540 445 586 autem
472 545 508 584 ex
528 523 643 585 diversa
661 527 855 588 institutionis
875 530 986 590 rohone
1006 529 1158 592 ducerent.
1200 534 1268 592 Rem
1284 531 1344 592 adeo

78 617 86 634 ⁰
124 629 269 689 Socratem
299 641 394 686 vetere
418 623 541 703 quadam
565 622 723 686 traditione
742 624 937 686 illustrantem
956 627 1036 687 fecit.
1078 628 1251 689 Persuadere
1269 646 1345 690 custo·

124 724 211 792 dibus
239 725 335 800 illud,
366 725 426 798 ait,
456 722 613 797 debemus,
643 722 723 800 qnod
754 744 770 782 a
798 722 992 784 Phoenicibus
1023 727 1203 807 accepimus,
1236 741 1346 800 nostran

124 824 336 884 institutionem
362 821 451 882 nihili
476 843 552 896 esse,
582 822 658 902 ipsos
687 841 756 879 vero
785 841 884 901 reapse
912 820 1071 902 aliquando
1099 824 1154 884 sub
1179 838 1254 885 terra
1273 826 1347 886 luisse

123 922 310 997 informatos,
347 919 475 1000 indeque
504 918 612 980 deinde
642 917 760 979 dotibus
785 941 913 998 quosque
941 921 1000 980 suis
1029 922 1062 980 in
1089 921 1185 982 lucem
1211 923 1346 1004 prodiisse.

126 1022 229 1081 «Estis
248 1022 338 1100 igitur
348 1065 356 1094 ,
377 1021 418 1080 sic
437 1040 485 1081 eos
503 1039 600 1078 sumus
619 1017 794 1093 allocuturi,
814 1038 913 1078 omnes
923 1020 1053 1092 fratrea
1069 1019 1148 1080 inter
1166 1041 1237 1096 vos,
1254 1022 1346 1102 quippe

122 1134 226 1179 terram
255 1137 435 1177 communem
460 1116 601 1176 habentes
620 1128 759 1190 matrem,
780 1137 867 1194 quam
887 1117 1089 1178 communibus
1109 1117 1215 1178 studiis
1237 1119 1345 1180 viribus

122 1237 177 1295 que
207 1212 389 1290 defendetis;
422 1215 473 1276 sed
499 1215 594 1288 Deus,
623 1213 675 1292 qui
707 1234 757 1274 vos
786 1214 896 1289 finxit,
925 1228 1065 1294 quotquot
1095 1229 1223 1276 vestrum
1243 1215 1279 1276 ad
1304 1219 1346 1275 in·

120 1314 284 1394 perandum
312 1315 373 1394 apti
401 1326 496 1374 essent
524 1313 637 1386 futuri,
665 1332 769 1371 aurum
796 1313 829 1371 in
859 1333 957 1373 eorum
984 1314 1168 1393 generatione
1188 1313 1345 1374 admiscuit.

121 1426 295 1504 quapropter
323 1409 537 1472 honoratissimi
567 1424 651 1470 sunt:
683 1409 744 1468 illis
773 1423 887 1486 autem,
917 1412 968 1490 qui
988 1411 1026 1470 ad
1044 1410 1250 1492 opitulandum
1268 1424 1346 1472 ensto-

120 1510 337 1589 diendumque,
360 1524 525 1591 argentum:
549 1510 657 1570 ferrum
675 1503 802 1587 denique
823 1521 907 1587 atque
925 1530 972 1568 aes
992 1508 1125 1588 agricolis
1145 1523 1172 1568 et
1197 1508 1345 1590 opificibus.

104 1609 179 1669 ·Vos
204 1610 307 1690 igitur,
335 1610 445 1689 quippe
475 1608 589 1688 cognati
618 1627 733 1680 omnes,
762 1605 895 1687 plerique
917 1605 1108 1685 generabitis,
1130 1606 1180 1685 qui
1200 1606 1281 1666 vobis
1298 1607 1346 1664 sint

119 1706 246 1784 similes3
275 1707 391 1768 eveniet
418 1720 513 1766 autem
541 1704 715 1784 quandoque
726 1747 735 1778 ,
762 1718 795 1763 ut
822 1724 859 1762 ex
889 1725 975 1763 aureo
1004 1718 1138 1763 nascatur
1163 1718 1310 1784 argenteus
1324 1715 1347 1762 et

118 1829 156 1868 ex
173 1819 308 1888 argenteo
326 1803 459 1864 similiter
479 1823 583 1862 aurens
592 1847 601 1877 ,
620 1816 786 1881 caeteraque
802 1803 912 1882 pariter
931 1802 964 1862 in
983 1801 1063 1862 hunc
1082 1801 1211 1862 modum.
1254 1803 1346 1878 Quam·

90 1897 93 1904 ⁴
117 1906 217 1966 obrem
247 1901 432 1986 principibus
460 1914 490 1960 et
515 1901 641 1981 primum
674 1913 703 1959 et
732 1901 856 1959 maxime
885 1901 963 1960 Deus
990 1900 1153 1981 praecipit,
1186 1913 1219 1960 ut
1248 1898 1346 1960 nullius

117 2004 159 2063 rei
188 2003 326 2081 majorem
352 2020 450 2060 curam
475 1998 692 2078 custodiamque
712 1998 893 2078 suscipiant,
913 2019 999 2077 quam
1017 2011 1170 2072 natorum,
1194 2011 1227 2057 ut
1244 1997 1345 2078 dignos·

117 2115 204 2178 cant,
233 2099 306 2180 quid
334 2120 371 2158 ex
396 2112 519 2178 quatuor
547 2096 593 2156 his
620 2096 738 2156 illorum
764 2096 869 2156 animis
886 2097 924 2156 sit
939 2096 1124 2156 immixtum:
1147 2109 1177 2156 et
1195 2098 1219 2156 si
1239 2097 1346 2176 quises

116 2201 187 2282 ipsis
217 2213 351 2262 nascatur
380 2190 548 2276 ὑπόχαλκος
570 2193 619 2258 vel
640 2187 840 2276 ὑποσίδηρος,
862 2193 946 2255 nullo
974 2208 1057 2275 paeto
1077 2195 1288 2268 misereantur,
1304 2190 1345 2252 sed

116 2321 198 2360 snum
226 2302 331 2378 cuique
359 2299 540 2372 tribuentes,
562 2296 599 2357 ad
620 2296 738 2410 opifices
764 2296 813 2358 vel
831 2292 971 2376 agricolas
991 2291 1160 2352 dimittant:
1182 2309 1344 2372 rursusque,

116 2400 141 2458 si
169 2418 206 2455 ex
234 2396 314 2456 hisce
344 2409 479 2456 nascatur
503 2385 655 2473 aliquis
635 2387 809 2476 υπόχρυσος
836 2395 884 2456 vel
910 2383 1095 2472 ὑπάργυρος,
1128 2390 1276 2454 extollant
1292 2405 1345 2445 eun

116 2495 245 2570 honore,
266 2494 347 2554 hunc
373 2493 412 2554 ad
440 2493 627 2567 auxiliarios,
649 2495 735 2555 illum
761 2496 799 2557 ad
818 2493 950 2555 custodes
969 2507 997 2552 et
1017 2492 1164 2574 principes
1182 2489 1344 2558 referentes,

115 2595 198 2673 quusi
226 2607 310 2656 vetus
338 2594 375 2652 sit
399 2592 570 2667 oraculum,
595 2585 663 2654 τότε
685 2617 741 2675 την
762 2587 854 2656 πόλιν
874 2583 1145 2672 διαφθαρῆναι,’
1130 2581 1204 2650 όταν
1225 2571 1345 2666 adepto

115 2686 283 2775 σίδηρος
262 2717 281 2774 η
305 2714 321 2752 ⁰
343 2684 456 2772 χαλκδς
476 2685 605 2778 φυλόξη·
627 2707 693 2754 tum
722 2698 938 2776 rempublicam
954 2702 1151 2773 perituram,
1170 2711 1241 2750 cum
1259 2696 1344 2766 ipram

115 2799 164 2856 eal
181 2818 233 2856 aas
252 2798 300 2854 vel
310 2798 441 2871 ferram
455 2798 647 2876 gradmobit.
659 2819 674 2853 n
703 2793 733 2874 l)

159 2915 175 2948 o
186 2894 301 2974 Eligere
319 2894 407 2973 igitur
426 2913 442 2950 e
461 2892 630 2954 custodibus
660 2913 693 2954 ae
719 2893 838 2954 summis
856 2911 959 2952 ornare
977 2890 1010 2950 in
1028 2887 1178 2969 republica
1196 2880 1344 2944 bonoribus

114 2991 218 3068 decet,
250 2993 300 3073 qui
328 2990 432 3051 natura
458 2990 570 3051 habent
586 3005 663 3052 recte
681 2993 744 3069 ejus
762 2990 909 3070 regendae
927 2987 1111 3048 facultatem:
1132 2984 1165 3044 hi
1183 2996 1278 3042 autem
1296 2998 1343 3058 quo

115 3093 206 3171 magis
234 3089 335 3150 indole
361 3089 536 3169 ingenioque
553 3101 717 3170 praestant,
738 3109 771 3148 eo
790 3089 880 3168 magis
897 3101 925 3148 et
940 3085 1049 3146 musica
1066 3081 1221 3143 excolendi
1241 3094 1270 3140 et
1286 3095 1343 3140 vero

115 3187 297 3269 gravioribus
324 3186 491 3268 disciplinis
521 3186 676 3246 erudiendi
704 3200 782 3248 sunt.
824 3188 896 3246 Nam
913 3183 1070 3244 mediocria
1087 3181 1205 3261 ingenia
1227 3198 1280 3238 nec
1297 3173 1342 3235 ob-

112 3301 184 3346 sunt
214 3305 384 3366 magnopere
413 3305 466 3344 nec
493 3299 615 3366 prosunt
633 3284 821 3346 civitatibus:
843 3305 946 3364 magna
962 3283 1054 3342 solum
1073 3294 1131 3340 tam
1148 3277 1270 3359 perdere
1286 3292 1342 3346 eas,

113 3405 203 3464 quam
229 3405 342 3444 servare
363 3397 390 3442 et
410 3382 556 3442 illustrare
575 3383 679 3442 solent.
722 3382 757 3442 ld
787 3396 882 3444 antem
911 3380 1069 3460 negligitur
1093 3379 1153 3437 fere
1172 3378 1206 3436 in
1227 3369 1342 3434 civitati·

113 3483 170 3543 bus
199 3483 323 3556 nostris,
353 3481 480 3560 indeque
511 3481 685 3563 repetendae
713 3481 892 3562 potissimum
919 3479 987 3558 s'unt
1015 3475 1217 3558 gravissimae,
1247 3468 1342 3551 quibus

113 3582 266 3656 laborant,
297 3579 482 3639 calamitates.
534 3579 625 3659 Finge
654 3579 794 3661 populum
821 3579 853 3637 in
883 3575 1053 3638 civitatibus
1080 3573 1186 3632 nostris
1211 3569 1340 3650 guberna·

112 3680 183 3739 toris
213 3681 326 3753 instar,
357 3678 407 3757 qui
439 3678 477 3736 sit
506 3677 708 3756 magnitudine
737 3690 767 3736 et
784 3675 885 3736 robore
904 3673 1031 3753 corporis
1050 3691 1119 3752 prae
1138 3669 1259 3728 caeteris
1278 3661 1341 3724 emi-

113 3799 204 3852 nens,
233 3776 394 3837 subsurdus
417 3797 486 3836 ¹vero
512 3789 540 3835 et
565 3775 661 3845 ,oculis
688 3774 820 3835 hebetior
847 3794 901 3832 nec
925 3784 1020 3830 mente
1039 3769 1077 3828 ad
1096 3789 1141 3827 res
1158 3766 1287 3826 nauticas
1303 3781 1341 3818 co·

106 3874 291 3958 gnoscendas
319 3875 437 3934 melior:
470 3888 573 3933 nautas
600 3885 695 3932 autem
722 3873 801 3932 inter
828 3893 858 3931 se
887 3870 924 3929 de
952 3867 1162 3949 gubernatione
1191 3873 1342 3930 certantes,

111 3981 235 4053 quorum
273 3974 469 4053 unusquisque
501 3984 601 4053 putet,
633 3991 661 4030 se
690 3969 812 4050 dignum
830 3969 963 4052 ¹imperio
989 3987 1066 4041 esse,
1096 3979 1270 4043 quamquam
1295 3974 1341 4014 uec

113 4085 203 4130 artem
226 4070 365 4131 didicerit
387 4091 514 4149 unquam
532 4091 585 4129 nec
614 4082 827 4150 praeceptorem
856 4063 1006 4125 ostendere
1034 4063 1142 4144 possit,
1163 4080 1216 4118 nec
1237 4071 1341 4136 tempus

111 4190 171 4248 quo
195 4167 354 4243 didicerit,
375 4167 453 4227 dicat
480 4168 570 4243 adeo,
592 4165 665 4227 disci
693 4179 783 4226 artem
803 4185 863 4224 non
879 4183 978 4245 posse,
998 4162 1106 4240 quique
1125 4159 1180 4218 hoc
1198 4153 1340 4223 statuerit,

122 4452 124 4458 ’
150 4481 179 4547 r)
200 4484 237 4534 oe
254 4485 316 4550 nep.
335 4481 377 4533 ru.
396 4479 454 4531 ars.
472 4479 495 4530 a
513 4506 547 4517 -
565 4477 595 4528 c.
