2898 5120
699 236 758 324 ars'

163 429 310 510 suspicari
330 428 384 489 hoc
403 429 466 490 loco
484 429 571 505 licet,
591 429 689 492 denuo
706 429 865 511 respexisse
886 429 1034 489 Platonem
1053 428 1340 490 Lacedaemoniorum

125 527 348 609 rempublicam,
376 547 434 588 non
464 527 561 608 prouti
587 541 672 588 antea
699 549 716 588 e
740 529 863 609 Lycurgi
892 526 1005 608 legibus
1032 528 1144 601 luerat,
1173 527 1222 588 sed
1248 529 1342 608 qualis

126 626 215 708 ipsius
242 645 313 688 aevo
340 646 399 686 esse
428 605 568 706 coeperat.
609 627 681 686 Nam
700 647 786 708 opum
804 626 1030 704 divitiarumque
1049 624 1178 685 studium
1194 625 1342 708 Spartam,

61 797 65 806 1
125 737 189 806 post
205 722 314 784 bellum
333 723 484 804 inprimis
502 722 794 804 Peloponnesiacum,
821 725 977 799 invasisse,
1008 737 1036 784 et
1064 723 1184 784 historia
1213 725 1297 786 docet
1315 741 1342 786 et

125 821 191 882 aliis
213 821 284 884 locis
308 820 389 882 Plato
414 836 621 882 commemorat.
673 825 821 884 Caeterum
846 822 991 903 quadrant
1014 823 1103 904 plane
1127 823 1159 880 in
1188 823 1343 906 Spartanae

126 919 302 1000 reipublicae
326 919 541 980 conversionem
564 923 845 1003 corruptionemque,
874 942 947 1002 quae
970 921 1025 981 hoc
1044 934 1140 981 nostro
1160 922 1222 984 loco
1241 915 1344 984 Socra·

126 1033 169 1080 tes
196 1017 233 1078 de
259 1015 414 1098 oligarebia
441 1030 545 1078 mouet.
596 1019 794 1081 Veruntamen
822 1021 957 1082 universe
985 1021 1142 1102 respexisse
1170 1020 1252 1080 Plato
1279 1022 1345 1080 illas

126 1114 261 1178 Graeciae
277 1115 409 1177 civitates
429 1109 563 1193 videtur,
583 1117 616 1178 in
642 1118 747 1198 quihus
772 1140 824 1200 per
847 1140 915 1201 opes
934 1119 1058 1178 maxime
1082 1119 1137 1177 iter
1162 1118 1200 1178 ad
1223 1119 1345 1180 honores

127 1212 260 1295 patebat,
290 1226 351 1274 tum
375 1215 509 1295 proprie,
536 1215 665 1278 etmihi
692 1216 810 1296 quidem
835 1215 969 1292 ridetur,
999 1216 1168 1278 Phoenicias
1194 1217 1345 1292 civitates,

127 1313 215 1391 inque
243 1309 290 1370 his
319 1314 441 1374 maxime
468 1313 687 1395 Carthaginem,
719 1315 769 1374 uhi
797 1312 902 1377 diserte
930 1314 1029 1396 prodit
1049 1315 1234 1390 Aristoteles,
1254 1313 1346 1377 πλου-

127 1410 246 1498 rodda,
276 1439 336 1480 nou
355 1411 525 1500 α’ριοτινδήν
545 1441 589 1480 res
615 1419 828 1483 administratas
853 1442 922 1482 esset
966 1421 1138 1481 Diuitiarum
1165 1437 1242 1482 certe
1267 1421 1347 1501 cupi·

111 1517 246 1580 *ditatum
271 1519 353 1580 Plato
379 1521 571 1582 Phoenicibus
597 1510 702 1580 tribuit
729 1522 924 1602 potissimum,
959 1534 993 1580 ut
1019 1513 1036 1578 e
1066 1520 1148 1594 loco,
1177 1540 1263 1598 quem
1287 1521 1346 1596 jam

129 1616 323 1693 adduximus,
352 1633 439 1700 patet.
492 1614 539 1681 To*
567 1611 808 1701 φιλοχρήματον,
839 1615 859 1681 d
884 1617 950 1703 aspi
976 1612 1046 1694 τούς
1063 1639 1094 1679 τε
1117 1615 1255 1691 Φοίναας
1277 1611 1348 1677 eheu

129 1719 177 1782 καὶ
195 1718 265 1808 roric
284 1718 359 1784 κατιὶ
377 1720 533 1806 Ai'ymteor
552 1717 626 1802 φαίη
650 1743 694 1795 τις
717 1715 754 1782 dr
785 1716 842 1803 οὐχ
867 1715 979 1804 ἥκιστα.
1002 1719 1031 1801 l)
1080 1719 1138 1780 Sed
1164 1718 1347 1798 oligarchiam

131 1825 171 1884 sic
195 1823 280 1890 nobis
308 1827 389 1887 Plato
410 1827 580 1906 descripsit,
612 1841 668 1899 quo
697 1823 819 1883 interius
846 1823 1032 1905 eligarchici,
1061 1842 1146 1910 quem
1174 1834 1274 1895 vocat,
1293 1821 1348 1879 viri

132 1923 203 1985 vitia
224 1922 396 2005 exploraret.
436 1925 511 1983 Illuc
532 1925 621 2005 igitur
640 1920 849 2004 progredimur.

175 2021 241 2080 «De
267 2021 320 2082 hoc
344 2025 412 2082 item
442 2021 621 2097 videndum,
641 2021 682 2080 ait
702 2020 843 2096 Socrates,
864 2018 1102 2100 quemadmodum
1129 2017 1180 2076 fiat
1198 2030 1234 2092 vet
1257 2015 1350 2094 qualis

132 2118 179 2180 sit.
219 2117 267 2179 sic
292 2120 380 2201 igitur
406 2141 442 2180 ex
466 2121 617 2180 ambitioso
634 2119 688 2179 illo
707 2109 776 2178 lieri
789 2119 877 2194 solet,
899 2117 949 2178 ubi
966 2119 1056 2199 patris
1074 2114 1236 2175 istiusmodi
1255 2113 1346 2186 filius,

132 2217 256 2298 primum
284 2218 411 2278 imitatus
439 2238 521 2294 eum,
550 2215 657 2283 deinde
684 2216 764 2278 videt
791 2235 827 2304 px
852 2216 980 2276 culmine
999 2214 1150 2295 dignitatis
1167 2213 1349 2294 prolapsum,

134 2315 165 2376 iu
182 2314 326 2393 judicium
349 2317 388 2376 ab
407 2315 625 2376 insidiatoribus
651 2313 825 2390 deductum,
853 2335 870 2374 a
896 2312 1152 2374 calumniatoribus
1169 2312 1354 2370 circumven-

133 2426 213 2486 tum,
243 2426 304 2473 tum
328 2428 417 2474 morte
443 2413 665 2473 condemnatum
687 2415 737 2484 ¹vel
766 2411 799 2473 in
829 2399 962 2488 exsilium
980 2413 1120 2490 ejectum,
1141 2410 1216 2469 larua
1236 2409 1356 2468 omnino

135 2523 163 2570 ct
190 2508 275 2606 honis
298 2511 460 2592 spoliatum.
501 2512 579 2571 Haec
604 2512 692 2592 igitur
718 2515 841 2572 intuitus
864 2510 917 2570 ille
936 2531 968 2569 ac
992 2529 1161 2590 perpessus,
1182 2497 1285 2567 amisso
1305 2527 1355 2586 pa·

134 2609 285 2686 timonio,
315 2622 431 2693 propter
458 2611 643 2670 formidinem
668 2611 837 2686 confestim,
861 2609 966 2688 credo,
985 2605 1043 2667 ’ἐπὶ
1066 2600 1203 2688 κεφαλήν,
1224 2600 1308 2666 addai
1327 2599 1358 2664 ιἰι

134 2706 188 2770 τοῦ
215 2701 331 2791 θρόνου
357 2709 412 2770 τοῦ
433 2703 465 2770 ἐν
490 2707 530 2794 τῇ
556 2703 664 2770 ἑαυτοῦ
689 2708 780 2795 ψυχῇ
806 2707 976 2790 φιλοτιμίαν
1000 2731 1030 2771 τι
1057 2708 1108 2770 καλ
1130 2702 1166 2773 sd
1193 2702 1359 2786 θυμοειδὲς

135 2808 237 2872 ἐκεῖνο·
259 2835 294 2872 ac
318 2819 415 2870 animi
441 2820 489 2870 sui
516 2814 623 2871 throno
641 2822 671 2870 et
691 2815 880 2870 ambitionem
899 2815 987 2871 illam
1008 2823 1037 2870 et
1055 2821 1122 2870 irae
1138 2820 1282 2888 impetum
1304 2811 1359 2867 do-

128 2919 221 2990 jioit,
252 2924 313 2971 tum
340 2909 478 2970 humilior
507 2924 624 2990 propter
641 2923 836 2990 paupertatem
855 2912 966 2986 lactus,
987 2931 1044 2970 sese
1063 2910 1268 2990 adquaestum
1287 2929 1358 2967 con·

137 3011 221 3070 vertit
238 3021 265 3068 et
282 3022 402 3089 angusto
421 3007 575 3068 admodum
593 3009 691 3067 animo
709 3009 904 3088 pareevivens
914 3048 922 3084 ,
934 3029 1018 3088 seque
1039 2999 1224 3067 in'obeundo
1242 3007 1360 3085 negotio

136 3128 260 3182 vexans,
280 3108 418 3187 pecunias
435 3107 555 3186 colligit.
599 3097 674 3186 'Aa’
700 3101 752 3166 otiu
772 3102 823 3168 oia
851 3100 906 3168 τόν
932 3106 1065 3170 τοιοῦτον
1084 3127 1149 3166 cora
1170 3127 1211 3178 εις
1229 3126 1284 3182 μιν
1302 3125 1359 3163 τον

136 3199 250 3286 θρόνον
275 3199 381 3266 ἐκεῖνον
408 3199 446 3265 τό
472 3200 687 3288 ἐπιθυμητικόν
714 3229 745 3270 τε
773 3207 821 3270 καλ
850 3197 1078 3290 φιλοχρήματον
1104 3201 1282 3286 ἐγκαθίζειν,
1307 3205 1361 3267 καὶ

136 3301 228 3389 μέγαν
251 3301 372 3387 βασιλέα
396 3310 487 3366 ποιεῖν
516 3301 546 3368 ἐν
572 3304 684 3395 ἑαυτῷ,
711 3305 814 3394 τιάρας
837 3333 868 3372 τι
897 3311 956 3372 καὶ,
969 3303 1127 3395 στριιιτοιλς
1155 3307 1204 3370 καὶ
1223 3301 1363 3383 οἰκινοὸιας

136 3401 381 3490 παραζωννύντας
403 3432 497 3469 nonno
520 3422 615 3488 putus
642 3413 845 3489 hujuscemodi
867 3416 1013 3475 hominem
1032 3420 1065 3470 ιἰι
1093 3413 1145 3469 illo
1163 3421 1237 3470 tunc
1258 3419 1364 3470 enimi

137 3515 242 3573 throno
271 3508 467 3589 cupiditatem
502 3519 592 3587 atquc
619 3517 786 3569 avaritiam
811 3520 1004 3589 positurum,
1034 3519 1122 3589 atque
1149 3510 1244 3582 hone,
1274 3518 1365 3590 regis

137 3612 257 3672 Perstet
284 3614 402 3682 tortor,
432 3608 618 3682 diedemate,
630 3609 785 3685 fimbriis,
807 3631 874 3668 anre
901 3607 1143 3668 exornatarum?
1188 3599 1235 3666 To*
1256 3600 1293 3666 δέ
1314 3629 1364 3686 γε,

138 3703 236 3789 οἶμαι,
262 3696 426 3788 λογιστικόν
443 3726 474 3766 τε
494 3701 542 3764 καλ
567 3702 727 3782 θυμοειδὲς
754 3705 852 3786 χαμαὶ
873 3703 960 3769 ἔνθεν
978 3705 1027 3768 καὶ
1047 3701 1134 3775 ἔνθεν
1150 3705 1366 3786 παριααθίσας

1 3839 2 3846 “
138 3805 187 3873 ὑπ’
209 3806 305 3895 ἕκιλνιμ
328 3806 376 3869 καλ
398 3799 711 3886 καταδουλωσάμενος·
735 3817 883 3868 rationem
903 3821 1023 3886 cotem,
1044 3813 1129 3870 credo
1139 3857 1148 3886 ,
1169 3819 1199 3869 ot
1215 3819 1282 3869 troc
1299 3819 1365 3872 im-

136 3922 239 3994 petum
267 3914 351 3970 hunti
377 3897 519 3968 etc'tllie
546 3912 728 3987 depositum,
761 3917 875 3969 serviro
904 3911 974 3968 huic
1005 3918 1103 3990 cogit,
1124 3909 1257 3987 nihilque
1274 3909 1364 3970 aliud

140 4009 285 4090 inquirere
313 4008 382 4066 sinit
406 4028 438 4067 ae
468 4007 666 4083 considerare,
696 4009 753 4067 nisi
784 4006 896 4067 undee
922 4008 1106 4087 paucioribus
1124 4008 1257 4088 pecuniis
1273 4029 1364 4086 quam

41 4111 43 4116 '
141 4107 280 4192 plurimae
300 4101 480 4180 efficiantur,
511 4120 559 4180 ut,
585 4119 698 4187 praeter
725 4105 843 4167 divitias
863 4119 891 4164 et
914 4103 1036 4181 divites,
1057 4104 1133 4165 nihil
1154 4104 1238 4166 colat.
1279 4107 1363 4165 Haec

141 4221 182 4269 est
202 4199 361 4292 φιλοτίμου
382 4197 447 4264 νὲοο
467 4206 500 4263 in
521 4198 747 4287 φιλοχρήματον
767 4205 983 4265 commutatio.»
1008 4202 1040 4283 2)

176 4381 574 4453 ummmma.

176 4471 206 4534 a)
225 4472 285 4522 ιιιι.
304 4469 364 4521 vm.
382 4467 439 4521 ssa.
457 4466 488 4523 a.
506 4501 539 4510 -
557 4469 615 4524 ssa.
627 4471 655 4522 a.
