2908 5114
657 319 716 378 353

78 476 161 557 ipsius
180 491 221 536 est
238 476 333 536 initiis
352 479 528 538 contrarium
540 525 548 554 ,
570 481 608 540 ita
628 481 813 561 philosophia
843 479 949 554 efficit,
980 460 1012 540 irt
1043 503 1079 540 ne
1111 484 1183 562 quid
1210 486 1299 544 mire·

77 597 148 634 mur:
168 574 245 654 quod
264 595 428 634 caussarum
449 579 587 638 scientiae
606 579 754 664 debemus.
796 579 830 638 In
850 579 998 659 physicis,
1028 601 1080 639 cur
1108 583 1151 642 sol
1179 603 1299 646 conver·

76 687 162 748 tatur,
183 674 215 732 in
233 671 462 749 mathematicis,
483 696 535 734 cur
555 678 651 736 metiri
670 677 843 738 diametrum
862 698 922 737 non
941 679 1100 758 possimus,
1122 679 1300 740 admiramur

75 771 204 830 continuo
214 793 223 846 5
246 771 396 851 explorati
414 787 510 832 autem
529 795 545 832 e
564 775 638 834 coeli
656 789 684 834 et
703 775 807 835 circuli
830 775 943 835 ratione
962 777 1111 855 utriusque
1129 777 1171 836 rei
1192 779 1299 852 caussl,

75 869 113 927 nil
132 866 338 927 admiraremur
356 871 464 950 magis,
484 893 581 951 quam,
603 874 627 932 si
646 895 699 934 nec
718 888 937 934 converteretur
957 873 1000 933 sol
1019 858 1051 933 et·
1068 876 1163 934 metiri
1184 875 1298 936 diame-

75 979 142 1026 trum
159 987 313 1047 possemus.
356 968 467 1027 Pariter
490 971 522 1029 in
554 970 641 1030 rebus
671 970 803 1032 ludicris.
845 971 1068 1052 imagunculas,
1097 994 1170 1051 quae
1198 989 1301 1055 sponte

74 1078 218 1124 morentur
227 1109 236 1139 ,
257 1079 390 1146 spectans
407 1067 511 1148 vulgus
529 1070 723 1150 obstupescit:
746 1090 806 1128 non
825 1070 865 1129 ita
886 1071 929 1144 is,
960 1071 1011 1148 qui
1032 1085 1168 1131 motuum·
1187 1091 1300 1132 caussas

74 1183 105 1220 ex
132 1170 188 1221 arte
214 1162 386 1222 mechanica
411 1178 506 1224 tenet:
539 1182 659 1243 contra,
681 1169 785 1228 sinon
804 1169 1077 1230 moverentur'illae
1098 1183 1220 1250 sponte,
1238 1184 1301 1228 tum

74 1261 178 1320 demum
197 1260 247 1318 bic
276 1260 467 1322 admiraretur
491 1277 519 1322 et
538 1263 760 1346 obstupesceret.
801 1267 847 1326 Ex
867 1266 921 1325 hac
940 1267 1104 1326 Aristotelis
1123 1267 1299 1348 disputatio-

73 1380 123 1433 ne,
141 1340 201 1436 quii
216 1358 312 1419 valeat
335 1358 387 1419 illa
412 1380 577 1422 caussarum
603 1364 743 1438 scientia,
773 1363 960 1445 intelligitur.
1002 1364 1092 1425 Stoici
1121 1364 1192 1425 inde
1221 1365 1300 1425 cele-

73 1456 258 1516 bratissimum
275 1452 355 1516 illud
375 1459 423 1516 nil
441 1460 597 1519 admirari
616 1461 785 1522 duxerunt:
808 1461 887 1520 unde
908 1461 1064 1522 Horatius:

283 1550 341 1611 Nil
353 1557 507 1615 admirari
517 1605 526 1633 ,
542 1569 636 1636 prope
656 1581 706 1618 rer
727 1570 772 1619 ert
792 1581 854 1618 uno
865 1603 873 1633 ,
896 1557 1042 1635 Numici,

285 1653 413 1731 Solaque
432 1677 508 1732 quur
522 1665 616 1736 poerit
627 1661 739 1733 socero
759 1669 789 1716 et
808 1677 931 1718 serrare
951 1660 1079 1719 lactum.
1100 1656 1129 1737 l)

73 1748 123 1808 Sed
149 1750 179 1808 hi
208 1749 287 1810 illud
314 1751 352 1811 ad
382 1751 460 1812 ritae
489 1755 664 1833 virtutisque
692 1755 885 1814 constantiam
914 1754 1098 1832 retulerunt;
1132 1754 1300 1816 Aristoteles
1323 1797 1326 1806 -

74 1867 133 1906 vero
151 1849 241 1928 ipsam
261 1849 350 1928 plane
370 1863 509 1928 spectasse
528 1853 581 1910 Dei
600 1853 772 1932 sapientiam
792 1851 956 1910 censendus
977 1866 1027 1913 est.

108 1944 235 2004 Summae
254 1945 384 2026 profecto
403 1960 445 2005 est
462 1962 490 2007 et
507 1949 627 2009 divinae
651 1949 723 2010 adeo
745 1949 935 2007 sublimitatis
954 1949 1024 2009 haec
1052 1949 1214 2009 Aristotelis
1233 1949 1300 2008 doc·

73 2043 158 2101 trina:
180 2045 265 2122 cujus
285 2043 450 2112 auctoritati
469 2061 662 2105 consentanea
683 2048 772 2127 plane
793 2059 854 2132 est„
874 2067 961 2124 quam
983 2048 1014 2105 in
1035 2046 1198 2105 dialecticis
1215 2033 1305 2127 expo·—

73 2144 140 2218 ruit,
161 2134 379 2221 συλλογιστικη,
401 2143 547 2220 probandi
578 2142 820 2222 asseverandique
850 2145 932 2204 ratio.
975 2145 1194 2217 Veruntamen,
1222 2145 1301 2222 quod

73 2238 170 2302 dehac
190 2243 342 2316 diximus,
364 2238 396 2319 2)
416 2240 494 2304 idern
516 2262 595 2300 nunc
615 2241 908 2301 animadvertendum
925 2241 963 2300 de
977 2241 1082 2301 divina
1102 2239 1155 2298 illa
1178 2243 1300 2301 scientia

73 2352 125 2413 est,
145 2339 330 2399 adumbrasse
349 2359 411 2397 eam
431 2328 595 2412 auctorem,
617 2339 735 2417 ejusque
749 2351 888 2396 naturam
909 2351 938 2396 et
956 2339 1135 2418 propositum
1155 2337 1299 2398 indicasse

73 2455 100 2494 ac
116 2437 316 2518 descripsisse,
338 2436 375 2495 ad
395 2435 609 2517 philosophiam
627 2457 696 2497 vero
716 2434 869 2494 colendam
897 2457 956 2493 non
977 2443 1137 2514 usurpasse.
1178 2435 1214 2494 ld
1235 2450 1299 2516 post

73 2553 129 2592 eum
155 2534 327 2594 Scholastici
358 2534 490 2592 fecerunt
517 2532 704 2613 philosophi,
744 2533 884 2610 quicum
912 2530 1055 2610 theologia
1083 2533 1299 2612 philosophiam

72 2633 302 2692 confundebant:
332 2632 465 2690 fecerunt
496 2631 583 2703 item,
614 2630 664 2706 qui
694 2631 855 2689 instaurare
884 2629 1042 2687 recentiore
1062 2643 1153 2689 aetate
1171 2629 1305 2710 philosos

72 2728 160 2807 phiam
179 2707 373 2789 studuerunt:
396 2729 486 2807 ipsam
503 2727 535 2786 hi
554 2726 770 2807 philosophiam
778 2747 958 2784 caussarum
970 2719 1298 2805 rrifficientiumeeiau-

73 2833 140 2885 tiam
157 2828 206 2888 rel
224 2833 386 2886 scientium
407 2845 512 2882 rerum
528 2825 719 2902 possibilium
737 2822 927 2904 appellarunt
937 2848 945 2900 3
962 2845 1023 2882 non
1042 2824 1113 2883 fecit
1121 2825 1298 2886 Aristoteles.

73 2924 160 3003 Opus,
180 2947 238 3006 quo
257 2925 333 2983 hanc
353 2922 516 2982 doctrinam
534 2921 677 2997 tradidit,
697 2921 761 2980 illio
778 2922 918 3002 explicit,
942 2921 992 2979 ubi
1019 2937 1208 3002 usurpaturus
1237 2945 1299 2985 eam

73 3019 105 3078 ad
127 3022 305 3083 tractandam
334 3018 546 3101 philosophiam
582 3033 682 3079 auctor
707 3018 834 3079 videtur.
877 3018 963 3093 Quod
991 3017 1085 3077 mirati
1115 3020 1201 3078 multi
1229 3037 1298 3081 sunt

73 3122 221 3180 recentiore
242 3134 350 3197 aetate,
374 3116 405 3199 3)
435 3141 496 3178 non
518 3138 586 3179 vero
604 3131 683 3191 erat,
705 3138 756 3176 cur
781 3117 965 3176 mirarentur.
1006 3117 1078 3175 Nam
1104 3119 1238 3208 quamvis
1268 3133 1297 3178 et

77 3216 261 3297 syllogisticae
278 3232 350 3277 esset
369 3232 398 3276 et
418 3208 632 3297 metaphysicae
651 3229 751 3275 auctor
770 3214 956 3289 Aristoteles,
987 3235 1002 3272 e
1023 3214 1152 3275 Platonis
1182 3214 1296 3296 prodie-

75 3328 114 3372 rat
129 3315 246 3391 schola‚
269 3315 320 3373 ubi
340 3314 480 3374 adhibere
500 3313 538 3372 ad
556 3326 633 3371 recte
653 3313 843 3372 excolendam
878 3312 1091 3393 philosophiam
1118 3333 1218 3393 resque
1248 3336 1297 3372 na-

75 3412 171 3473 turales
200 3412 393 3494 explicandas
423 3412 599 3491 analyticam
628 3411 768 3470 rationem
795 3408 947 3470 didicerat.
989 3411 1083 3484 Quam
1111 3410 1164 3470 ille
1190 3412 1298 3473 metho-

74 3509 135 3569 dum
164 3512 196 3571 in
225 3504 341 3591 scriptis
371 3511 430 3569 sere
459 3509 518 3568 suis
538 3507 689 3584 derorum
707 3509 809 3566 natura
832 3522 945 3567 secutus
966 3513 1034 3583 vest,
1065 3528 1119 3566 nec
1134 3514 1216 3568 'vero
1236 3523 1299 3570 tum

74 3608 211 3687 neglexit,
234 3629 324 3689 quum
345 3608 422 3666 hanc
443 3625 603 3688 proponere
623 3625 689 3664 cum
709 3605 891 3664 dialecticam
913 3626 1033 3680 noram,
1053 3618 1116 3663 tum
1135 3626 1299 3666 caussarum

74 3706 214 3768 seientiam
235 3705 379 3766 studebat.
421 3703 507 3780 Quod
527 3717 622 3762 autem
641 3702 717 3762 hano
737 3705 829 3783 ipsam
857 3703 1006 3762 scientiam
1035 3703 1158 3777 attinet,
1189 3705 1299 3782 quaesi·

75 3805 130 3879 rit,
149 3805 222 3886 quid
242 3805 274 3863 in
297 3805 428 3865 veritatis
447 3803 544 3862 studio
564 3822 706 3860 summum
724 3814 813 3876 esset,
835 3800 916 3859 abest
936 3821 1003 3862 vero
1024 3799 1157 3876 multum,
1179 3801 1300 3862 utillud

75 3901 123 3961 sibi
141 3903 267 3984 attigisse
285 3903 365 3962 risus
384 3903 430 3962 sit.
473 3901 514 3960 Ut
533 3921 594 3958 cam
612 3900 649 3958 ab
670 3899 757 3958 initio
777 3897 963 3966 adumbravit
989 3898 1155 3959 universam
1165 3943 1174 3974 ‚
1205 3898 1302 3978 subji-

75 3999 123 4059 cit:
150 3998 195 4075 τίς
223 3998 281 4081 μὲν
318 3992 370 4062 οὖν
399 3993 420 4080 ἡ
451 3991 540 4080 φύσις
568 3994 625 4079 τῆς
656 3990 883 4078 ζητουμένης
914 3988 1095 4077 ἐπιστήμης,
1123 3990 1246 4077 εἴρηται.
1268 3995 1300 4077 t)
1397 4077 1398 4084 ἵ

78 4153 325 4172 ἱ...-

106 4243 129 4311 1)
150 4247 237 4299 Horat.
256 4249 303 4318 up.
322 4247 340 4299 l.
357 4247 384 4299 ὂ.
404 4245 427 4297 1.

105 4327 129 4393 3)
148 4332 193 4384 Gff.
211 4335 290 4386 Initia
307 4351 333 4401 p.
352 4330 412 4383 246.
812 4391 814 4396 ι

105 4413 129 4478 3)
146 4418 203 4470 vit.
222 4419 363 4472 Fulleborn
379 4421 463 4484 Beytr.
482 4435 528 4470 sur
547 4417 633 4470 Gesclr.
649 4419 693 4468 der
709 4417 800 4469 Perua.
820 4415 878 4468 Vol.
896 4413 926 4466 V.
944 4433 969 4483 p.
984 4414 1042 4466 215.

106 4499 130 4564 l)
146 4502 224 4554 Arist.
243 4505 348 4573 Metupl.
364 4503 383 4555 l⁴
400 4502 425 4554 6.
