2908 5114
743 281 801 340 316

147 457 221 520 quae
237 441 358 519 antiquo
369 486 377 515 ,
398 439 449 498 sed
468 440 560 500 multo
582 441 672 521 magis
691 445 775 502 etiam
798 441 957 502 recentiore
977 461 1048 501 aevo
1067 441 1213 502 invaluit:
1236 444 1375 503 1111111111

148 538 276 598 invaluit
292 551 458 616 tantamque
477 553 561 598 nacta
581 540 858 613 11111111111111111,
882 553 913 598 ut
932 547 998 616 ipsc
1028 539 1175 608 diceretur
1201 524 1375 620 philosoplis

149 655 226 709 esse,
248 636 286 696 111
306 639 423 715 ejusque
447 637 594 717 principia
615 649 643 694 et
673 640 816 698 rationem
845 637 958 698 nullius
986 658 1045 696 non
1074 637 1261 719 philosophi,
1291 639 1375 720 paullo

147 732 267 810 quidem
287 733 482 808 sublimioris,
502 733 637 793 doctrina
664 737 847 815 exigeretur,
880 755 912 794 ac
943 735 1025 794 Plato
1054 755 1113 794 una
1132 755 1201 795 cum
1217 737 1333 796 caeteris
1349 737 1374 794 11
1433 749 1434 774 ¹

149 831 354 911 metaphysicis
375 845 550 892 censeretur.
592 831 648 908 Id,
669 834 803 912 siquid,
824 833 1039 914 philosophiam
1060 834 1258 909 Platonicam,
1287 855 1375 914 quem-

149 929 195 991 vis
213 930 394 1009 perspicuam
420 945 448 989 et
467 930 647 1011 simplicem,
678 930 828 991 obscuram
847 931 999 1006 reddidit,
1020 933 1169 1010 effecitque
1197 946 1230 992 nt
1258 931 1374 991 doctrina

149 1027 316 1108 philosophi
346 1027 382 1086 de
413 1030 523 1088 mundo
552 1028 666 1113 νοητῷ,
696 1027 733 1089 de
762 1031 856 1105 ideis,
888 1030 925 1091 de
953 1029 1006 1088 hac
1042 1030 1075 1088 in
1093 1031 1196 1110 primis
1214 1030 1284 1090 boni
1304 1029 1373 1102 11111,

151 1144 233 1204 aegre
254 1125 340 1184 nobis
357 1128 547 1203 etiamnunc,
569 1131 677 1210 quippe
698 1127 830 1187 nondum
849 1128 935 1201 satis,
960 1125 1107 1206 quidquid
1125 1127 1255 1188 Kantius
1274 1128 1374 1188 molitus

151 1236 212 1296 est,
244 1243 261 1281 a
288 1224 472 1306 philosophia
501 1228 727 1308 metaphysicam
765 1224 1033 1304 distinguentibus,
1082 1225 1273 1306 intelligatur.
1313 1227 1374 1296 Nos,

152 1340 209 1399 quc
229 1323 317 1402 magis
337 1324 445 1403 placita
464 1325 595 1385 Platonis
613 1325 650 1384 de
669 1324 744 1384 ideis
762 1322 920 1381 lectoribus
938 1342 1011 1402 pura
1035 1335 1064 1379 11
1083 1322 1196 1402 integra
1214 1344 1375 1404 proponere·
1434 1403 1435 1406 Ἴ

153 1439 234 1494 mus,
265 1441 281 1478 a
309 1422 485 1481 Cartesianis
514 1422 565 1481 illa
594 1421 730 1502 placitis,
761 1421 832 1499 quin
865 1421 951 1480 etiam
971 1440 988 1477 a
1008 1418 1186 1494 Kantianis,
1216 1419 1374 1499 quibuscum

153 1518 336 1578 conveniunt
355 1519 499 1594 maxime,
521 1520 722 1579 discrevimus.
764 1519 876 1593 Quodsi
896 1517 1024 1596 ejusdem
1044 1520 1211 1580 universam
1228 1519 1264 1578 de
1282 1517 1374 1578 muodo

153 1613 252 1698 νοητῷ
272 1613 434 1675 doctrinam
455 1618 551 1676 animo
572 1630 669 1676 nostro
688 1617 799 1697 pariter
829 1636 929 1696 puram
957 1629 986 1676 et
1013 1616 1155 1695 integram
1181 1632 1375 1697 repraesentare

154 1714 296 1788 velimus,
318 1714 380 1793 pari
402 1713 478 1772 hanc
497 1714 651 1793 diligentia
670 1713 706 1772 ab
726 1714 890 1773 Aristotelis
910 1713 1106 1794 metaphysica
1126 1714 1290 1774 discernere
1308 1735 1374 1796 opor·

155 1811 238 1872 tebit.
281 1810 328 1869 Sic
358 1809 475 1870 demum
500 1812 653 1870 sublimem
684 1812 814 1870 Platonis
843 1810 880 1870 de
908 1812 968 1871 Deo
997 1813 1170 1872 senteutiam
1199 1811 1375 1892 intelligemus
1424 1805 1435 1833 ²

155 1922 251 1983 recte,
281 1908 335 1967 hoc
364 1910 432 1966 item
461 1909 680 1990 intelligemus,
712 1908 751 1968 ad
781 1908 859 1988 quod
888 1908 974 1968 modo
1004 1911 1191 1984 accessimus,
1223 1932 1280 1969 non
1297 1913 1374 1969 Deum
1435 1967 1436 2004 ᾖ

156 2005 236 2087 apud
266 2026 331 2064 eum
360 2005 430 2065 boni
460 2006 555 2066 ideam
585 2027 664 2081 esse,
696 2007 748 2067 sed
775 2006 813 2067 ad
840 2007 915 2066 hanc
943 2006 1039 2066 ideam
1057 2010 1150 2068 Deum
1171 2006 1374 2070 1111111111-
1435 2021 1436 2040 ¹

156 2125 256 2166 masse.

180 2298 447 2358 Discernere
477 2302 577 2358 111111
603 2303 775 2380 placitu
797 2301 1005 2360 Platonis
1032 2303 1078 2358 od
1100 2300 1355 2361 Aristotelis

528 2400 818 2477 metaphysica
847 2408 1026 2477 oportet.

197 2591 293 2650 Altius
321 2592 436 2652 evolare
464 2591 629 2669 hominem,
660 2613 747 2670 quam
776 2593 866 2672 ipsius
886 2592 942 2652 fert
962 2582 1086 2666 natura,
1113 2606 1196 2652 vetus
1216 2608 1257 2652 est
1276 2613 1322 2652 nec
1338 2592 1373 2648 in·
1436 2567 1437 2654 l

149 2692 231 2768 justa
250 2710 384 2769 prorsus,
416 2690 544 2770 apoitis
563 2710 622 2749 uon
642 2690 739 2748 minus
755 2709 877 2767 querna
904 2688 1086 2769 philosophis
1114 2690 1293 2769 frequentata
1315 2709 1371 2767 quc!
1436 2669 1437 2746 l

153 2786 214 2846 rela
226 2809 234 2842 ι

469 2881 525 2940 Nil
541 2885 719 2943 mortalibus
739 2884 871 2942 arduum
892 2894 956 2942 est:

468 2981 587 3041 Ocelum
605 2990 706 3059 ipsum
721 2989 856 3058 petimus
876 2984 1059 3040 1111111111-
1082 2979 1112 3061 l)

154 3080 193 3139 Et
214 3093 346 3152 constat,
367 3099 463 3137 rerum
493 3080 742 3158 exquirendarum
759 3077 932 3139 difficultate
952 3100 1012 3138 111
1040 3093 1153 3138 tanturn
1177 3101 1238 3140 non
1259 3079 1372 3140 absterri-

155 3190 217 3235 tum
235 3177 324 3234 fnisse
343 3177 423 3234 omni
443 3197 533 3252 aevo,
557 3178 608 3237 sed
627 3179 787 3238 excitatum
806 3177 877 3236 adeo
897 3178 1046 3257 ingenium
1068 3176 1247 3254 humanum,
1270 3194 1315 3252 ut,
1331 3197 1372 3256 quo

154 3273 231 3351 quid
251 3286 323 3332 esset
343 3273 506 3349 excelsius,
527 3295 583 3354 quo
605 3275 674 3335 item
691 3275 729 3335 ad
748 3276 803 3334 rite
823 3275 1055 3354 cognoscendum
1075 3274 1248 3351 difficilius,
1266 3274 1373 3354 eomagis

154 3370 322 3430 adverteret
346 3370 469 3430 humani
499 3373 611 3451 generis
642 3373 750 3433 studia.
792 3374 881 3450 Cujus
911 3373 952 3430 rei
979 3372 1185 3432 documentum
1212 3389 1255 3434 est
1281 3375 1373 3452 insigne

152 3466 256 3528 eadem
285 3467 356 3544 illa,
388 3468 475 3546 quem
502 3471 724 3532 memoravimus
753 3469 858 3544 modo,
894 3471 1119 3549 metaphysica,
1149 3493 1328 3546 caussarum,
1352 3481 1374 3526 ul

160 3565 247 3645 vulgo
267 3565 368 3626 habita
387 3581 449 3643 est,
470 3568 611 3644 scientia,
632 3587 689 3645 qua
708 3565 858 3626 tractanda
880 3568 919 3626 sic
939 3567 1023 3627 homo
1046 3589 1075 3628 se
1094 3570 1216 3629 annisus
1234 3585 1276 3630 est
1295 3572 1323 3630 in
1346 3565 1373 3625 11·

150 3677 218 3736 ,tum
240 3664 400 3740 extollere,
419 3666 460 3724 sic
481 3665 537 3725 sihi
558 3685 701 3724 summum
722 3665 849 3744 attigisse
878 3667 957 3727 visus
984 3678 1042 3739 est,
1075 3679 1126 3740 ut,
1156 3669 1296 3748 repertis,
1321 3682 1374 3744 quas

155 3761 338 3838 somniabat,
359 3783 455 3822 rerum
472 3763 602 3822 omnium
622 3764 747 3839 caussis,
768 3783 826 3822 esse
846 3778 964 3844 negaret
982 3761 1086 3822 muudi
1105 3763 1239 3844 opificem
1250 3764 1374 3831 1111111111,

157 3858 218 3937 ipse
247 3857 367 3939 lingeret
396 3861 515 3940 ingenio
541 3874 781 3940 componeretque
808 3861 962 3922 mundum.
1003 3863 1067 3936 Qua
1094 3883 1162 3922 sanc
1196 3863 1321 3923 vanitate
1342 3856 1374 3918 nil

155 3955 213 4018 fuit
235 3975 379 4032 unquam,
402 3955 447 4016 nil
468 3977 527 4016 esse
548 3958 663 4038 potuit,
688 3957 767 4037 quod
788 3958 988 4039 philosophiae
1010 3960 1218 4019 existimationi
1248 3961 1374 4040 ipsiusque

155 4051 261 4112 studiis
279 4052 390 4112 obesset
409 4055 507 4134 magis.
550 4055 631 4130 Quid
649 4055 703 4116 hac
723 4058 755 4116 in
783 4073 883 4115 caussa
903 4054 941 4115 de
959 4056 1079 4116 Platone
1100 4055 1304 4117 affirmandum
1328 4053 1375 4122 1111

156 4148 241 4209 multi
263 4152 516 4230 pronunciarent,
538 4153 710 4214 1111111111
730 4151 811 4212 haud
828 4152 914 4212 facile
933 4151 1050 4214 videtur
1075 4154 1250 4233 dijudicato.
1289 4153 1374 4212 Socra·

154 4248 193 4306 tis
231 4247 287 4305 luit
325 4246 506 4328 discipulus,
550 4271 602 4310 nec
651 4249 812 4310 subtilitate
850 4269 915 4308 enm
945 4249 1140 4325 solummodo,
1172 4252 1225 4312 sed
1251 4245 1371 4312 modestia

191 4453 532 4515 nmmmiam
614 4441 616 4446 '
