2950 5134
653 279 691 339 37
1106 285 1126 339 Ι

75 435 148 504 nohis
163 464 225 524 pars
244 443 295 501 illa
314 442 538 502 Stohaeanorum
556 445 775 522 excerptorum,
796 463 868 520 quae
899 458 1028 505 veterum
1058 444 1120 502 loca
1147 446 1282 515 contine,-

73 543 114 601 hat
138 541 172 600 de
199 540 397 622 philosophia:
427 541 514 620 periit
543 541 602 598 lere
630 551 725 612 totos,
746 561 830 620 quem
850 543 939 620 magis
958 543 1043 600 etiam
1072 541 1282 615 desideramus,

74 641 205 699 Ciceronis
232 639 420 712 Hortensius,
451 659 507 717 quo
536 637 749 718 philosophiam
774 639 988 701 commendavit
1017 654 1045 698 et
1071 642 1284 720 propugnavit:

72 758 135 816 quae
152 737 254 818 scripta
272 739 295 796 si
316 750 513 816 superessent,
538 735 655 816 plenius
683 737 768 794 etiam
789 734 825 794 de
844 738 962 815 antiqua
981 737 1163 818 philosophia
1182 739 1284 797 existi-

72 855 138 892 mare
165 834 271 894 liceret.
322 834 518 894 Veruntamen
550 833 735 892 Ciceroniani
765 834 858 912 operis
887 834 1077 914 fragmentum
1109 835 1193 896 nohis
1221 855 1283 894 ser-

72 946 157 992 vatum
183 946 224 992 est
248 932 447 1013 praeclarum,
478 932 535 990 imo
562 930 711 990 conclusio
739 945 831 990 exstat
857 933 944 993 totius
970 933 1194 1014 disputationis,
1228 955 1283 1012 qua

72 1030 140 1088 hand
157 1031 194 1088 ita
212 1029 383 1110 magnifiee,
411 1044 443 1090 ut
463 1029 634 1090 Posidonius
653 1042 681 1088 et
709 1029 835 1104 Seneca,
858 1030 908 1090 sed
927 1044 1077 1106 accurate,
1107 1031 1157 1090 sed
1186 1032 1283 1090 Plato-

72 1129 127 1186 nice
146 1129 201 1188 vim
221 1129 361 1209 expressit
380 1141 408 1196 et
427 1129 604 1209 propositum
628 1126 836 1208 philosophiae.
883 1149 897 1180 u
909 1131 989 1202 Quae
1018 1129 1120 1204 nohis,
1141 1129 1200 1203 ait,
1221 1129 1284 1190 dies

71 1239 208 1304 noctesque
226 1224 496 1300 considerantibus,
518 1225 745 1304 acuentibusque
765 1225 1008 1306 intelligentiam,
1023 1227 1102 1306 'quac
1120 1241 1162 1286 est
1179 1229 1284 1286 mentis

70 1324 150 1399 acics,
167 1323 410 1404 caventibusque,
435 1345 472 1383 ne
502 1323 620 1402 quando
645 1323 697 1382 illa
714 1323 873 1399 hebescat,
894 1346 996 1404 magna
1018 1345 1081 1405 spes
1109 1339 1168 1400 est,
1189 1338 1239 1384 aut
1259 1327 1284 1384 si

71 1422 133 1496 hoc,
148 1423 351 1500 quosentimus
365 1436 393 1482 ct
412 1424 554 1503 sapimus,
573 1422 691 1482 mortale
709 1436 737 1484 et
760 1422 901 1482 caducum
921 1435 976 1498 cst,
997 1423 1162 1500 jucundum
1182 1423 1283 1496 nohis,

71 1520 215 1597 perfunctis
235 1521 404 1579 muneribus
421 1521 579 1596 humanis,
599 1541 729 1580 oceasum
747 1541 840 1599 neque
858 1521 1004 1582 molestam
1023 1523 1243 1580 exstinctionem
1257 1535 1285 1581 et

70 1619 139 1694 quasi
156 1619 280 1696 quietem
298 1619 375 1679 ritae
395 1620 472 1677 fore:
495 1633 543 1678 aut
560 1620 604 1692 si,
625 1633 657 1678 ut
675 1619 803 1697 antiquis
822 1619 1018 1699 philosophis,
1039 1620 1131 1697 iisque
1150 1621 1283 1678 maximis

72 1714 195 1794 longeque
225 1717 390 1776 clarissimis
417 1717 546 1797 placuit,
576 1729 706 1776 aeternos
735 1717 900 1776 animosae
929 1717 1046 1776 divinos
1066 1717 1221 1776 habemus:
1242 1719 1282 1776 sic

71 1813 278 1874 existimandum
296 1828 356 1888 est,
370 1836 432 1893 ‚quo
452 1815 541 1893 magis
561 1813 592 1872 hi
612 1815 722 1873 fuerint
741 1835 850 1896 semper·
869 1817 900 1873 in
921 1835 1093 1888 succursu,
1116 1814 1148 1875 id
1169 1829 1228 1888 est,
1250 1817 1282 1874 in

72 1911 165 1970 ratione
184 1927 213 1971 et
231 1912 428 1992 investigandi
447 1912 624 1992 eupiditate,
646 1925 673 1972 et
700 1933 756 1991 quo
782 1914 878 1972 minus
900 1933 928 1970 se
957 1912 1164 1972 admiscuerint
1193 1927 1277 1990 atque

73 2009 252 2088 implicuerint
276 2010 424 2068 hominum
452 2012 581 2070 uitiiset
608 2009 770 2082 erroribus,
792 2010 889 2069 hoc''
870 2031 905 2068 rrs
925 2009 1084 2068 faciliorem
1111 2009 1281 2070 adscensum

71 2119 90 2162 er
105 2106 253 2166 reditum
246 2129 278 2165 rn
297 2108 409 2168 coelum
433 2109 504 2166 sor-‚e
546 2108 745 2206 Quapropter,
774 2121 806 2165 ut
833 2106 991 2186 aliquando
1020 2108 1191 2166 terminetur
1219 2129 1278 2168 ora
1315 2093 1318 2099 ¹

73 2204 115 2276 tio,
132 2205 154 2261 si
173 2219 222 2263 aut
239 2206 383 2286 exstingui
404 2205 562 2284 tranquille
585 2187 718 2268 volumius
729 2249 737 2278 ‚
768 2226 833 2264 cum
854 2207 885 2264 in
904 2206 950 2265 his
968 2204 1079 2264 artibus
1104 2206 1280 2278 vixerimus,

73 2314 109 2358 aut
130 2303 153 2360 si
177 2322 213 2359 ex
231 2303 321 2360 hac
314 2325 345 2362 rn
373 2303 457 2362 aliam
485 2303 564 2363 haud
591 2301 690 2384 paullo
709 2302 855 2362 meliorem
874 2303 1031 2362 domum
1009 2324 1072 2362 srne
1091 2323 1168 2362 mora
1191 2302 1280 2365 demi-

74 2416 151 2474 grare,
171 2407 205 2456 in
225 2401 275 2458 hia
294 2401 404 2458 studiis
425 2401 508 2460 nohis
527 2401 619 2460 omnis
642 2420 726 2481 opera
745 2414 773 2459 et
791 2421 859 2458 cura
877 2400 1015 2482 ponenda
1037 2414 1105 2461 cst.»
1131 2399 1160 2480 l)

102 2494 229 2556 Estudio
247 2497 300 2556 hoe
320 2512 348 2556 et
366 2519 459 2558 amore
478 2499 654 2579 sapientiae,
676 2521 732 2577 quo
760 2500 875 2558 nomine
895 2501 1054 2578 antiquitus
1078 2498 1280 2581 appellabatur

76 2591 253 2674 philosophia,
275 2597 447 2656 exstiterunt
465 2597 702 2677 philosophorum
722 2596 829 2678 placita
848 2618 880 2655 ac
901 2597 1067 2671 doctrinae,
1089 2597 1167 2656 unde
1188 2612 1280 2677 syste-

76 2705 128 2750 mata
144 2695 299 2774 composita
318 2705 386 2754 sunt
404 2693 616 2776 philosophiae:
656 2695 812 2775 positisque
830 2695 947 2756 tandem
965 2696 1164 2777 philosophiae
1185 2698 1279 2758 termi-

77 2788 122 2860 uis,
139 2790 287 2850 doctrinae
310 2793 450 2871 quaedam
478 2806 607 2872 artesque
634 2792 770 2850 liberales
790 2793 827 2852 ab
855 2814 886 2851 ea
912 2792 1067 2852 distinctae
1095 2807 1171 2854 sunt.
1219 2793 1280 2870 Ve-

77 2899 204 2946 tuntamen
233 2910 344 2970 semper
358 2904 468 2950 veteres
481 2891 643 2970 principem
663 2890 747 2948 iniis
766 2889 862 2948 locum
886 2889 1085 2971 philosophiae
1103 2891 1278 2951 tribuerunt.

77 2983 157 3044 lucror·
192 2987 262 3046 libri
296 2988 333 3047 de
365 3008 516 3068 puerorum
549 2986 737 3061 educatione,
767 2988 816 3066 qui
846 2988 994 3046 Plutarchi
1025 2990 1142 3047 nomine
1170 2990 1278 3060 fertur,

77 3078 262 3188 philosophiam
298 3085 413 3147 dicit
406 3108 437 3144 rn
467 3085 566 3166 primis
597 3085 747 3145 colendam
777 3105 855 3160 esse,
892 3088 923 3144 in
953 3106 1041 3164 eaque
1069 3086 1276 3145 habitandum.

78 3167 150 3296 thqrp
174 3184 361 3264 περιπλεῦσαι
391 3180 447 3262 μὲν
471 3177 581 3258 notice
605 3177 703 3258 πόλεις
728 3178 871 3256 καλόν,
855 3182 999 3270 ενρικῆσαι
1021 3178 1056 3242 δὲ
1077 3183 1118 3268 τῆ
1137 3181 1278 3268 κρατίστη

78 3274 206 3360 χρήσιμον.
238 3286 269 3368 2)
297 3287 382 3346 Bioni
408 3286 589 3346 tribuchatur
616 3286 686 3344 haec
714 3287 904 3366 comparatio:
937 3287 1010 3344 sicut
1036 3285 1190 3367 Penelopes
1209 3307 1278 3368 pro-

81 3379 113 3452 ti‚
132 3407 213 3462 quum
231 3405 290 3444 non
308 3398 422 3465 possent
441 3405 507 3442 cum
525 3384 666 3464 Penelopa
686 3385 895 3460 concumbere,
916 3405 974 3442 rem
995 3404 1061 3472 cqm
1079 3386 1140 3462 ejus
1160 3384 1276 3444 ancillis

79 3472 235 3546 habuissent:
266 3485 324 3557 ita,
354 3483 404 3561 qui
431 3481 644 3562 philosophiam
673 3503 733 3540 non
762 3496 879 3562 possent
902 3479 1138 3563 apprehendere,
1170 3503 1215 3540 eos
1246 3483 1278 3540 in

79 3572 126 3634 aliis
150 3583 255 3643 nullius'
284 3581 370 3661 pretii
399 3580 564 3661 disciplinis
593 3599 652 3638 sese
681 3593 836 3639 conterere.
877 3579 908 3660 3)
947 3579 1085 3658 Similiter·
1109 3579 1215 3639 Seneca
1241 3579 1277 3638 ah

80 3673 164 3734 adibus
187 3663 357 3739 liberalibus
380 3669 504 3736 secernit
529 3677 758 3758 philosophiam:
780 3691 853 3736 artes
872 3677 1006 3737 liberales
1029 3685 1199 3757 praeparant
1228 3677 1277 3734 in-

81 3772 185 3850 genium,
203 3790 376 3859 praeparant
403 3777 531 3835 animum
553 3775 591 3844 ad
614 3774 812 3856 accipiendam
836 3776 989 3836 virtutem:
1021 3794 1073 3832 nec
1101 3787 1196 3832 tamen
1215 3794 1275 3853 per-

81 3861 167 3931 ducunt
190 3874 226 3934 ad
251 3876 405 3948 virtutem,
433 3874 483 3934 sed
511 3874 687 3955 expediunt:
719 3895 808 3932 unum
835 3873 1058 3956 studiumtrere
1081 3871 1204 3930 liberale·
1220 3885 1275 3944 est,

82 3965 139 4034 ‘llud
156 3969 269 4032 liberum
289 3973 378 4046 facit,
399 3973 452 4032 hoc
472 3987 513 4032 est
532 3973 705 4054 sapientiae,
726 3970 868 4046 sublime,
889 3971 980 4043 forte,
1002 3971 1222 4050 magnanimum.
1244 3968 1275 4047 4)

84 4057 165 4124 Pariter
193 4073 321 4130 Clemens
359 4071 593 4132 Alexandrinus:
627 4065 668 4143 ώς
699 4063 735 4130 τά
768 4064 900 4149 ἐγκύκλια
934 4063 1106 4150 μαθήματα
1142 4061 1273 4146 συμβάλ-

87 4183 314 4210 N¹——1—-n-1-

110 4241 128 4302 ¹)
143 4248 226 4319 l'ruqm.
244 4255 286 4306 88.
305 4273 329 4324 p.
349 4255 405 4308 486.
425 4256 502 4308 Orell.

109 4324 163 4395 Ἃρ.
180 4337 200 4384 t
217 4336 244 4392 c

110 4407 196 4471 3.ll'lut
212 4425 228 4474 l.
246 4427 261 4477 l
281 4427 323 4478 uhi
341 4427 393 4477 rid
419 4427 489 4494 Wyu

111 4493 183 4570 ΗΡ
199 4507 234 4559 88
