2838 5120
627 259 685 336 aso

51 446 187 518 doctores,
217 448 336 523 poetae,
364 462 436 522 quae
462 440 508 500 vel
538 440 656 519 ingenio
676 452 869 518 conceperant
894 438 940 498 rel
971 428 1068 498 animo
1087 443 1269 516 sentiebant,

48 544 238 621 conparando
259 542 440 622 potissimum
461 559 527 597 cum
545 535 715 616 aequalibus
738 549 767 594 et
787 537 908 616 posteris
927 539 1186 600 communicarunt.
1214 541 1271 603 scd

47 642 78 702 ad
100 642 314 700 inveniendum
335 641 421 700 etiam
441 657 612 718 magnopere
641 635 720 696 valet
748 635 941 715 comparatio:
971 635 1050 713 quod
1070 649 1101 695 ut
1128 637 1272 702 Socratica

46 756 71 800 et
90 739 235 799 Platonica
253 739 406 799 dialectica
425 735 547 818 probat,
578 736 617 795 ita
637 733 745 793 illustri
773 755 842 792 sane
866 730 1037 794 documento
1062 750 1090 795 et
1114 737 1217 816 probat
1244 752 1272 798 et

45 840 166 898 illustrat
193 838 339 918 analytica
366 849 462 896 nostra
489 834 688 906 arithmetica,
714 853 800 911 quam
829 832 983 912 algais-am
1011 833 1134 894 solemus
1155 857 1269 898 necare.

46 940 157 996 Constat
175 936 246 996 haec
265 949 324 996 tota
348 932 569 1013 aequationihus
588 933 649 992 sire
668 929 951 1012 comparationibus,
981 930 1087 1010 quibus
1106 933 1212 1014 plane,
1239 949 1270 995 ut
1318 936 1328 957 '

48 1037 75 1093 in
87 1035 241 1093 'Socrutica
261 1031 445 1111 disquirendi
464 1032 530 1105 via,
549 1052 565 1088 a
583 1030 659 1090 uotis
678 1029 716 1088 ad
735 1031 833 1109 ignota
853 1028 1069 1109 progredimur:
1090 1047 1186 1112 estque
1204 1035 1272 1110 illa,

45 1154 105 1190 cum
121 1132 237 1212 analysi
257 1133 430 1206 coniuncta,
459 1151 528 1193 vero
552 1129 669 1188 nomine
696 1126 822 1188 dicenda
842 1136 1028 1188 inuentionis
1047 1132 1221 1210 disciplina.
1245 1134 1274 1215 1)

46 1233 78 1292 Et
98 1233 228 1312 prolecto
248 1231 287 1288 ita
309 1229 424 1288 demum
452 1229 605 1308 geometria
624 1240 652 1286 et
671 1227 845 1286 astronomia
872 1227 1031 1307 stupendos
1059 1229 1126 1289 illos
1153 1235 1276 1296 saeculis

46 1329 153 1389 decimo
180 1341 263 1388 sexto
284 1342 311 1387 et
332 1327 452 1409 septimo
476 1346 639 1408 progressus
657 1327 809 1400 lecerunt,
831 1338 982 1404 postquam
1000 1325 1070 1386 haec
1089 1331 1276 1411 comparandi

50 1427 279 1506 inveniendique
306 1425 466 1507 disciplina
495 1424 641 1484 cumillis
660 1424 799 1504 conjungi
820 1437 919 1504 coepta
939 1438 996 1484 est:
1025 1425 1082 1486 imo
1103 1449 1171 1488 vero
1191 1430 1278 1509 huius

49 1548 96 1606 ope
116 1526 186 1585 illae
207 1525 245 1584 ad
263 1523 458 1585 inveniendas
478 1523 582 1583 mundi
597 1508 717 1606 vphysici
740 1520 816 1602 leges
843 1522 1017 1582 valuerunt:
1049 1538 1080 1585 ut
1103 1546 1169 1586 rere
1194 1505 1290 1590 nobis·

49 1626 250 1704 pronunciasse
286 1622 458 1696 videamur,
486 1623 512 1682 si
539 1621 720 1696 dixerimus,
750 1634 778 1680 et
806 1622 925 1698 antiquo
945 1641 1016 1681 aevo
1036 1643 1088 1703 per
1105 1622 1279 1688 Socraticam

49 1743 76 1780 ar
105 1722 286 1781 Platonicam
315 1709 483 1780 methodum
513 1721 673 1794 moralem,
702 1733 729 1779 et
756 1719 915 1778 recentiore
941 1720 1051 1801 pariter
1068 1742 1119 1804 per
1134 1723 1280 1806 algebram

47 1824 202 1899 physicum
224 1819 366 1880 mundum
381 1839 397 1877 a
413 1817 593 1900 philosophis
611 1831 639 1877 et
655 1817 785 1899 physicis
805 1817 949 1876 reclusum
967 1839 1036 1879 esse.

85 1918 130 1978 Sic
150 1919 232 1980 valet
252 1919 290 1980 ad
310 1920 525 1978 inveniendum
544 1917 723 1998 potissimum
744 1915 897 1976 dialectica
917 1917 1054 1978 Platonis.
1097 1921 1160 1995 Qua
1184 1924 1217 1982 in
1236 1945 1280 1997 re,

55 2031 80 2076 ut
98 2038 133 2075 ex
153 2016 200 2075 his
221 2017 357 2076 omnibus
373 2030 471 2098 patet,
497 2013 681 2096 quaerendo,
708 2014 911 2094 investigando
932 2028 961 2074 et
980 2005 1048 2076 veru
1066 2022 1282 2100 comparando,

53 2116 172 2174 omnium
193 2128 290 2174 autem
307 2115 431 2173 maxime
451 2116 595 2174 remandi
604 2115 818 2194 jungendique
838 2111 934 2172 studio
957 2134 988 2172 ac
1019 2114 1171 2194 diligentia
1190 2120 1282 2200 profi-

53 2215 143 2274 cimus.
173 2215 226 2274 Uti
245 2227 340 2272 autern
359 2212 413 2272 hoc
433 2213 493 2294 ipse
514 2213 663 2294 perspexit
690 2211 898 2292 philosophus,
920 2212 959 2270 ita
969 2257 979 2288 ,
998 2213 1071 2292 quid
1090 2215 1127 2274 sit
1145 2225 1283 2278 inveniare

54 2327 76 2370 ct
94 2312 335 2394 quemadmodum
352 2325 432 2394 parta
457 2312 517 2372 sint
530 2311 696 2394 gravissima
725 2311 867 2385 inventa,
895 2309 931 2370 de
950 2310 1094 2372 industria
1115 2316 1282 2395 exquisivit.

60 2411 136 2484 Quod
155 2434 192 2471 ex
212 2413 276 2489 eius
293 2410 416 2468 Philebo
435 2431 536 2491 operae
554 2411 679 2490 pretium
697 2423 739 2472 est
758 2430 936 2490 cognoscere.

94 2513 299 2594 Argumentum
314 2509 401 2587 hujus
420 2508 527 2589 dialogi
546 2510 680 2590 proprie,
698 2521 730 2567 ut
743 2508 831 2590 uulgo
851 2507 961 2566 dicitur
970 2552 979 2583 ,
994 2508 1220 2590 metaphysicum
1232 2529 1283 2579 est.

60 2605 185 2670 Sublimis
206 2607 338 2668 exstabat
357 2607 390 2665 in
410 2606 535 2666 Philolai
553 2607 668 2689 scriptis
687 2609 849 2668 sententia:
870 2598 946 2680 θεός
965 2629 1009 2680 τις
1023 2601 1143 2680 ἀπέδεξε
1159 2606 1196 2672 sd
1210 2608 1283 2674 uind-

63 2725 164 2782 ραντον,
186 2699 225 2767 rei
247 2699 339 2786 πέρας
360 2703 409 2765 καὶ
431 2698 661 2786 συγκεχυμένον·
682 2711 756 2768 deur
776 2709 890 2786 aliquis
910 2720 1155 2771 commonstravit
1174 2719 1284 2794 infini-

71 2815 140 2883 tum,
161 2812 298 2888 finitum
318 2818 348 2866 et
367 2816 507 2867 mistum.
538 2805 567 2888 l)
591 2809 655 2868 Non
683 2808 778 2888 potuit
796 2805 866 2864 haec
893 2816 957 2866 non
987 2807 1136 2869 advertere
1156 2813 1285 2877 Platonis

67 2921 195 2982 mentem,
225 2928 271 2966 res
292 2927 390 2966 omnes
414 2907 472 2980 sic,
503 2920 534 2964 ut
563 2905 709 2981 vidimus,
736 2919 950 2979 secernentem,
980 2907 1183 2988 cernendcque
1209 2911 1285 2982 deli-

64 3004 177 3064 nientem
196 3020 225 3065 et
246 3006 404 3086 sepientem
415 3050 423 3078 ,
455 3026 512 3082 quo
530 3003 586 3063 sibi
605 3005 690 3064 unice
710 3002 865 3063 videbatur
892 3003 1040 3062 veritatem
1060 3026 1141 3086 posse
1160 3015 1283 3091 assequi.

63 3101 116 3174 Quo
139 3103 224 3164 facile
247 3101 464 3177 adducebatur,
493 3115 544 3176 ut,
574 3101 652 3181 quod
668 3103 760 3184 ipsius
788 3101 893 3160 inesset
914 3101 1050 3182 ingenio„
1069 3103 1101 3163 id
1128 3106 1160 3168 in
1188 3131 1285 3170 rerum

64 3215 185 3262 naturam
208 3201 397 3261 transferret:
427 3201 523 3283 prouti
554 3221 605 3260 suo
632 3200 717 3261 nobis
742 3201 805 3260 loco
826 3199 945 3279 patebit.
973 3197 1004 3276 2)
1030 3201 1114 3263 Nunc
1133 3207 1285 3268 exordium

61 3315 209 3398 spectpmus
227 3299 356 3381 dialogi,
377 3301 485 3381 quippe
505 3299 690 3360 dialecticum
710 3313 738 3358 et
758 3299 828 3358 artis
846 3298 918 3357 adeo
935 3299 1083 3388 fastigium
1103 3303 1187 3366 nobis
1207 3307 1283 3368 indi·

61 3416 139 3474 cans,
158 3407 372 3459 inventionem.
418 3419 432 3451 a
444 3399 495 3458 Est
513 3398 603 3473 baec,
629 3399 669 3458 ait
687 3397 834 3470 Socrates,
854 3417 988 3478 perversa
1015 3397 1165 3462 hominum
1195 3409 1285 3482 ratio,

65 3509 92 3554 ut
112 3520 203 3558 unum
233 3511 346 3580 ponant
374 3509 402 3556 et
427 3499 545 3570 multa,
576 3518 636 3556 non
663 3516 731 3559 vero
751 3495 950 3575 distinguant,
976 3508 1047 3574 quot
1070 3499 1129 3558 sint
1156 3524 1284 3565 numero.

63 3594 117 3654 Hoc
145 3597 314 3657 dialecticae
335 3609 397 3670 est,
425 3595 503 3655 illud
523 3593 668 3653 cristinae:
698 3593 778 3653 unde
799 3593 926 3676 pueriles
946 3597 1088 3655 exsistunt
1108 3595 1285 3678 litigantium

63 3697 262 3755 contentiones.
303 3695 432 3771 Quodsi,
458 3694 592 3776 germani
618 3694 663 3770 usi
680 3693 834 3754 dialectici
842 3739 850 3768 ,
882 3693 1154 3780 rectedistinguere
1174 3694 1285 3757 didice-

64 3791 160 3869 rimus,
184 3807 246 3853 tum
266 3794 382 3854 demum
402 3807 429 3853 et
448 3795 591 3854 eristicam
614 3794 712 3874 pueris
731 3792 947 3871 relinquemus,
974 3805 1002 3850 et
1029 3792 1086 3873 ipsi
1106 3813 1171 3852 curn
1197 3796 1284 3856 inve-

65 3907 309 3923 *qm—.-

93 3963 116 4029 1)
133 3968 207 4020 Vidd.
236 3969 326 4022 Euleri
347 3971 421 4020 irritis
443 3969 566 4037 olpebroe.
595 3967 626 4020 ll.
649 3967 674 4020 l.
696 3967 799 4020 Nullum
817 3967 893 4020 facile
913 3967 939 4018 in
958 3966 1008 4019 bec
1027 3983 1125 4037 genere
1141 3985 1208 4037 opus
1226 3990 1284 4026 nra-

64 4057 138 4121 jurem
164 4073 191 4115 et
216 4065 407 4134 perspicuitatis
434 4072 460 4116 et
479 4063 652 4132 philosophas
681 4047 828 4136 ἀκριβείας
857 4062 959 4116 laudem
987 4063 1073 4116 hebet.
1118 4065 1284 4121 Memorabile

67 4156 134 4207 etiarn
162 4167 216 4222 est,
248 4158 316 4227 qued
349 4175 441 4210 recens
468 4159 581 4226 prodiit,
607 4159 695 4210 llolrr'
716 4159 853 4224 scripturn:
880 4160 920 4210 die
937 4158 1045 4228 Alqebra
1062 4161 1090 4212 in
1109 4161 1284 4214 leuristirclacr

67 4239 173 4294 Metlode.
190 4245 323 4297 Eirensch.
343 4243 417 4296 1837.

97 4323 121 4388 2)
138 4327 225 4382 Plilel.
243 4329 285 4382 23.
306 4329 335 4384 C.

98 4407 121 4472 3)
139 4413 193 4468 Duo
214 4417 262 4468 bac
275 4417 309 4470 de
325 4432 355 4474 re
371 4425 431 4469 ante
449 4418 498 4472 bos
514 4433 612 4486 paucos
628 4431 711 4470 annos
726 4419 860 4486 praeclara
873 4422 1026 4489 prodierunt
1045 4423 1155 4489 scripta,
1175 4419 1283 4472 alterum
1344 4399 1347 4414 .

72 4491 200 4564 Pladasa,
220 4511 327 4554 auctore
342 4504 478 4569 emmo,
492 4505 599 4561 alterum
610 4505 768 4558 Stalllmria‘
778 4507 806 4558 iu
820 4505 935 4558 Plutonis
951 4508 1076 4558 Philebum
1091 4508 1281 4560 commentario.
