2908 5114
645 353 649 361 .
729 263 789 324 358

138 436 351 518 metaphysicis
376 445 492 506 auctor,
525 455 614 512 quum
634 425 701 508 περὶ
722 425 777 487 τοῦ
797 423 912 503 accurri
932 425 969 486 ad
988 421 1191 484 Alexandrum
1217 419 1367 493 scriberet,

138 535 240 594 femur.
282 532 340 592 Sed
359 533 421 592 sive
439 531 476 590 ab
498 534 560 612 ipso
578 531 649 590 haec
670 530 790 609 scriptio
810 540 853 586 est
868 527 929 588 sive
945 546 962 584 a
978 520 1145 604 posterioris
1155 520 1272 594 acutis,
1292 516 1368 597 quod

138 631 280 690 credibile
300 630 427 705 videtur,
448 628 645 708 metaphysica
664 626 779 708 prodita
790 672 798 702 ,
820 643 998 704 consequens
1019 619 1077 681 viri
1093 617 1293 700 philosophiae
1313 629 1368 690 est,

138 730 279 809 nobisque
305 728 359 788 hoc
388 730 452 788 loco
482 749 542 786 non
570 725 826 807 praetermittenda
855 721 973 792 silentio
991 719 1120 782 videtur.
1163 715 1300 787 Continet
1317 734 1368 770 me·

137 827 353 908 taphysicorum
375 839 525 898 veterum,
544 837 603 884 tam
622 829 772 904 poitarum
782 869 790 897 ,
811 843 896 902 quam
917 816 1158 902 pbilosophorum
1176 814 1213 872 de
1231 814 1292 872 Deo
1312 811 1368 891 pla·

136 926 213 1001 cita,
234 945 308 1004 quae
325 944 503 1003 comparasse
522 943 588 982 cum
608 922 737 982 Platonis
756 921 793 980 de
814 924 883 981 boni
898 920 966 978 idea
985 915 1131 976 sententia
1149 935 1208 972 non
1227 910 1346 992 pigebit.

255 1111 649 1190 Metapqusicorum
681 1119 872 1167 aeterum
899 1108 943 1165 de
965 1102 1045 1162 Deo
1069 1067 1256 1181 philoso-

586 1210 911 1288 phandisatia.

106 1379 108 1386 '
178 1369 225 1428 Sic
245 1371 483 1450 igiturcoutinuo
502 1369 669 1451 scriptionis
685 1369 768 1428 illius
788 1381 896 1427 auctor.
924 1359 1065 1425 «Λοιπδν
1091 1357 1132 1448 δη
1154 1363 1222 1448 περὶ
1244 1364 1298 1447 τῆς
1318 1363 1370 1424 τῶν

137 1460 215 1528 ὅλων
236 1467 401 1548 συνεκτικῆς
423 1464 519 1542 αἰτίας
540 1465 753 1548 κεφαλαιωδῶς
774 1464 876 1526 εἰπεῖν·
899 1464 1070 1547 πλημμελὲς
1090 1461 1163 1548 peip,
1179 1465 1249 1552 περὶ
1263 1460 1369 1546 κόσμου

137 1564 287 1652 λέγοντας,
309 1565 346 1631 cri
358 1568 422 1630 ’τοῦ
443 1563 557 1648 κόσμου
578 1563 761 1652 κυριώτατον
787 1571 974 1649 παραλιπεῖν·
1005 1580 1104 1630 restat
1126 1580 1252 1652 igitur,
1284 1581 1319 1628 ut
1341 1571 1369 1627 de

138 1693 263 1746 caussa,
285 1693 360 1748 quae
381 1679 540 1731 universas
558 1693 608 1730 res
625 1680 778 1746 continet,
800 1679 974 1730 sunemotim
994 1671 1150 1728 dicamus:
1171 1677 1368 1749 incongruum

138 1776 218 1827 enim
239 1777 300 1843 sit,
321 1773 373 1826 ubi
393 1771 428 1827 de
446 1771 556 1830 mundo
575 1778 718 1850 agimus,
738 1771 772 1827 id
791 1770 868 1847 quad
881 1777 915 1826 in
935 1769 1045 1827 munde
1064 1789 1215 1826 summum
1236 1777 1368 1844 estprce·

137 1875 335 1956 tea-mittere.»
360 1867 398 1926 Et
417 1868 542 1947 primum
561 1867 681 1948 quidem
699 1872 848 1948 poitarum
867 1866 904 1924 de
914 1868 975 1925 Deo
992 1868 1073 1926 effata
1093 1879 1240 1925 memorat.
1268 1864 1369 1923 «Vetus

1351 1953 1358 1970 Ι
1439 1959 1440 1970 t

138 1971 240 2044 igitur
268 1986 363 2022 sermo
389 1975 452 2040 est,
481 1987 499 2022 a
528 1968 751 2044 nsajonibusque
783 1966 925 2042 proditus
943 1972 1027 2022 inter
1046 1987 1144 2023 omnes
1164 1967 1317 2039 homines,
1336 1982 1370 2032 (ος

139 2057 172 2122 ἔκ
194 2059 273 2122 θεοῦ
293 2055 331 2122 τοὶ
351 2055 449 2124 πάντα
469 2061 518 2124 καὶ
540 2057 590 2124 διεδ
613 2065 690 2126 θεοῦ
710 2057 786 2144 ἡμῖν
808 2057 994 2142 συνέστηκεν,
1015 2085 1029 2120 ε
1053 2062 1113 2122 Deo
1137 2085 1199 2122 esse
1225 2071 1325 2122 omnia
1341 2085 1369 2119 οο

138 2185 195 2240 per
222 2164 325 2222 Deum
354 2173 522 2224 constituta
552 2169 654 2225 nobis:
686 2169 862 2243 nullamque
891 2175 1038 2223 naturam
1065 2171 1164 2240 ipsam
1190 2183 1248 2239 per
1274 2183 1303 2221 se
1322 2163 1370 2219 sibi

139 2263 339 2342 sufficientem
357 2285 427 2337 esse,
448 2284 524 2340 quae
543 2273 625 2321 citra
645 2259 708 2322 Dei
722 2265 915 2342 praesidium
934 2269 1083 2340 suaeipsa
1098 2261 1214 2317 tutelae
1228 2267 1371 2336 prmissa

140 2368 191 2418 sit.
236 2359 384 2438 Quocirca
404 2370 540 2419 veterum
560 2365 702 2420 nonnulli
723 2385 754 2420 eo
766 2368 905 2440 prouecti
925 2371 1015 2434 sunt,
1047 2369 1082 2416 ut
1109 2359 1180 2415 lraec
1200 2367 1301 2417 omnia
1319 2359 1370 2415 dic·

141 2466 274 2515 titur-ent
292 2457 428 2516 Deorum
442 2460 537 2534 plena
557 2482 653 2519 esse.»
699 2459 814 2519 Deinde
839 2456 934 2517 sedem
956 2457 1095 2518 describit
1113 2456 1177 2514 Dei.
1205 2457 1371 2514 «summm

139 2562 242 2635 igitur
261 2564 291 2612 et
305 2563 443 2633 primam
463 2557 559 2614 sedem
568 2545 676 2616 niundi
693 2565 831 2632 sortitus,
851 2549 965 2629 δπατος
986 2558 1063 2614 ltine
1094 2557 1125 2613 ob
1154 2575 1298 2614 caussam
1324 2576 1371 2632 op·

135 2653 273 2728 pellatur
291 2661 336 2710 est
345 2697 355 2727 ,
376 2663 484 2730 atque',
507 2663 543 2711 ut
561 2661 608 2712 ait
624 2655 795 2730 Homerus,
816 2662 853 2713 in
874 2677 987 2714 suntme
1005 2654 1137 2711 culmine
1157 2658 1300 2710 universi
1311 2643 1371 2710 cael‘

141 2772 230 2809 suum
250 2751 338 2810 dalet
355 2757 418 2827 ipse
441 2753 628 2810 domicilium
659 2761 753 2814 situm
774 2763 804 2810 et
831 2755 1016 2811 collocatum.
1059 2750 1193 2808 Maxime
1224 2771 1294 2809 vera
1321 2756 1371 2805 ein

141 2854 208 2924 ηἀε
226 2855 339 2920 sentit,
360 2855 541 2925 ananiaeque
564 2857 631 2924 ejus
649 2858 683 2906 in
698 2857 813 2927 primis
823 2853 961 2925 fruitur
980 2852 1013 2908 id
1032 2869 1139 2926 carpus
1154 2849 1232 2925 quod
1243 2854 1371 2926 prosince
1440 2855 1441 2914 j

141 2949 209 3004 eum
225 2953 320 3004 situm
338 2955 402 3021 est,
423 2956 488 3004 tum
509 2949 585 3026 quod
603 2949 766 3013 secundum
787 2952 822 3007 ab
840 2951 891 3009 Ιιοο
911 2950 1007 3007 locum
1022 2948 1119 3021 lrabet,
1141 2956 1176 3004 ut
1190 2945 1371 3026 unumquod-

140 3066 196 3122 que
211 3045 379 3121 βεαυτψ,
403 3053 512 3122 prouti
542 3052 658 3104 uiuum
687 3049 758 3104 ordo
776 3049 816 3105 ad
843 3057 981 3106 nostrum
1011 3067 1104 3123 usqua
1134 3046 1232 3102 locum
1263 3047 1371 3102 maturi

140 3151 341 3221 constitutum
362 3151 432 3201 est.»
458 3143 537 3200 Hinc
558 3144 664 3222 regiam
686 3144 813 3204 celebrat
832 3146 887 3205 Dei
907 3147 1102 3224 majestatem,
1133 3141 1260 3200 ducti'a
1281 3145 1371 3201 Persa-

141 3261 205 3297 rum
225 3260 290 3318 rege
310 3239 533 3319 comparatione.
558 3239 672 3320 Quibus
692 3242 828 3320 subjicit:
854 3235 1023 3322 «νομιστέον
1045 3235 1086 3321 δη
1107 3233 1163 3320 τήν
1180 3239 1236 3300 τοῦ
1252 3231 1372 3319 μεγάλου

139 3329 285 3414 βασιλέως
305 3327 471 3416 ὑπεροχήν,
488 3330 563 3416 apic
584 3331 641 3420 την
661 3337 717 3399 τοῦ
737 3335 791 3400 τδν
811 3335 924 3422 κόσμον
945 3339 1103 3424 ἐπέχοντος
1124 3341 1219 3417 θεοῦ,
1240 3341 1372 3402 τοσοῦτον

138 3433 383 3514 καταδεεστέραν,
414 3429 486 3501 ὅσον
507 3439 563 3521 τῆς
585 3437 714 3516 ἐκείνου,
737 3437 792 3522 την
812 3447 868 3506 τοῦ
890 3440 1078 3527 φαυλοτάτου
1103 3466 1134 3506 τε
1155 3442 1204 3504 καὶ
1236 3438 1372 3506 α’σθενεσ-

137 3534 229 3602 τάτου
252 3534 346 3614 Coloe·
368 3549 457 3620 utqui
487 3552 622 3602 statuere
641 3567 693 3602 nos
712 3555 836 3623 oportet,
858 3557 1059 3631 magniregis
1069 3550 1256 3627 fastigium,
1278 3553 1372 3607 sicano

140 3646 318 3704 excellentia
336 3650 529 3719 comparetur
547 3641 628 3717 Dei,
650 3650 703 3720 qui
722 3647 870 3704 mundum
888 3657 988 3722 tenet,
1019 3656 1105 3706 tanto
1135 3668 1195 3704 esse
1224 3649 1372 3722 inser-ius,

139 3754 252 3821 quanto
270 3745 322 3800 lice
342 3749 406 3819 ipso
424 3741 559 3818 inferior
578 3749 622 3798 est
640 3743 784 3800 vilissimi
804 3751 951 3824 cujusque
973 3757 1068 3834 atque⁸
1087 3746 1298 3820 infirmissimi
1314 3747 1371 3802 aui·

139 3848 254 3898 mantis
272 3841 429 3898 conditio.»
454 3834 512 3895 Sed
532 3835 595 3894 loca
615 3838 797 3898 attendamus
813 3843 955 3917 maxime,
987 3842 1093 3923 quibus
1116 3844 1211 3903 Deum
1231 3855 1264 3900 ut
1291 3860 1371 3900 eaus-

137 3958 202 3994 sam
221 3955 317 3992 rerum
337 3937 466 3994 omnium
487 3934 657 3993 effectricem
677 3935 786 3997 laudat.
814 3937 984 3999 Admiratus
1004 3941 1036 4000 iu
1056 3961 1089 4000 eo
1108 3938 1281 3999 facilitatem
1300 3955 1372 4019 prae·

139 4034 255 4094 sertim:
282 4027 385 4092 «οὐδὲν
405 4028 462 4113 peip
486 4025 701 4112 ἐπιτεχνήσεως
723 4029 805 4120 αὐτῷ
826 4037 941 4098 δεῖκαὶ
967 4031 1129 4120 ὑπηρεσίας
1149 4039 1204 4119 τῆς
1225 4031 1296 4118 παρ’
1315 4027 1372 4094 ἓτὲ-

137 4154 216 4213 posu,
239 4125 314 4192 ilii
333 4132 421 4194 τοῦτο
448 4125 488 4214 ἦν
508 4128 544 4194 τδ
566 4126 740 4212 θειότατον,
763 4131 801 4197 τδ
822 4131 900 4216 μετοὶ
921 4132 1076 4223 ῥᾳστώνης
1101 4136 1150 4199 uei
1176 4131 1273 4220 οἱπλῆς
1297 4128 1372 4216 κινη-

139 4255 214 4307 σεως
234 4227 425 4308 παντοδαπδς
446 4229 595 4296 ἀποτελεῖν
616 4229 712 4309 ἰδέας·
734 4261 792 4300 non
809 4243 861 4299 illi
879 4264 951 4319 opus
971 4252 1016 4301 esi
1030 4243 1200 4318 artificiosi
1217 4242 1370 4309 nwlitione,

139 4347 195 4399 aut
212 4339 310 4397 ulierio
337 4346 527 4396 ministerio:
561 4339 642 4396 illud
668 4349 771 4398 antem
798 4349 929 4399 marimo
958 4342 1120 4400 divinitati
1147 4349 1369 4398 consentaneum
1440 4323 1441 4334 ἵ

138 4444 199 4509 est,
232 4447 267 4494 ut
287 4439 413 4510 formos
435 4456 545 4520 ⁴rerum
574 4443 706 4495 omnium
734 4444 817 4496 citra
835 4439 1051 4518 difficultatem
1079 4439 1268 4516 simplicique
1294 4443 1368 4494 metu
1440 4445 1441 4462 ¹
