2832 5120
727 244 787 304 210

145 424 191 468 tur
219 408 318 468 eadem
349 420 376 464 et
403 406 517 485 saepius
546 406 814 478 commemoranda,
838 417 869 462 ut
896 419 924 462 et
944 405 1143 484 intelligamus
1162 407 1313 466 Ciceronem
1326 422 1347 465 et

144 529 209 565 cum
239 505 388 566 doctrinae
417 504 514 562 fructu
543 501 687 583 legamus,
709 518 737 562 et
753 503 938 584 proficiamus
956 505 1025 562 item
1044 502 1081 562 ab
1101 502 1202 562 eodem
1220 505 1255 564 acl
1273 506 1347 564 inter-

144 597 317 686 pretandum
355 601 513 661 Platonem.
563 603 635 660 Nam
664 623 724 660 non
758 615 799 660 est
826 601 993 682 philosophi
1022 602 1166 682 interpres
1195 601 1348 682 probabilis,

144 704 202 761 nisi
231 703 278 760 cui
304 701 342 760 sit
371 721 435 760 cum
461 721 494 759 eo
523 700 744 780 ingenii.quasi
774 701 906 779 cognatio
926 699 1086 778 quaedam,
1110 714 1142 759 ut
1162 691 1222 781 ipse
1241 702 1349 761 similiter
1401 707 1402 712 ’

144 801 246 860 natura
276 812 304 858 et
331 801 436 858 sentiat
463 814 491 857 et
511 799 626 876 judicet
655 812 683 858 et
706 800 747 857 sic
770 801 832 876 ejus
850 812 975 857 mentem
996 812 1140 876 totamque
1162 799 1348 880 philosophiam
1401 797 1402 802 '

143 899 306 983 perspiciat.
348 897 406 956 Sed
432 899 493 956 siue
523 898 587 977 quis
612 898 644 956 in
675 898 824 978 palmariis
845 897 905 956 illis
925 898 1072 957 Ciceronis
1094 899 1209 978 scriptis
1224 900 1350 978 agnovmt

143 998 271 1057 Platonis
290 996 426 1075 genium,
447 996 508 1056 sive
527 1017 558 1054 ea
577 1016 643 1054 cum
662 996 783 1054 caeteris
803 997 865 1073 ejus
881 995 996 1075 scriptis
1017 995 1203 1072 confuderit,
1224 998 1256 1056 id
1274 1018 1351 1056 omnes

144 1099 288 1156 fateantur
318 1113 431 1152 necesse
460 1109 519 1168 est,
541 1094 653 1154 nnllam
684 1095 833 1153 Ciceronis
851 1095 1023 1154 sententiam
1042 1109 1069 1152 et
1086 1095 1174 1174 magis
1191 1096 1350 1156 fuisseonni
1401 1127 1402 1130 ¹

143 1216 215 1254 aevo
243 1193 415 1253 celebratam
440 1206 467 1251 et
495 1191 623 1252 indolem
653 1193 778 1251 auctoris
807 1191 1008 1272 philosopham
1027 1191 1173 1252 declarare
1189 1192 1351 1266 evidentius,

143 1313 228 1372 qnam
257 1312 329 1370 quae
355 1306 397 1351 est
425 1292 457 1349 in
485 1291 584 1350 eadem
612 1290 665 1349 illa
683 1312 735 1371 pro
755 1290 861 1350 Archia
882 1291 1028 1364 oratione,
1049 1290 1082 1348 in
1099 1292 1162 1370 ipso
1178 1290 1350 1364 exordio,ab

143 1404 253 1450 oratore
270 1391 481 1470 pronunciata:
498 1389 612 1454 ,habere
633 1409 731 1446 omnes
758 1399 861 1461 artes,
883 1410 958 1466 qaae
979 1389 1018 1446 ad
1038 1391 1261 1447 humanitatem
1274 1396 1350 1466 perti·

116 1553 118 1558 ,
143 1500 232 1563 nent,
262 1490 408 1566 quoddam
436 1509 588 1547 canamuae
618 1489 773 1546 vinculum
791 1498 820 1546 et
839 1496 929 1566 qaaae'
946 1495 1121 1568 cognatione
1140 1490 1269 1566 qaedam
1287 1496 1353 1546 inter

143 1612 172 1648 sa
199 1595 359 1646 continere.
400 1587 438 1646 Et
468 1587 509 1645 sic
536 1585 654 1664 quidem
678 1588 739 1667 jam
770 1605 803 1646 eo
831 1587 964 1646 venimus
989 1600 1107 1666 sponte,
1128 1607 1184 1665 quo
1210 1586 1291 1645 modo
1313 1605 1353 1643 nos

143 1687 262 1746 memini
290 1685 477 1744 festinantius
503 1684 668 1764 procedere.
710 1685 762 1743 Est
787 1695 881 1742 autem
904 1684 975 1744 haec
995 1686 1137 1744 sententia
1158 1685 1181 1744 si
1202 1706 1261 1744 non
1280 1704 1353 1742 enun-

143 1786 217 1844 ciata
244 1805 260 1842 a
282 1782 420 1856 Platone,
442 1796 474 1841 ut
501 1783 672 1842 enunciavit
700 1803 761 1840 eam
780 1782 827 1842 his
850 1782 945 1842 uerbis
965 1783 1083 1856 Cicero,
1104 1783 1144 1840 sic
1168 1797 1265 1842 tamen
1283 1781 1354 1841 ducta
1400 1767 1402 1840 ᾞ

143 1904 179 1940 ex
206 1885 267 1960 ejus
295 1880 498 1962 philosophia,
520 1895 552 1938 nt
572 1879 659 1961 plane
680 1879 815 1940 habenda
833 1880 983 1942 Platonica
1005 1880 1148 1942 videatur.
1174 1879 1202 1961 l)
1243 1881 1354 1951 Verum,

142 2002 199 2060 quo
225 1980 313 2058 magis
341 1978 468 2056 ejusdem
487 1978 588 2059 placiti
608 1979 640 2037 in
659 1978 845 2059 philosophia
865 1993 960 2059 pateat
978 1979 1149 2052 auctoritas,
1169 1999 1280 2058 quoque
1298 1998 1355 2048 nos,

142 2078 221 2157 quod
239 2077 430 2160 suscepimus,
453 2090 484 2135 nt
501 2076 643 2136 doctrinis
663 2074 701 2134 ad
720 2076 867 2136 civitatem
883 2075 1038 2156 regendam
1058 2077 1274 2136 informaremus
1287 2077 1355 2153 jure·

143 2199 211 2250 nes,
231 2175 413 2256 perficiamus
436 2175 571 2248 facilius,
592 2174 692 2254 paullo
717 2178 803 2252 juvat
823 2175 941 2235 uberius
962 2175 999 2236 de
1018 2177 1185 2256 gravissimo
1206 2188 1355 2256 argumento

134 2276 298 2362 inquirere.

216 2467 272 2528 De
302 2477 507 2528 communi
538 2479 702 2530 ortium
732 2481 771 2528 et
799 2472 1101 2529 doctrinarum
1128 2471 1299 2528 vincula
1400 2389 1403 2538 1

1401 2556 1402 2576 1

520 2577 557 2625 et
587 2573 709 2645 q'aaael
737 2577 1002 2648 cognatione.

184 2769 266 2824 Artes
293 2777 321 2822 et
346 2745 495 2823 doctrinae
522 2786 578 2843 quo
609 2764 780 2843 diligentius
803 2765 897 2824 cultae
922 2778 1008 2837 sunt,
1030 2785 1063 2824 eo
1092 2764 1190 2844 plures
1210 2759 1356 2824 identidem

102 2894 107 2906 ι
144 2863 336 2944 sustiterunt,
358 2863 466 2942 quippe
494 2860 568 2920 aliae
594 2881 629 2920 ex
652 2863 718 2920 aliis
737 2875 837 2936 natae,
859 2884 947 2940 eoque
967 2876 1035 2922 sunt
1054 2864 1176 2942 magisa
1198 2882 1226 2920 se
1245 2859 1357 2918 invicem
1400 2911 1401 2928 ,

145 2961 299 3021 distinctae
318 2974 537 3041 separataeque,
560 2975 592 3018 ut
607 2958 745 3032 taudem,
766 2982 838 3039 quae
859 2973 931 3018 esset
951 2982 1047 3018 earum
1067 2976 1166 3020 mutua
1185 2957 1356 3037 conjunctio,

144 3062 245 3121 lateret
270 3058 373 3141 plane,
395 3073 580 3138 quaereretur
605 3060 676 3118 adeo
687 3105 696 3132 ,
718 3081 787 3118 num
807 3043 907 3132 esset,
929 3079 985 3136 qno
1005 3039 1244 3131 continerentur,
1264 3058 1357 3117 uincu-

144 3161 213 3219 lum.
256 3159 446 3233 Quamobrem
472 3158 522 3216 ubi
551 3159 703 3238 scriptores
728 3157 867 3235 legimus,
888 3158 938 3234 qui
958 3177 1003 3214 eas
1024 3156 1148 3216 subinde
1168 3175 1357 3217 commemora-

145 3272 232 3332 runt,
264 3257 310 3318 vel
345 3257 475 3316 homines
507 3256 592 3316 etiam
609 3255 659 3314 »de
686 3257 722 3314 iis
751 3255 901 3334 loquentes
930 3255 1079 3329 audimus,
1111 3270 1247 3335 apparere
1273 3270 1357 3312 eorum

143 3357 288 3438 plerisque
314 3356 453 3415 uidentur
473 3368 504 3412 ut
523 3356 587 3414 viae
606 3353 764 3432 quaedam,
786 3373 906 3432 quarum
924 3352 997 3412 aliae
1016 3355 1075 3412 sint
1095 3352 1132 3410 ali
1152 3353 1219 3412 aliis
1240 3352 1355 3410 remotio·
1399 3335 1400 3342 ¹

144 3477 207 3530 res,
238 3455 386 3536 propiores
417 3453 510 3525 aliae,
531 3451 693 3510 nonnullae
714 3452 884 3529 contiguae,
907 3449 957 3510 sed
977 3471 1074 3510 omnes
1094 3451 1242 3524 diversae,
1262 3451 1356 3529 quippe

144 3576 227 3626 esuo
246 3553 376 3632 singulae
395 3552 535 3630 longeque
553 3550 669 3610 diverso
686 3549 832 3630 principio
853 3549 964 3610 ductae.
1008 3550 1044 3610 Et
1064 3570 1146 3622 sane,
1165 3551 1189 3610 si
1209 3564 1236 3607 et
1255 3549 1356 3608 instita·

143 3655 251 3712 tionem
282 3654 426 3729 juvenum
458 3663 486 3708 et
522 3649 673 3706 hominnm
701 3648 790 3708 vitam
820 3648 1054 3720 consideramus,
1085 3668 1164 3706 snam
1191 3649 1308 3726 quisque
1331 3645 1356 3702 iu

143 3751 284 3812 doctrinis
302 3748 461 3808 tractandis
481 3748 558 3805 viam
576 3747 633 3806 init
651 3760 678 3804 et
696 3741 891 3826 peraequitur:
915 3746 1071 3804 videantur
1089 3744 1161 3806 adeo
1175 3745 1357 3806 doctrinarum

142 3849 263 3910 studiosi
291 3849 324 3906 in
351 3867 430 3906 suam
459 3846 579 3925 quisque
607 3845 687 3921 quasi
708 3842 857 3904 tabernam
876 3843 1016 3917 tendere,
1038 3843 1089 3902 uhi
1108 3857 1136 3902 et
1156 3845 1245 3902 vitam
1263 3840 1356 3902 transi-

1014 4009 1028 4040 Ι

176 4115 202 4183 1)
220 4118 391 4171 Praeiverunt
417 4115 538 4168 Ciceroni
561 4115 673 4168 fortasse
692 4101 784 4167 Graeci
802 4122 863 4181 post
881 4113 1015 4166 Platonem
1034 4113 1204 4180 philosophi3
1224 4111 1271 4164 sed
1287 4111 1354 4161 latent

143 4223 191 4257 uos
210 4206 295 4258 fontes
315 4204 368 4266 illi,
388 4220 433 4254 seu
452 4202 529 4253 rivuli
547 4203 649 4268 potius,
670 4202 824 4268 propiores:
844 4193 917 4268 quos¹
928 4202 1023 4256 utinam
1042 4199 1134 4266 aliquis
1152 4199 1353 4250 nobismoostrt-

142 4301 196 4354 ret,
221 4300 249 4342 ut
277 4291 430 4341 monstravit
456 4287 667 4352 Wyttenbaclu'ns
698 4288 731 4338 de
762 4286 843 4340 nobili
868 4285 1002 4337 Ciceronis
1027 4286 1155 4336 sententia
1181 4299 1278 4353 agens:
1302 4280 1353 4329 aaa

140 4379 223 4428 sudio
245 4377 432 4427 adolescentiam
449 4373 526 4424 alunt.
544 4401 578 4409 -
600 4373 657 4423 vid.
677 4372 803 4424 Netscher
820 4374 881 4440 disp.
900 4374 930 4422 de
947 4371 999 4422 Cic.
1018 4381 1080 4421 erret.
1098 4387 1145 4438 pre
1162 4369 1265 4422 Archia
1282 4359 1350 4430 hugl-
1397 4361 1398 4365 ¹

141 4463 197 4513 bat.
217 4461 284 4513 1808
301 4470 327 4511 et
344 4461 422 4524 wyu.
442 4459 542 4510 Philam.
561 4461 581 4506 1.
602 4457 657 4508 199.
715 4529 720 4542 ἡ
