2886 5118
648 257 708 318 ¹th

69 415 171 476 Verum
199 436 251 498 pro
267 414 487 480 murenulis
508 429 595 500 atque
607 418 651 482 ab
668 420 735 500 'ipsa
765 415 867 482 natura
889 420 1032 484 involutio
1059 421 1118 480 ulia
1138 423 1296 502 quaerebat

51 514 208 590 'Socratem
226 536 299 594 quae
319 536 380 576 non
397 529 570 580 curaverant
589 517 658 578 illi:
680 517 836 598 quaerebat
846 518 882 579 de
901 519 1061 582 virtutibus
1074 532 1103 580 et
1115 521 1195 582 vitiis
1207 565 1215 597 ,
1225 522 1298 602 quid

68 613 170 674 bonum
180 625 252 674 esset
259 659 268 688 ,
279 612 351 693 quid
361 616 487 690 malum,
499 613 691 694 quidjustum
700 660 710 691 ,
720 615 793 698 quid
802 617 953 696 injustum,
962 617 1036 696 quid
1046 618 1143 698 pium,
1152 620 1227 699 quid
1246 621 1297 684 im·

68 713 151 793 pium.
170 712 285 788 Quibus
294 713 511 792 quaestionibus
522 713 579 772 alia
589 715 658 776 item
667 760 676 790 ‚
686 714 829 795 longeque
839 715 1012 796 pulcerrima
1022 737 1054 776 ac
1066 717 1191 779 maxima
1202 717 1299 782 studia

67 811 96 869 in
110 809 258 874 hominum
277 811 382 872 animis
401 811 564 890 excitabat,
585 825 616 872 ut
638 813 757 874 virtutis
779 833 873 874 amore
892 814 1122 894 optimorumque
1141 837 1237 876 rerum
1249 837 1299 876 ar·
1378 886 1381 890 ¹

66 907 130 968 dore
159 909 377 970 incalesce-rent.
419 911 512 985 Quam
541 910 702 971 Socraticae
732 911 936 993 philosophiae
967 913 1108 974 rationem
1137 928 1165 976 et
1184 929 1299 977 secutus

67 1005 269 1066 Socraticorum
297 1009 434 1090 princeps
458 1008 540 1068 Plato
560 1022 657 1070 estet
675 995 808 1090 perfecit.
850 1011 915 1085 Quo
945 1012 1041 1092 patuit
1069 1013 1213 1088 maxime,
1238 1034 1299 1074 noa

67 1104 200 1165 humilem
210 1104 363 1190 quandam
380 1106 469 1166 fuisse
476 1153 485 1182 ,
504 1128 590 1187 quam
611 1106 739 1168 Socrates
758 1107 1031 1186 commendaverat,
1053 1109 1221 1191 philosophi
1242 1132 1300 1172 mo·

67 1201 180 1262 destiarn
191 1248 200 1278 ,
229 1217 261 1264 ut
280 1205 508 1267 retineremura
533 1205 620 1266 rebus
639 1205 811 1288 expetendis
830 1205 996 1286 majoribus.
1040 1211 1112 1270 Nam
1135 1229 1201 1268 cum
1219 1209 1300 1270 Plato

67 1303 231 1382 perfectioni
249 1317 362 1365 nostrae
381 1304 484 1364 morali
502 1305 615 1386 ip's'ique
634 1305 774 1366 scientiae
803 1305 902 1366 nullos
920 1307 1059 1368 terminos
1076 1321 1216 1388 poneret,
1235 1329 1299 1390 pro·

67 1403 233 1479 pressionem
251 1400 363 1465 homini
384 1401 422 1462 ad
451 1423 561 1464 summa
588 1404 684 1464 omnia
707 1403 855 1464 infinitam
877 1403 1035 1466 tribuebat.
1077 1405 1190 1481 Quodsi
1208 1408 1300 1466 scien·

67 1499 103 1558 tia
139 1500 305 1580 quaeritur,
341 1499 500 1578 adjiciebat
539 1501 618 1565 idem
649 1501 826 1564 sublimibus
858 1502 939 1565 hisce
975 1504 1113 1584 placitis,
1154 1517 1186 1563 ut
1214 1504 1301 1565 modo

67 1599 240 1673 monuimus,
261 1597 461 1692 dialecticam,
481 1621 558 1680 qua,
573 1613 711 1680 tanquam
733 1600 928 1660 instrumento
957 1602 1178 1684 philosophiae,
1200 1616 1300 1685 aptum

67 1694 192 1760 redderet
210 1696 375 1773 bominem,
396 1712 427 1759 ut
445 1699 479 1761 in
507 1700 676 1780 semetipso
706 1698 923 1778 cognoscendo,
942 1700 975 1758 in
995 1721 1091 1760 rerum
1112 1703 1300 1762 universitate

66 1793 255 1874 exploranda,
276 1797 309 1856 in
328 1796 509 1879 exploranda
536 1796 608 1859 adeo
618 1797 722 1859 divina
741 1811 845 1857 natura
862 1799 895 1856 in
917 1798 1067 1858 infinitum
1077 1799 1247 1880 procederet
1260 1795 1299 1878 1).

67 1893 184 1953 Tantum
203 1895 294 1974 igitur
310 1894 400 1971 abest,
419 1908 451 1954 ut
477 1909 589 1956 avertat
607 1917 659 1956 nos
676 1917 693 1954 a
722 1917 817 1956 rerum
844 1897 1093 1976 exquirendorum
1111 1897 1209 1959 studio
1229 1897 1301 1980 phi-

67 1990 187 2074 losophia
206 1994 355 2069 Platonis,
377 2007 409 2056 ut
428 1993 568 2054 modestia
587 1993 667 2076 apud
686 2015 751 2053 eum
779 1995 910 2076 germani
938 1994 1106 2077 philosophi
1128 2015 1194 2054 eum
1214 2016 1299 2055 sensu

67 2089 204 2154 facultatis
231 2091 382 2172 cujusdam
401 2092 556 2154 immensae
582 2093 828 2172 maximarumque
851 2114 948 2154 rernm
968 2094 1065 2155 studio
1084 2095 1240 2172 conjuncta
1251 2094 1297 2154 sit.

67 2187 216 2252 Modestiae
236 2190 348 2252 scilicet
371 2189 445 2250 fines
472 2192 594 2272 migrare
615 2212 676 2252 non
704 2212 769 2250 eum
789 2205 904 2268 censet,
925 2193 976 2272 qui
997 2193 1105 2272 majora
1128 2212 1298 2273 cognoscere

66 2307 94 2347 ac
110 2287 278 2350 difficiliora
298 2291 400 2371 cupit,
417 2289 470 2353 sed
498 2290 585 2349 illum
605 2289 733 2364 scilicet,
753 2290 823 2368 qui,
842 2290 922 2370 quod
939 2291 1047 2367 nescit,
1078 2291 1151 2350 scire
1175 2289 1232 2350 sihi
1254 2292 1296 2351 vi·

67 2383 162 2464 detur²
181 2388 233 2452 vel
261 2409 351 2469 prope
369 2409 398 2450 se
419 2388 571 2450 accessisse
592 2385 631 2446 ad
649 2387 701 2448 illa
720 2401 821 2470 putat,
840 2410 856 2448 a
874 2389 981 2470 quibus
995 2391 1162 2448 etiamnunc
1182 2389 1296 2470 ingenti
1381 2436 1385 2448 .

67 2483 214 2550 intervallo
232 2486 322 2548 abest.
365 2486 451 2564 Quod
468 2486 706 2546 animadvertisse
726 2508 786 2546 non
802 2487 915 2568 pigebit
932 2487 971 2548 ad
991 2487 1124 2552 divinam
1149 2486 1295 2566 quandam

67 2580 184 2647 Platonis
203 2585 378 2646 sententiam
397 2584 621 2666 intelligendam
640 2599 726 2646 recte.

141 2767 200 2828 De
231 2775 454 2830 sententio
481 2768 713 2843 Plutonis,
743 2768 1018 2849 Protagorae
1041 2771 1212 2848 placito

207 2862 683 2948 opposito,‘Deumaaae
706 2869 1150 2927 hominihueomnium

462 2988 604 3026 rerum
633 2987 874 3026 mensurum.
1010 2971 1013 2978 '

100 3147 176 3208 Infra
193 3149 322 3210 hominis
342 3149 513 3230 dignitatem
532 3152 701 3232 Protagorae
720 3151 861 3232 placitum
872 3163 927 3225 est,
949 3157 1082 3209 omnium
1100 3172 1206 3210 rorum
1216 3171 1294 3240 naen·

67 3266 161 3306 aarum
176 3251 324 3306 hominem
340 3271 409 3308 ease.
451 3249 523 3307 Nam
543 3248 621 3308 idern
651 3248 731 3325 diei,
751 3263 782 3308 ut
808 3248 888 3331 apud
905 3248 1054 3308 Platonem
1073 3245 1203 3309 Socrates
1235 3249 1298 3322 ait,

67 3341 97 3402 de
114 3366 197 3425 porco
218 3361 312 3428 posset
330 3347 379 3408 vel
391 3334 427 3406 de
443 3346 643 3428 cynocephalo
661 3347 710 3408 vel
734 3347 847 3427 siquid
866 3347 950 3407 aliud
970 3346 1111 3426 abjectius
1130 3345 1295 3406 absurdius·

67 3460 96 3500 ve
122 3464 217 3504 eorum
246 3459 301 3520 est,
319 3465 393 3525 quae
412 3446 544 3506 sentiunt
564 3443 606 3526 2).
648 3446 728 3521 Quae
752 3460 846 3505 autem
866 3445 902 3504 ab
923 3447 1077 3505 Aristotele
1098 3460 1125 3505 et
1145 3445 1293 3526 metaphy-

66 3538 125 3600 sicis
140 3541 285 3602 celebrata
301 3542 444 3630 sapientia
461 3557 517 3619 est,
536 3557 653 3626 superat
670 3543 724 3603 illa
744 3565 842 3602 rursus
857 3544 1025 3603 facultatem
1035 3544 1180 3618 hominis,
1198 3543 1294 3603 extol-

67 3633 122 3698 lens
137 3642 243 3724 quippe
263 3662 328 3702 eum
350 3663 435 3724 supra
465 3642 557 3724 ipsam
587 3656 721 3702 naturam
737 3642 887 3717 divinam,
917 3657 948 3702 ut
967 3641 1062 3718 hane,
1081 3655 1219 3720 tanquam
1239 3661 1293 3699 ex-

11 3811 13 3816 ·
66 3733 194 3814 ploratum
210 3741 295 3814 satis,
322 3739 446 3800 definiat
457 3786 466 3817 ,
493 3739 640 3822 indeque,
662 3755 695 3800 ut
713 3762 728 3801 e
747 3762 845 3800 caussa
871 3741 1001 3800 omnium
1027 3739 1179 3822 principe,
1197 3739 1294 3798 omnia

66 3835 190 3915 explicet.
232 3839 326 3914 Quam
346 3838 442 3898 aliena
462 3821 499 3898 ab
529 3855 649 3921 utraque
667 3840 722 3899 hac
749 3837 977 3921 philosophandi
1010 3838 1121 3897 ratione
1143 3837 1293 3898 Platonica

70 4005 314 4023 'Qu——

94 4109 118 4176 1)
135 4114 234 4168 lubens
259 4118 301 4170 hle
329 4134 435 4186 appono
458 4120 618 4187 praeclarum
641 4117 827 4170 Hemsterhusii
858 4117 1028 4181 sententium,
1051 4117 1084 4168 ud
1109 4116 1289 4185 explicandum

65 4193 188 4252 Platonem
205 4203 282 4254 unice
299 4202 438 4258 efficacem.
473 4205 498 4256 1t
514 4214 550 4256 est
567 4205 648 4268 ctae,
665 4221 712 4272 qao
729 4203 803 4254 l’ome
820 4205 916 4266 dedra,
936 4219 987 4271 por
1004 4220 1034 4254 so
1050 4213 1155 4266 nomae,
1172 4220 1221 4253 une
1239 4217 1288 4270 ap-

64 4285 220 4347 P'tm'matico
243 4291 398 4343 emuiouelle.
433 4291 510 4344 C’est
534 4289 726 4361 l'hpperbole
751 4305 829 4340 avec
859 4305 916 4340 sou
942 4298 1123 4357 osymptote.
1150 4314 1184 4324 -
1213 4287 1289 4339 Oeae.

64 4366 117 4434 phil.
134 4370 188 4424 vnt
207 4373 225 4424 l.
245 4392 271 4443 p.
289 4374 331 4427 84.

94 4451 118 4518 P)
139 4456 231 4512 Pheret.
249 4458 308 4512 tto.
328 4460 358 4513 0.

1052 4541 1108 4600 28*
