<?xml version="1.0" encoding="UTF-8"?>
<!DOCTYPE html PUBLIC "-//W3C//DTD XHTML 1.0 Transitional//EN"
    "http://www.w3.org/TR/xhtml1/DTD/xhtml1-transitional.dtd">
<html xmlns="http://www.w3.org/1999/xhtml" xml:lang="en" lang="en">
 <head>
  <title>
</title>
<meta http-equiv="Content-Type" content="text/html;charset=utf-8" />
  <meta name='ocr-system' content='tesseract 3.04.00' />
  <meta name='ocr-capabilities' content='ocr_page ocr_carea ocr_par ocr_line ocrx_word'/>
</head>
<body>
  <div class='ocr_page' id='page_1' title='image "./initiaphilosoph02heusgoog_0275.png"; bbox 0 0 2838 5120; ppageno 0'>
   <div class='ocr_carea' id='block_1_1' title="bbox 719 249 780 310">
    <p class='ocr_par' dir='ltr' id='par_1_1' title="bbox 719 249 780 310">
     <span class='ocr_line' id='line_1_1' title="bbox 719 249 780 310; baseline 0 0"><span class='ocrx_word' id='word_1_1' title='bbox 719 249 780 310; x_wconf 77' lang='lat' dir='ltr'><strong>tot</strong></span> 
     </span>
    </p>
   </div>
   <div class='ocr_carea' id='block_1_2' title="bbox 62 401 1413 2474">
    <p class='ocr_par' dir='ltr' id='par_1_2' title="bbox 62 401 1413 2474">
     <span class='ocr_line' id='line_1_2' title="bbox 135 401 1345 492; baseline -0.005 -18"><span class='ocrx_word' id='word_1_2' title='bbox 135 427 197 486; x_wconf 88' lang='lat' dir='ltr'><strong>est,</strong></span> <span class='ocrx_word' id='word_1_3' title='bbox 216 401 278 470; x_wconf 80' lang='lat' dir='ltr'><strong>nisi</strong></span> <span class='ocrx_word' id='word_1_4' title='bbox 296 409 361 492; x_wconf 92' lang='lat' dir='ltr'><strong>quis</strong></span> <span class='ocrx_word' id='word_1_5' title='bbox 381 407 464 468; x_wconf 90' lang='lat' dir='ltr'><strong>aliud</strong></span> <span class='ocrx_word' id='word_1_6' title='bbox 481 407 613 490; x_wconf 70' lang='lat' dir='ltr'><strong>pulcrius</strong></span> <span class='ocrx_word' id='word_1_7' title='bbox 634 430 739 478; x_wconf 90' lang='lat' dir='ltr'><strong>nomen</strong></span> <span class='ocrx_word' id='word_1_8' title='bbox 759 410 916 474; x_wconf 88' lang='lat' dir='ltr'><strong>invenerit.</strong></span> <span class='ocrx_word' id='word_1_9' title='bbox 938 453 973 464; x_wconf 89' lang='grc'><strong>-.</strong></span> <span class='ocrx_word' id='word_1_10' title='bbox 993 407 1104 468; x_wconf 83' lang='lat' dir='ltr'><strong>Nomen</strong></span> <span class='ocrx_word' id='word_1_11' title='bbox 1128 409 1286 484; x_wconf 77' lang='lat' dir='ltr'><strong>mittamus,</strong></span> <span class='ocrx_word' id='word_1_12' title='bbox 1303 408 1345 468; x_wconf 87' lang='lat' dir='ltr'><strong>hoc</strong></span> 
     </span>
     <span class='ocr_line' id='line_1_3' title="bbox 136 486 1346 591; baseline -0.003 -21"><span class='ocrx_word' id='word_1_13' title='bbox 136 511 218 570; x_wconf 87' lang='lat' dir='ltr'><strong>enim</strong></span> <span class='ocrx_word' id='word_1_14' title='bbox 237 507 359 575; x_wconf 79' lang='lat' dir='ltr'><strong>sufficit.</strong></span> <span class='ocrx_word' id='word_1_15' title='bbox 374 548 410 557; x_wconf 91' lang='lat'><em>-</em></span> <span class='ocrx_word' id='word_1_16' title='bbox 430 507 602 589; x_wconf 78' lang='grc' dir='ltr'><strong><em>Πληκτικῆς</em></strong></span> <span class='ocrx_word' id='word_1_17' title='bbox 621 522 716 568; x_wconf 82' lang='lat' dir='ltr'><strong>autem</strong></span> <span class='ocrx_word' id='word_1_18' title='bbox 728 486 827 584; x_wconf 61' lang='lat' dir='ltr'><strong>hatio,</strong></span> <span class='ocrx_word' id='word_1_19' title='bbox 847 529 920 591; x_wconf 89' lang='lat' dir='ltr'><strong>quae</strong></span> <span class='ocrx_word' id='word_1_20' title='bbox 948 517 1035 566; x_wconf 90' lang='lat' dir='ltr'><strong>noctu</strong></span> <span class='ocrx_word' id='word_1_21' title='bbox 1052 506 1090 566; x_wconf 92' lang='lat' dir='ltr'><strong>ad</strong></span> <span class='ocrx_word' id='word_1_22' title='bbox 1115 506 1192 588; x_wconf 82' lang='lat' dir='ltr'><strong>ignis</strong></span> <span class='ocrx_word' id='word_1_23' title='bbox 1211 506 1301 566; x_wconf 90' lang='lat' dir='ltr'><strong>lumen</strong></span> <span class='ocrx_word' id='word_1_24' title='bbox 1317 505 1346 566; x_wconf 88' lang='lat' dir='ltr'><strong>ab</strong></span> 
     </span>
     <span class='ocr_line' id='line_1_4' title="bbox 138 600 1413 691; baseline -0.003 -23"><span class='ocrx_word' id='word_1_25' title='bbox 138 609 193 684; x_wconf 91' lang='lat' dir='ltr'><strong>iis,</strong></span> <span class='ocrx_word' id='word_1_26' title='bbox 215 610 265 688; x_wconf 92' lang='lat' dir='ltr'><strong>qui</strong></span> <span class='ocrx_word' id='word_1_27' title='bbox 295 610 336 667; x_wconf 90' lang='lat' dir='ltr'><strong>sic</strong></span> <span class='ocrx_word' id='word_1_28' title='bbox 363 623 527 686; x_wconf 82' lang='lat' dir='ltr'>venantur,</span> <span class='ocrx_word' id='word_1_29' title='bbox 557 609 609 685; x_wconf 90' lang='lat' dir='ltr'><strong>lit,</strong></span> <span class='ocrx_word' id='word_1_30' title='bbox 638 600 796 690; x_wconf 71' lang='grc' dir='ltr'><strong><em>πυρωτική</em></strong></span> <span class='ocrx_word' id='word_1_31' title='bbox 816 604 992 691; x_wconf 85' lang='lat' dir='ltr'><strong>appellanda</strong></span> <span class='ocrx_word' id='word_1_32' title='bbox 1021 603 1149 665; x_wconf 88' lang='lat' dir='ltr'><strong>videtur.</strong></span> <span class='ocrx_word' id='word_1_33' title='bbox 1178 632 1213 642; x_wconf 95' lang='lat'><em>-</em></span> <span class='ocrx_word' id='word_1_34' title='bbox 1241 605 1347 666; x_wconf 89' lang='lat' dir='ltr'><strong>Videtur</strong></span> <span class='ocrx_word' id='word_1_35' title='bbox 1412 625 1413 688; x_wconf 66' lang='lat' dir='ltr'><strong>l</strong></span> 
     </span>
     <span class='ocr_line' id='line_1_5' title="bbox 138 701 1346 788; baseline -0.004 -22"><span class='ocrx_word' id='word_1_36' title='bbox 138 709 266 767; x_wconf 90' lang='lat' dir='ltr'><strong>omnino.</strong></span> <span class='ocrx_word' id='word_1_37' title='bbox 286 733 322 744; x_wconf 93' lang='lat'><em>-</em></span> <span class='ocrx_word' id='word_1_38' title='bbox 341 705 440 766; x_wconf 77' lang='lat' dir='ltr'><strong>Altera</strong></span> <span class='ocrx_word' id='word_1_39' title='bbox 455 720 551 767; x_wconf 90' lang='lat' dir='ltr'><strong>autem</strong></span> <span class='ocrx_word' id='word_1_40' title='bbox 570 708 699 788; x_wconf 88' lang='lat' dir='ltr'><strong>ejusdem</strong></span> <span class='ocrx_word' id='word_1_41' title='bbox 717 709 807 785; x_wconf 89' lang='lat' dir='ltr'><strong>ratio,</strong></span> <span class='ocrx_word' id='word_1_42' title='bbox 827 724 900 787; x_wconf 89' lang='lat' dir='ltr'><strong>quae</strong></span> <span class='ocrx_word' id='word_1_43' title='bbox 917 701 1047 763; x_wconf 83' lang='lat' dir='ltr'><strong>interdiu</strong></span> <span class='ocrx_word' id='word_1_44' title='bbox 1067 701 1119 779; x_wconf 90' lang='lat' dir='ltr'><strong>lit,</strong></span> <span class='ocrx_word' id='word_1_45' title='bbox 1140 723 1207 762; x_wconf 87' lang='lat' dir='ltr'><strong>curn</strong></span> <span class='ocrx_word' id='word_1_46' title='bbox 1222 703 1253 764; x_wconf 91' lang='lat' dir='ltr'><strong>in</strong></span> <span class='ocrx_word' id='word_1_47' title='bbox 1269 717 1346 763; x_wconf 78' lang='lat' dir='ltr'><strong>extre</strong></span> 
     </span>
     <span class='ocr_line' id='line_1_6' title="bbox 138 794 1347 883; baseline -0.002 -18"><span class='ocrx_word' id='word_1_48' title='bbox 138 804 287 865; x_wconf 83' lang='lat' dir='ltr'><strong>mitatrhus</strong></span> <span class='ocrx_word' id='word_1_49' title='bbox 307 803 438 866; x_wconf 77' lang='lat' dir='ltr'><strong>fuscinae</strong></span> <span class='ocrx_word' id='word_1_50' title='bbox 467 805 554 864; x_wconf 90' lang='lat' dir='ltr'><strong>etiam</strong></span> <span class='ocrx_word' id='word_1_51' title='bbox 578 817 666 867; x_wconf 91' lang='lat' dir='ltr'><strong>uncos</strong></span> <span class='ocrx_word' id='word_1_52' title='bbox 692 807 833 882; x_wconf 87' lang='lat' dir='ltr'><strong>habeant,</strong></span> <span class='ocrx_word' id='word_1_53' title='bbox 854 817 913 864; x_wconf 89' lang='lat' dir='ltr'><strong>tota</strong></span> <span class='ocrx_word' id='word_1_54' title='bbox 938 794 1158 883; x_wconf 51' lang='lat' dir='ltr'><strong>heimerani</strong></span> <span class='ocrx_word' id='word_1_55' title='bbox 1184 816 1303 864; x_wconf 83' lang='lat' dir='ltr'><strong>vocatur.</strong></span> <span class='ocrx_word' id='word_1_56' title='bbox 1321 830 1347 839; x_wconf 95' lang='lat'>-</span> 
     </span>
     <span class='ocr_line' id='line_1_7' title="bbox 137 903 1347 988; baseline -0.006 -23"><span class='ocrx_word' id='word_1_57' title='bbox 137 905 235 966; x_wconf 80' lang='lat' dir='ltr'>Recte.</span> <span class='ocrx_word' id='word_1_58' title='bbox 254 932 289 941; x_wconf 94' lang='lat'>-</span> <span class='ocrx_word' id='word_1_59' title='bbox 309 904 407 980; x_wconf 89' lang='lat' dir='ltr'><strong>Hujus</strong></span> <span class='ocrx_word' id='word_1_60' title='bbox 425 916 520 962; x_wconf 89' lang='lat' dir='ltr'><strong>autem</strong></span> <span class='ocrx_word' id='word_1_61' title='bbox 539 905 657 983; x_wconf 88' lang='lat' dir='ltr'><strong>modus,</strong></span> <span class='ocrx_word' id='word_1_62' title='bbox 678 907 729 986; x_wconf 93' lang='lat' dir='ltr'><strong>qui</strong></span> <span class='ocrx_word' id='word_1_63' title='bbox 748 927 764 966; x_wconf 85' lang='lat' dir='ltr'><strong>a</strong></span> <span class='ocrx_word' id='word_1_64' title='bbox 785 903 930 988; x_wconf 85' lang='lat' dir='ltr'>superiore</span> <span class='ocrx_word' id='word_1_65' title='bbox 950 916 1030 985; x_wconf 83' lang='lat' dir='ltr'><strong>parte</strong></span> <span class='ocrx_word' id='word_1_66' title='bbox 1049 903 1080 962; x_wconf 93' lang='lat' dir='ltr'><strong>in</strong></span> <span class='ocrx_word' id='word_1_67' title='bbox 1109 904 1271 963; x_wconf 88' lang='lat' dir='ltr'><strong>inferiorem</strong></span> <span class='ocrx_word' id='word_1_68' title='bbox 1295 919 1347 981; x_wconf 86' lang='lat' dir='ltr'><strong>pro</strong></span> 
     </span>
     <span class='ocr_line' id='line_1_8' title="bbox 62 995 1348 1096; baseline -0.005 -34"><span class='ocrx_word' id='word_1_69' title='bbox 62 996 64 1000; x_wconf 39' lang='lat'><strong><em>¹</em></strong></span> <span class='ocrx_word' id='word_1_70' title='bbox 115 1001 234 1096; x_wconf 30' lang='lat' dir='ltr'><strong>&#39;cedit,</strong></span> <span class='ocrx_word' id='word_1_71' title='bbox 259 1002 397 1082; x_wconf 90' lang='lat' dir='ltr'><strong>quoniam</strong></span> <span class='ocrx_word' id='word_1_72' title='bbox 423 999 600 1063; x_wconf 87' lang='lat' dir='ltr'><strong>tridentibus</strong></span> <span class='ocrx_word' id='word_1_73' title='bbox 627 1005 718 1065; x_wconf 85' lang='lat' dir='ltr'><strong>utitur</strong></span> <span class='ocrx_word' id='word_1_74' title='bbox 741 1004 883 1080; x_wconf 71' lang='lat' dir='ltr'><strong>manime,</strong></span> <span class='ocrx_word' id='word_1_75' title='bbox 914 998 1081 1084; x_wconf 78' lang='lat' dir='ltr'><strong>rptcdcvrt&#39;a</strong></span> <span class='ocrx_word' id='word_1_76' title='bbox 1107 1002 1285 1085; x_wconf 63' lang='lat' dir='ltr'><strong>dicitur.,-</strong></span> <span class='ocrx_word' id='word_1_77' title='bbox 1310 995 1348 1056; x_wconf 88' lang='lat' dir='ltr'><strong>Sic</strong></span> 
     </span>
     <span class='ocr_line' id='line_1_9' title="bbox 118 1096 1349 1184; baseline -0.002 -25"><span class='ocrx_word' id='word_1_78' title='bbox 118 1100 290 1183; x_wconf 73' lang='lat' dir='ltr'><strong>⁸appellant</strong></span> <span class='ocrx_word' id='word_1_79' title='bbox 308 1098 458 1159; x_wconf 90' lang='lat' dir='ltr'><strong>nonnulli.</strong></span> <span class='ocrx_word' id='word_1_80' title='bbox 484 1127 519 1138; x_wconf 92' lang='grc'><strong>···</strong></span> <span class='ocrx_word' id='word_1_81' title='bbox 544 1102 668 1183; x_wconf 84' lang='lat' dir='ltr'>Reliqua</span> <span class='ocrx_word' id='word_1_82' title='bbox 687 1119 781 1164; x_wconf 89' lang='lat' dir='ltr'><strong>autem</strong></span> <span class='ocrx_word' id='word_1_83' title='bbox 811 1125 868 1172; x_wconf 83' lang='lat' dir='ltr'><strong>una</strong></span> <span class='ocrx_word' id='word_1_84' title='bbox 894 1104 978 1164; x_wconf 89' lang='lat' dir='ltr'><strong>nohis</strong></span> <span class='ocrx_word' id='word_1_85' title='bbox 998 1104 1106 1184; x_wconf 90' lang='lat' dir='ltr'><strong>species</strong></span> <span class='ocrx_word' id='word_1_86' title='bbox 1126 1115 1178 1162; x_wconf 86' lang='lat' dir='ltr'><strong>est.</strong></span> <span class='ocrx_word' id='word_1_87' title='bbox 1204 1127 1238 1138; x_wconf 88' lang='lat'><strong>·-</strong></span> <span class='ocrx_word' id='word_1_88' title='bbox 1264 1096 1349 1172; x_wconf 88' lang='lat' dir='ltr'><strong>Qualis</strong></span> 
     </span>
     <span class='ocr_line' id='line_1_10' title="bbox 139 1195 1348 1284; baseline -0.006 -24"><span class='ocrx_word' id='word_1_89' title='bbox 139 1199 217 1260; x_wconf 82' lang='lat' dir='ltr'><strong>illal</strong></span> <span class='ocrx_word' id='word_1_90' title='bbox 244 1219 279 1238; x_wconf 68' lang='lat'><strong>-*</strong></span> <span class='ocrx_word' id='word_1_91' title='bbox 307 1198 453 1258; x_wconf 89' lang='lat' dir='ltr'><strong>Percussio</strong></span> <span class='ocrx_word' id='word_1_92' title='bbox 479 1200 620 1279; x_wconf 82' lang='lat' dir='ltr'><strong>quaedam</strong></span> <span class='ocrx_word' id='word_1_93' title='bbox 638 1202 723 1263; x_wconf 89' lang='lat' dir='ltr'><strong>hamo</strong></span> <span class='ocrx_word' id='word_1_94' title='bbox 740 1203 835 1276; x_wconf 87' lang='lat' dir='ltr'><strong>facta,</strong></span> <span class='ocrx_word' id='word_1_95' title='bbox 864 1203 1007 1262; x_wconf 88' lang='lat' dir='ltr'><strong>contraria</strong></span> <span class='ocrx_word' id='word_1_96' title='bbox 1032 1195 1193 1284; x_wconf 85' lang='lat' dir='ltr'><strong>superiori,</strong></span> <span class='ocrx_word' id='word_1_97' title='bbox 1221 1216 1307 1277; x_wconf 91' lang='lat' dir='ltr'><strong>neque</strong></span> <span class='ocrx_word' id='word_1_98' title='bbox 1323 1195 1348 1253; x_wconf 92' lang='lat' dir='ltr'><strong>in</strong></span> 
     </span>
     <span class='ocr_line' id='line_1_11' title="bbox 138 1295 1345 1384; baseline -0.003 -28"><span class='ocrx_word' id='word_1_99' title='bbox 138 1296 269 1378; x_wconf 81' lang='lat' dir='ltr'><strong>qualibet</strong></span> <span class='ocrx_word' id='word_1_100' title='bbox 292 1297 536 1379; x_wconf 17' lang='lat' dir='ltr'><strong>pisciumtparte,</strong></span> <span class='ocrx_word' id='word_1_101' title='bbox 552 1298 644 1360; x_wconf 84' lang='lat' dir='ltr'><strong>veluti</strong></span> <span class='ocrx_word' id='word_1_102' title='bbox 661 1301 793 1375; x_wconf 88' lang='lat' dir='ltr'><strong>fuscina,</strong></span> <span class='ocrx_word' id='word_1_103' title='bbox 813 1300 864 1362; x_wconf 90' lang='lat' dir='ltr'><strong>sed</strong></span> <span class='ocrx_word' id='word_1_104' title='bbox 885 1302 917 1360; x_wconf 91' lang='lat' dir='ltr'><strong>in</strong></span> <span class='ocrx_word' id='word_1_105' title='bbox 945 1301 1040 1384; x_wconf 88' lang='lat' dir='ltr'><strong>capite</strong></span> <span class='ocrx_word' id='word_1_106' title='bbox 1072 1313 1111 1362; x_wconf 68' lang='lat' dir='ltr'><strong>et,</strong></span> <span class='ocrx_word' id='word_1_107' title='bbox 1124 1317 1173 1358; x_wconf 89' lang='lat' dir='ltr'><strong>ore</strong></span> <span class='ocrx_word' id='word_1_108' title='bbox 1203 1295 1345 1364; x_wconf 78' lang='lat' dir='ltr'><strong>duntaxat,</strong></span> 
     </span>
     <span class='ocr_line' id='line_1_12' title="bbox 130 1387 1346 1480; baseline 0 -32"><span class='ocrx_word' id='word_1_109' title='bbox 130 1395 176 1459; x_wconf 77' lang='lat' dir='ltr'><strong>,ab</strong></span> <span class='ocrx_word' id='word_1_110' title='bbox 197 1396 333 1455; x_wconf 87' lang='lat' dir='ltr'><strong>inferiore</strong></span> <span class='ocrx_word' id='word_1_111' title='bbox 353 1409 435 1476; x_wconf 91' lang='lat' dir='ltr'><strong>parte</strong></span> <span class='ocrx_word' id='word_1_112' title='bbox 454 1395 493 1456; x_wconf 89' lang='lat' dir='ltr'><strong>ad</strong></span> <span class='ocrx_word' id='word_1_113' title='bbox 512 1398 686 1478; x_wconf 88' lang='lat' dir='ltr'><strong>superiorem</strong></span> <span class='ocrx_word' id='word_1_114' title='bbox 704 1399 795 1478; x_wconf 76' lang='lat' dir='ltr'><strong>virgis</strong></span> <span class='ocrx_word' id='word_1_115' title='bbox 813 1412 842 1459; x_wconf 90' lang='lat' dir='ltr'><strong>et</strong></span> <span class='ocrx_word' id='word_1_116' title='bbox 859 1398 977 1459; x_wconf 88' lang='lat' dir='ltr'><strong>calamis</strong></span> <span class='ocrx_word' id='word_1_117' title='bbox 996 1397 1161 1458; x_wconf 88' lang='lat' dir='ltr'><strong>attrahens:</strong></span> <span class='ocrx_word' id='word_1_118' title='bbox 1182 1393 1269 1480; x_wconf 73' lang='lat' dir='ltr'><strong>h¹il¹‚¹⁵</strong></span> <span class='ocrx_word' id='word_1_119' title='bbox 1284 1387 1346 1472; x_wconf 90' lang='lat' dir='ltr'><strong>quod</strong></span> 
     </span>
     <span class='ocr_line' id='line_1_13' title="bbox 133 1462 1350 1602; baseline -0.007 -48"><span class='ocrx_word' id='word_1_120' title='bbox 133 1462 334 1576; x_wconf 55' lang='lat' dir='ltr'><strong>potissimum,</strong></span> <span class='ocrx_word' id='word_1_121' title='bbox 360 1515 377 1553; x_wconf 99' lang='lat' dir='ltr'><strong>o</strong></span> <span class='ocrx_word' id='word_1_122' title='bbox 402 1494 572 1569; x_wconf 81' lang='lat' dir='ltr'><strong>Theaeteto,</strong></span> <span class='ocrx_word' id='word_1_123' title='bbox 603 1517 708 1556; x_wconf 91' lang='lat' dir='ltr'><strong>nomen</strong></span> <span class='ocrx_word' id='word_1_124' title='bbox 740 1517 799 1556; x_wconf 86' lang='lat' dir='ltr'><strong>esse</strong></span> <span class='ocrx_word' id='word_1_125' title='bbox 826 1497 979 1557; x_wconf 77' lang='lat' dir='ltr'><strong>dicemus?</strong></span> <span class='ocrx_word' id='word_1_126' title='bbox 997 1525 1032 1535; x_wconf 95' lang='lat'>-</span> <span class='ocrx_word' id='word_1_127' title='bbox 1053 1493 1196 1602; x_wconf 46' lang='lat' dir='ltr'><strong>Exi&#39;spmo</strong></span> <span class='ocrx_word' id='word_1_128' title='bbox 1213 1488 1350 1570; x_wconf 89' lang='lat' dir='ltr'><strong>equidem,</strong></span> 
     </span>
     <span class='ocr_line' id='line_1_14' title="bbox 76 1583 1351 1676; baseline -0.005 -24"><span class='ocrx_word' id='word_1_129' title='bbox 76 1661 78 1676; x_wconf 42' lang='grc' dir='ltr'>Ι</span> <span class='ocrx_word' id='word_1_130' title='bbox 139 1591 220 1673; x_wconf 90' lang='lat' dir='ltr'><strong>quod</strong></span> <span class='ocrx_word' id='word_1_131' title='bbox 248 1591 333 1653; x_wconf 91' lang='lat' dir='ltr'><strong>modo</strong></span> <span class='ocrx_word' id='word_1_132' title='bbox 357 1593 563 1673; x_wconf 81' lang='lat' dir='ltr'><strong>proposuimus</strong></span> <span class='ocrx_word' id='word_1_133' title='bbox 591 1594 821 1675; x_wconf 88' lang='lat' dir='ltr'><strong>exquirendum,</strong></span> <span class='ocrx_word' id='word_1_134' title='bbox 852 1616 932 1654; x_wconf 91' lang='lat' dir='ltr'><strong>nunc</strong></span> <span class='ocrx_word' id='word_1_135' title='bbox 961 1596 1022 1674; x_wconf 85' lang='lat' dir='ltr'><strong>jam</strong></span> <span class='ocrx_word' id='word_1_136' title='bbox 1048 1592 1207 1676; x_wconf 88' lang='lat' dir='ltr'><strong>perfectum</strong></span> <span class='ocrx_word' id='word_1_137' title='bbox 1235 1583 1299 1662; x_wconf 78' lang='lat' dir='ltr'><strong>esse.</strong></span> <span class='ocrx_word' id='word_1_138' title='bbox 1324 1613 1351 1624; x_wconf 88' lang='lat'>-</span> 
     </span>
     <span class='ocr_line' id='line_1_15' title="bbox 139 1684 1352 1774; baseline -0.007 -23"><span class='ocrx_word' id='word_1_139' title='bbox 139 1692 224 1752; x_wconf 88' lang='lat' dir='ltr'><strong>Nunc</strong></span> <span class='ocrx_word' id='word_1_140' title='bbox 245 1691 334 1771; x_wconf 79' lang='lat' dir='ltr'><strong>igitur</strong></span> <span class='ocrx_word' id='word_1_141' title='bbox 354 1684 575 1772; x_wconf 72' lang='grc' dir='ltr'><strong><em>οἷσπαλιευτικῆς</em></strong></span> <span class='ocrx_word' id='word_1_142' title='bbox 595 1714 656 1752; x_wconf 89' lang='lat' dir='ltr'><strong>non</strong></span> <span class='ocrx_word' id='word_1_143' title='bbox 674 1692 759 1753; x_wconf 89' lang='lat' dir='ltr'><strong>modo</strong></span> <span class='ocrx_word' id='word_1_144' title='bbox 778 1714 884 1754; x_wconf 88' lang='lat' dir='ltr'><strong>nornen</strong></span> <span class='ocrx_word' id='word_1_145' title='bbox 903 1715 954 1774; x_wconf 82' lang='lat' dir='ltr'><strong>ego</strong></span> <span class='ocrx_word' id='word_1_146' title='bbox 979 1705 1007 1752; x_wconf 93' lang='lat' dir='ltr'><strong>et</strong></span> <span class='ocrx_word' id='word_1_147' title='bbox 1029 1705 1061 1750; x_wconf 90' lang='lat' dir='ltr'><strong>tu</strong></span> <span class='ocrx_word' id='word_1_148' title='bbox 1087 1688 1233 1749; x_wconf 88' lang='lat' dir='ltr'><strong>communi</strong></span> <span class='ocrx_word' id='word_1_149' title='bbox 1253 1696 1352 1744; x_wconf 90' lang='lat' dir='ltr'><strong>senten·</strong></span> 
     </span>
     <span class='ocr_line' id='line_1_16' title="bbox 121 1781 1351 1886; baseline -0.009 -37"><span class='ocrx_word' id='word_1_150' title='bbox 121 1790 199 1886; x_wconf 73' lang='lat' dir='ltr'><strong>¹tia,</strong></span> <span class='ocrx_word' id='word_1_151' title='bbox 217 1788 271 1849; x_wconf 82' lang='lat' dir='ltr'><strong>sed</strong></span> <span class='ocrx_word' id='word_1_152' title='bbox 289 1792 430 1852; x_wconf 90' lang='lat' dir='ltr'><strong>rationem</strong></span> <span class='ocrx_word' id='word_1_153' title='bbox 449 1794 533 1853; x_wconf 87' lang='lat' dir='ltr'><strong>etiam</strong></span> <span class='ocrx_word' id='word_1_154' title='bbox 554 1794 703 1875; x_wconf 87' lang='lat' dir='ltr'><strong>ipsumque</strong></span> <span class='ocrx_word' id='word_1_155' title='bbox 723 1811 794 1872; x_wconf 92' lang='lat' dir='ltr'><strong>opus</strong></span> <span class='ocrx_word' id='word_1_156' title='bbox 809 1793 972 1874; x_wconf 86' lang='lat' dir='ltr'><strong>occepimus</strong></span> <span class='ocrx_word' id='word_1_157' title='bbox 990 1788 1177 1852; x_wconf 88' lang='lat' dir='ltr'><strong>sufficienter.</strong></span> <span class='ocrx_word' id='word_1_158' title='bbox 1210 1785 1280 1844; x_wconf 90' lang='lat' dir='ltr'><strong>Nam</strong></span> <span class='ocrx_word' id='word_1_159' title='bbox 1298 1781 1351 1842; x_wconf 90' lang='lat' dir='ltr'><strong>uni·</strong></span> 
     </span>
     <span class='ocr_line' id='line_1_17' title="bbox 141 1875 1352 1974; baseline 0.002 -24"><span class='ocrx_word' id='word_1_160' title='bbox 141 1909 238 1950; x_wconf 83' lang='lat' dir='ltr'><strong>versae</strong></span> <span class='ocrx_word' id='word_1_161' title='bbox 265 1891 333 1950; x_wconf 84' lang='lat' dir='ltr'><strong>artis</strong></span> <span class='ocrx_word' id='word_1_162' title='bbox 361 1889 484 1954; x_wconf 84' lang='lat' dir='ltr'><strong>dimidia</strong></span> <span class='ocrx_word' id='word_1_163' title='bbox 509 1905 656 1974; x_wconf 88' lang='lat' dir='ltr'><strong>parserat</strong></span> <span class='ocrx_word' id='word_1_164' title='bbox 680 1885 815 1973; x_wconf 67' lang='lat' dir='ltr'><strong>sequestri·</strong></span> <span class='ocrx_word' id='word_1_165' title='bbox 836 1889 972 1972; x_wconf 74' lang='grc' dir='ltr'><strong><em>κτητικῆς</em></strong></span> <span class='ocrx_word' id='word_1_166' title='bbox 993 1905 1088 1951; x_wconf 87' lang='lat' dir='ltr'><strong>autem</strong></span> <span class='ocrx_word' id='word_1_167' title='bbox 1109 1875 1279 1966; x_wconf 68' lang='grc' dir='ltr'><em>χειρωῐικῆ·</em></span> <span class='ocrx_word' id='word_1_168' title='bbox 1299 1901 1352 1960; x_wconf 63' lang='grc' dir='ltr'><strong>κί’·</strong></span> 
     </span>
     <span class='ocr_line' id='line_1_18' title="bbox 140 1975 1351 2074; baseline -0.005 -4"><span class='ocrx_word' id='word_1_169' title='bbox 140 1985 267 2070; x_wconf 64' lang='lat' dir='ltr'><strong>emit</strong></span> <span class='ocrx_word' id='word_1_170' title='bbox 294 1984 473 2072; x_wconf 58' lang='grc' dir='ltr'><em>θηρευτική·</em></span> <span class='ocrx_word' id='word_1_171' title='bbox 502 1987 894 2074; x_wconf 57' lang='lat' dir='ltr'><strong>carnaeae-coaequos)-</strong></span> <span class='ocrx_word' id='word_1_172' title='bbox 918 1987 1111 2072; x_wconf 64' lang='grc' dir='ltr'><strong><em>ζωοθηρικῆς</em></strong></span> <span class='ocrx_word' id='word_1_173' title='bbox 1132 1975 1351 2068; x_wconf 50' lang='lat' dir='ltr'><strong>huswardi·</strong></span> 
     </span>
     <span class='ocr_line' id='line_1_19' title="bbox 140 2085 1352 2177; baseline 0.009 -25"><span class='ocrx_word' id='word_1_174' title='bbox 140 2087 375 2172; x_wconf 66' lang='grc' dir='ltr'><strong>ἒνυγροθηρώιῆς</strong></span> <span class='ocrx_word' id='word_1_175' title='bbox 403 2115 486 2173; x_wconf 86' lang='lat' dir='ltr'><strong>pars,</strong></span> <span class='ocrx_word' id='word_1_176' title='bbox 506 2115 578 2174; x_wconf 88' lang='lat' dir='ltr'><strong>quac</strong></span> <span class='ocrx_word' id='word_1_177' title='bbox 594 2113 707 2153; x_wconf 89' lang='lat' dir='ltr'><strong>sursum</strong></span> <span class='ocrx_word' id='word_1_178' title='bbox 722 2095 871 2177; x_wconf 86' lang='lat' dir='ltr'><strong>procedit,</strong></span> <span class='ocrx_word' id='word_1_179' title='bbox 900 2088 1058 2175; x_wconf 74' lang='grc' dir='ltr'><strong><em>ἁλιευτική·</em></strong></span> <span class='ocrx_word' id='word_1_180' title='bbox 1087 2085 1247 2169; x_wconf 60' lang='lat' dir='ltr'><strong>dimittit</strong></span> <span class='ocrx_word' id='word_1_181' title='bbox 1272 2088 1352 2165; x_wconf 58' lang='lat' dir='ltr'><strong>ulti·</strong></span> 
     </span>
     <span class='ocr_line' id='line_1_20' title="bbox 140 2185 1351 2280; baseline -0.009 -24"><span class='ocrx_word' id='word_1_182' title='bbox 140 2188 222 2275; x_wconf 75' lang='grc' dir='ltr'><strong>τικὴ·</strong></span> <span class='ocrx_word' id='word_1_183' title='bbox 244 2192 402 2274; x_wconf 76' lang='grc' dir='ltr'><strong><em>πληκτικῆς</em></strong></span> <span class='ocrx_word' id='word_1_184' title='bbox 421 2185 652 2274; x_wconf 73' lang='grc' dir='ltr'><strong><em>ἄγκιστρεντυιή·</em></strong></span> <span class='ocrx_word' id='word_1_185' title='bbox 674 2191 761 2271; x_wconf 87' lang='lat' dir='ltr'><strong>hujus</strong></span> <span class='ocrx_word' id='word_1_186' title='bbox 785 2211 879 2256; x_wconf 90' lang='lat' dir='ltr'><strong>autem</strong></span> <span class='ocrx_word' id='word_1_187' title='bbox 896 2219 979 2280; x_wconf 89' lang='lat' dir='ltr'><strong>pars,</strong></span> <span class='ocrx_word' id='word_1_188' title='bbox 999 2217 1071 2276; x_wconf 89' lang='lat' dir='ltr'><strong>quac</strong></span> <span class='ocrx_word' id='word_1_189' title='bbox 1088 2194 1124 2253; x_wconf 90' lang='lat' dir='ltr'><strong>ab</strong></span> <span class='ocrx_word' id='word_1_190' title='bbox 1138 2192 1279 2252; x_wconf 85' lang='lat' dir='ltr'><strong>inferiore</strong></span> <span class='ocrx_word' id='word_1_191' title='bbox 1300 2188 1351 2246; x_wconf 90' lang='lat' dir='ltr'><strong>loco</strong></span> 
     </span>
     <span class='ocr_line' id='line_1_21' title="bbox 140 2277 1351 2375; baseline -0.007 -19"><span class='ocrx_word' id='word_1_192' title='bbox 140 2317 253 2356; x_wconf 89' lang='lat' dir='ltr'><strong>sursum</strong></span> <span class='ocrx_word' id='word_1_193' title='bbox 282 2295 419 2370; x_wconf 82' lang='lat' dir='ltr'><strong>attrahit,</strong></span> <span class='ocrx_word' id='word_1_194' title='bbox 452 2296 568 2354; x_wconf 89' lang='lat' dir='ltr'><strong>nomine</strong></span> <span class='ocrx_word' id='word_1_195' title='bbox 594 2293 630 2353; x_wconf 89' lang='lat' dir='ltr'><strong>ab</strong></span> <span class='ocrx_word' id='word_1_196' title='bbox 661 2295 723 2375; x_wconf 86' lang='lat' dir='ltr'><strong>ipso</strong></span> <span class='ocrx_word' id='word_1_197' title='bbox 752 2295 923 2356; x_wconf 88' lang='lat' dir='ltr'><strong>attrahendo</strong></span> <span class='ocrx_word' id='word_1_198' title='bbox 948 2294 1122 2368; x_wconf 88' lang='lat' dir='ltr'><strong>assimilato,</strong></span> <span class='ocrx_word' id='word_1_199' title='bbox 1148 2277 1351 2364; x_wconf 69' lang='lat' dir='ltr'><strong>donaliametd,</strong></span> 
     </span>
     <span class='ocr_line' id='line_1_22' title="bbox 139 2383 1352 2474; baseline -0.008 -21"><span class='ocrx_word' id='word_1_200' title='bbox 139 2416 225 2474; x_wconf 87' lang='lat' dir='ltr'><strong>quam</strong></span> <span class='ocrx_word' id='word_1_201' title='bbox 238 2394 446 2474; x_wconf 85' lang='lat' dir='ltr'><strong>quaesivimus,</strong></span> <span class='ocrx_word' id='word_1_202' title='bbox 468 2406 595 2454; x_wconf 83' lang='lat' dir='ltr'><strong>vocatur.</strong></span> <span class='ocrx_word' id='word_1_203' title='bbox 607 2427 639 2438; x_wconf 87' lang='lat'><em>-</em></span> <span class='ocrx_word' id='word_1_204' title='bbox 659 2392 695 2452; x_wconf 93' lang='lat' dir='ltr'><strong>Id</strong></span> <span class='ocrx_word' id='word_1_205' title='bbox 708 2390 825 2472; x_wconf 91' lang='lat' dir='ltr'><strong>quidem</strong></span> <span class='ocrx_word' id='word_1_206' title='bbox 834 2396 953 2456; x_wconf 88' lang='lat' dir='ltr'><strong>omnino</strong></span> <span class='ocrx_word' id='word_1_207' title='bbox 962 2393 1139 2455; x_wconf 87' lang='lat' dir='ltr'><strong>declaratum</strong></span> <span class='ocrx_word' id='word_1_208' title='bbox 1149 2391 1235 2454; x_wconf 88' lang='lat' dir='ltr'><strong>nobis</strong></span> <span class='ocrx_word' id='word_1_209' title='bbox 1247 2404 1316 2452; x_wconf 77' lang='lat' dir='ltr'><strong>cst.»</strong></span> <span class='ocrx_word' id='word_1_210' title='bbox 1330 2383 1352 2465; x_wconf 85' lang='lat' dir='ltr'><strong>l)</strong></span> 
     </span>
    </p>
   </div>
   <div class='ocr_carea' id='block_1_3' title="bbox 165 2561 1268 2767">
    <p class='ocr_par' dir='ltr' id='par_1_3' title="bbox 165 2561 1268 2767">
     <span class='ocr_line' id='line_1_23' title="bbox 165 2561 1268 2670; baseline -0.002 -21"><span class='ocrx_word' id='word_1_211' title='bbox 165 2625 167 2632; x_wconf 69' lang='lat'><strong>,</strong></span> <span class='ocrx_word' id='word_1_212' title='bbox 232 2589 536 2650; x_wconf 80' lang='lat' dir='ltr'><strong>Inductioncm</strong></span> <span class='ocrx_word' id='word_1_213' title='bbox 565 2561 877 2668; x_wconf 78' lang='lat' dir='ltr'><strong>complectitur</strong></span> <span class='ocrx_word' id='word_1_214' title='bbox 904 2591 1015 2670; x_wconf 81' lang='lat' dir='ltr'><strong>opud</strong></span> <span class='ocrx_word' id='word_1_215' title='bbox 1043 2589 1268 2650; x_wconf 83' lang='lat' dir='ltr'><strong>Plutonem</strong></span> 
     </span>
     <span class='ocr_line' id='line_1_24' title="bbox 646 2685 857 2767; baseline 0.009 -21"><span class='ocrx_word' id='word_1_216' title='bbox 646 2685 857 2767; x_wconf 77' lang='lat' dir='ltr'><strong>analysis.</strong></span> 
     </span>
    </p>
   </div>
   <div class='ocr_carea' id='block_1_4' title="bbox 79 2880 1411 4266">
    <p class='ocr_par' dir='ltr' id='par_1_4' title="bbox 133 2880 1352 3078">
     <span class='ocr_line' id='line_1_25' title="bbox 178 2880 1352 2966; baseline -0.006 -22"><span class='ocrx_word' id='word_1_217' title='bbox 178 2885 312 2966; x_wconf 81' lang='lat' dir='ltr'><strong>legenda</strong></span> <span class='ocrx_word' id='word_1_218' title='bbox 339 2885 410 2946; x_wconf 91' lang='lat' dir='ltr'><strong>haec</strong></span> <span class='ocrx_word' id='word_1_219' title='bbox 439 2882 597 2944; x_wconf 87' lang='lat' dir='ltr'><strong>lectoribus</strong></span> <span class='ocrx_word' id='word_1_220' title='bbox 621 2884 760 2965; x_wconf 88' lang='lat' dir='ltr'><strong>apposui,</strong></span> <span class='ocrx_word' id='word_1_221' title='bbox 786 2897 819 2943; x_wconf 92' lang='lat' dir='ltr'><strong>ut</strong></span> <span class='ocrx_word' id='word_1_222' title='bbox 847 2884 903 2966; x_wconf 91' lang='lat' dir='ltr'><strong>ipsi</strong></span> <span class='ocrx_word' id='word_1_223' title='bbox 925 2884 995 2944; x_wconf 90' lang='lat' dir='ltr'><strong>inde</strong></span> <span class='ocrx_word' id='word_1_224' title='bbox 1012 2883 1051 2945; x_wconf 92' lang='lat' dir='ltr'><strong>de</strong></span> <span class='ocrx_word' id='word_1_225' title='bbox 1069 2881 1198 2944; x_wconf 88' lang='lat' dir='ltr'><strong>Platonis</strong></span> <span class='ocrx_word' id='word_1_226' title='bbox 1215 2880 1352 2943; x_wconf 89' lang='lat' dir='ltr'><strong>dialectica</strong></span> 
     </span>
     <span class='ocr_line' id='line_1_26' title="bbox 133 2973 1351 3078; baseline -0.006 -34"><span class='ocrx_word' id='word_1_227' title='bbox 133 2983 311 3064; x_wconf 88' lang='lat' dir='ltr'><strong>judicarent.</strong></span> <span class='ocrx_word' id='word_1_228' title='bbox 362 2985 401 3044; x_wconf 90' lang='lat' dir='ltr'><strong>Et</strong></span> <span class='ocrx_word' id='word_1_229' title='bbox 431 2983 557 3064; x_wconf 89' lang='lat' dir='ltr'><strong>primum</strong></span> <span class='ocrx_word' id='word_1_230' title='bbox 591 2982 709 3078; x_wconf 59' lang='lat' dir='ltr'><strong>quidem</strong></span> <span class='ocrx_word' id='word_1_231' title='bbox 738 2981 956 3059; x_wconf 84' lang='lat' dir='ltr'><strong>inductionem,</strong></span> <span class='ocrx_word' id='word_1_232' title='bbox 987 2973 1145 3063; x_wconf 69' lang='grc' dir='ltr'><em>ἓπαγωγὴν</em></span> <span class='ocrx_word' id='word_1_233' title='bbox 1173 2981 1351 3046; x_wconf 84' lang='lat' dir='ltr'><strong>Socraticam,</strong></span> 
     </span>
    </p>

    <p class='ocr_par' dir='ltr' id='par_1_5' title="bbox 79 3080 1411 4058">
     <span class='ocr_line' id='line_1_27' title="bbox 79 3080 1353 3165; baseline -0.006 -25"><span class='ocrx_word' id='word_1_234' title='bbox 79 3121 82 3128; x_wconf 83' lang='lat'>·</span> <span class='ocrx_word' id='word_1_235' title='bbox 137 3083 202 3162; x_wconf 92' lang='lat' dir='ltr'><strong>quis</strong></span> <span class='ocrx_word' id='word_1_236' title='bbox 230 3095 293 3158; x_wconf 91' lang='lat' dir='ltr'><strong>est,</strong></span> <span class='ocrx_word' id='word_1_237' title='bbox 321 3084 394 3162; x_wconf 91' lang='lat' dir='ltr'><strong>quin</strong></span> <span class='ocrx_word' id='word_1_238' title='bbox 422 3083 454 3142; x_wconf 88' lang='lat' dir='ltr'><strong>iu</strong></span> <span class='ocrx_word' id='word_1_239' title='bbox 478 3080 557 3140; x_wconf 87' lang='lat' dir='ltr'><strong>hisce</strong></span> <span class='ocrx_word' id='word_1_240' title='bbox 576 3080 787 3154; x_wconf 84' lang='lat' dir='ltr'><strong>animadvertat</strong></span> <span class='ocrx_word' id='word_1_241' title='bbox 807 3082 971 3144; x_wconf 71' lang='lat' dir='ltr'><strong>continuo?</strong></span> <span class='ocrx_word' id='word_1_242' title='bbox 1003 3085 1040 3142; x_wconf 92' lang='lat' dir='ltr'><strong>In</strong></span> <span class='ocrx_word' id='word_1_243' title='bbox 1057 3085 1124 3165; x_wconf 89' lang='lat' dir='ltr'><strong>ipso.</strong></span> <span class='ocrx_word' id='word_1_244' title='bbox 1136 3080 1283 3165; x_wconf 90' lang='lat' dir='ltr'><strong>principio</strong></span> <span class='ocrx_word' id='word_1_245' title='bbox 1300 3093 1353 3135; x_wconf 86' lang='lat' dir='ltr'><strong>are</strong></span> 
     </span>
     <span class='ocr_line' id='line_1_28' title="bbox 134 3169 1350 3263; baseline -0.007 -23"><span class='ocrx_word' id='word_1_246' title='bbox 134 3179 259 3260; x_wconf 89' lang='lat' dir='ltr'><strong>quadam</strong></span> <span class='ocrx_word' id='word_1_247' title='bbox 291 3181 422 3240; x_wconf 83' lang='lat' dir='ltr'><strong>faciliore</strong></span> <span class='ocrx_word' id='word_1_248' title='bbox 448 3200 480 3239; x_wconf 91' lang='lat' dir='ltr'><strong>ac</strong></span> <span class='ocrx_word' id='word_1_249' title='bbox 509 3179 705 3240; x_wconf 84' lang='lat' dir='ltr'><strong>manifestiore</strong></span> <span class='ocrx_word' id='word_1_250' title='bbox 729 3179 928 3240; x_wconf 89' lang='lat' dir='ltr'><strong>inchoandum</strong></span> <span class='ocrx_word' id='word_1_251' title='bbox 950 3181 1028 3242; x_wconf 83' lang='lat' dir='ltr'><strong>dixit</strong></span> <span class='ocrx_word' id='word_1_252' title='bbox 1045 3181 1167 3263; x_wconf 88' lang='lat' dir='ltr'><strong>hospes,</strong></span> <span class='ocrx_word' id='word_1_253' title='bbox 1188 3193 1220 3239; x_wconf 89' lang='lat' dir='ltr'><strong>ut</strong></span> <span class='ocrx_word' id='word_1_254' title='bbox 1237 3178 1304 3237; x_wconf 89' lang='lat' dir='ltr'><strong>hinc</strong></span> <span class='ocrx_word' id='word_1_255' title='bbox 1321 3169 1350 3232; x_wconf 84' lang='lat' dir='ltr'><strong>ad</strong></span> 
     </span>
     <span class='ocr_line' id='line_1_29' title="bbox 134 3271 1352 3358; baseline -0.009 -20"><span class='ocrx_word' id='word_1_256' title='bbox 134 3277 304 3339; x_wconf 90' lang='lat' dir='ltr'><strong>difficiliora</strong></span> <span class='ocrx_word' id='word_1_257' title='bbox 333 3293 418 3358; x_wconf 91' lang='lat' dir='ltr'><strong>atque</strong></span> <span class='ocrx_word' id='word_1_258' title='bbox 446 3276 610 3358; x_wconf 84' lang='lat' dir='ltr'><strong>obscuriora</strong></span> <span class='ocrx_word' id='word_1_259' title='bbox 639 3281 804 3357; x_wconf 88' lang='lat' dir='ltr'><strong>conjectura</strong></span> <span class='ocrx_word' id='word_1_260' title='bbox 833 3277 996 3341; x_wconf 85' lang='lat' dir='ltr'><strong>duceretur.</strong></span> <span class='ocrx_word' id='word_1_261' title='bbox 1038 3280 1090 3339; x_wconf 90' lang='lat' dir='ltr'><strong>Est</strong></span> <span class='ocrx_word' id='word_1_262' title='bbox 1117 3294 1213 3358; x_wconf 85' lang='lat' dir='ltr'><strong>autem</strong></span> <span class='ocrx_word' id='word_1_263' title='bbox 1241 3296 1283 3336; x_wconf 88' lang='lat' dir='ltr'><strong>res</strong></span> <span class='ocrx_word' id='word_1_264' title='bbox 1307 3271 1352 3331; x_wconf 91' lang='lat' dir='ltr'><strong>illa</strong></span> 
     </span>
     <span class='ocr_line' id='line_1_30' title="bbox 133 3355 1352 3460; baseline -0.007 -23"><span class='ocrx_word' id='word_1_265' title='bbox 133 3379 250 3439; x_wconf 84' lang='lat' dir='ltr'><strong>facilior</strong></span> <span class='ocrx_word' id='word_1_266' title='bbox 277 3376 316 3438; x_wconf 78' lang='lat' dir='ltr'><strong>ad</strong></span> <span class='ocrx_word' id='word_1_267' title='bbox 339 3375 538 3450; x_wconf 88' lang='lat' dir='ltr'><strong>manifestior,</strong></span> <span class='ocrx_word' id='word_1_268' title='bbox 570 3389 601 3435; x_wconf 93' lang='lat' dir='ltr'><strong>ut</strong></span> <span class='ocrx_word' id='word_1_269' title='bbox 615 3387 617 3391; x_wconf 81' lang='grc'>’</span> <span class='ocrx_word' id='word_1_270' title='bbox 630 3374 719 3452; x_wconf 93' lang='lat' dir='ltr'><strong>hinc,</strong></span> <span class='ocrx_word' id='word_1_271' title='bbox 751 3377 875 3458; x_wconf 89' lang='lat' dir='ltr'><strong>itemque</strong></span> <span class='ocrx_word' id='word_1_272' title='bbox 902 3398 939 3436; x_wconf 87' lang='lat' dir='ltr'><strong>ex</strong></span> <span class='ocrx_word' id='word_1_273' title='bbox 966 3378 1097 3439; x_wconf 84' lang='lat' dir='ltr'><strong>Politice</strong></span> <span class='ocrx_word' id='word_1_274' title='bbox 1129 3389 1209 3460; x_wconf 88' lang='lat' dir='ltr'><strong>patet</strong></span> <span class='ocrx_word' id='word_1_275' title='bbox 1254 3355 1352 3448; x_wconf 72' lang='lat' dir='ltr'><strong>leupol-</strong></span> 
     </span>
     <span class='ocr_line' id='line_1_31' title="bbox 132 3468 1352 3560; baseline -0.005 -22"><span class='ocrx_word' id='word_1_276' title='bbox 132 3475 277 3558; x_wconf 71' lang='grc' dir='ltr'><strong><em>δέιγμα,</em></strong></span> <span class='ocrx_word' id='word_1_277' title='bbox 307 3479 482 3554; x_wconf 71' lang='lat' dir='ltr'><strong>exemplum.</strong></span> <span class='ocrx_word' id='word_1_278' title='bbox 512 3468 665 3548; x_wconf 73' lang='lat' dir='ltr'><strong>Xalsndv,</strong></span> <span class='ocrx_word' id='word_1_279' title='bbox 688 3477 719 3535; x_wconf 91' lang='lat' dir='ltr'><strong>in</strong></span> <span class='ocrx_word' id='word_1_280' title='bbox 739 3474 861 3536; x_wconf 85' lang='lat' dir='ltr'><strong>Politice</strong></span> <span class='ocrx_word' id='word_1_281' title='bbox 879 3474 982 3559; x_wconf 79' lang='lat' dir='ltr'><strong>hospes</strong></span> <span class='ocrx_word' id='word_1_282' title='bbox 1001 3478 1060 3551; x_wconf 88' lang='lat' dir='ltr'><strong>ait,</strong></span> <span class='ocrx_word' id='word_1_283' title='bbox 1081 3472 1127 3556; x_wconf 71' lang='grc' dir='ltr'><em>μή</em></span> <span class='ocrx_word' id='word_1_284' title='bbox 1148 3472 1352 3560; x_wconf 76' lang='grc' dir='ltr'><strong>παραδείγμασι</strong></span> 
     </span>
     <span class='ocr_line' id='line_1_32' title="bbox 116 3565 1411 3662; baseline -0.007 -19"><span class='ocrx_word' id='word_1_285' title='bbox 116 3647 119 3662; x_wconf 27' lang='grc'><em>1</em></span> <span class='ocrx_word' id='word_1_286' title='bbox 131 3573 306 3662; x_wconf 78' lang='grc' dir='ltr'><em>χρώμενον,</em></span> <span class='ocrx_word' id='word_1_287' title='bbox 340 3573 447 3651; x_wconf 76' lang='grc' dir='ltr'><strong><em>ἱκανῶς</em></strong></span> <span class='ocrx_word' id='word_1_288' title='bbox 476 3573 683 3662; x_wconf 62' lang='grc' dir='ltr'><strong>ἔνδείκνυσθαί</strong></span> <span class='ocrx_word' id='word_1_289' title='bbox 714 3598 743 3636; x_wconf 82' lang='grc' dir='ltr'><strong>τι</strong></span> <span class='ocrx_word' id='word_1_290' title='bbox 772 3565 835 3635; x_wconf 70' lang='grc' dir='ltr'><strong>ιτῶν</strong></span> <span class='ocrx_word' id='word_1_291' title='bbox 861 3568 1026 3652; x_wconf 79' lang='grc' dir='ltr'>μειζόνων·</span> <span class='ocrx_word' id='word_1_292' title='bbox 1058 3581 1182 3660; x_wconf 57' lang='lat' dir='ltr'><strong>diffissdss</strong></span> <span class='ocrx_word' id='word_1_293' title='bbox 1209 3589 1271 3654; x_wconf 81' lang='lat' dir='ltr'><strong>ort,</strong></span> <span class='ocrx_word' id='word_1_294' title='bbox 1298 3583 1351 3635; x_wconf 75' lang='lat' dir='ltr'><strong>tine</strong></span> <span class='ocrx_word' id='word_1_295' title='bbox 1410 3599 1411 3608; x_wconf 54' lang='lat'>¹</span> 
     </span>
     <span class='ocr_line' id='line_1_33' title="bbox 131 3659 1411 3762; baseline -0.006 -20"><span class='ocrx_word' id='word_1_296' title='bbox 131 3685 276 3762; x_wconf 70' lang='lat' dir='ltr'><strong>exemplis</strong></span> <span class='ocrx_word' id='word_1_297' title='bbox 294 3683 417 3761; x_wconf 83' lang='lat' dir='ltr'><strong>aliquid</strong></span> <span class='ocrx_word' id='word_1_298' title='bbox 435 3703 554 3756; x_wconf 83' lang='lat' dir='ltr'><strong>eorum,</strong></span> <span class='ocrx_word' id='word_1_299' title='bbox 572 3702 648 3760; x_wconf 83' lang='lat' dir='ltr'><strong>quae</strong></span> <span class='ocrx_word' id='word_1_300' title='bbox 666 3684 785 3755; x_wconf 83' lang='lat' dir='ltr'><strong>majora</strong></span> <span class='ocrx_word' id='word_1_301' title='bbox 804 3686 896 3752; x_wconf 84' lang='lat' dir='ltr'><strong>sunt,</strong></span> <span class='ocrx_word' id='word_1_302' title='bbox 916 3687 997 3736; x_wconf 82' lang='lat' dir='ltr'><strong>recte</strong></span> <span class='ocrx_word' id='word_1_303' title='bbox 1015 3680 1180 3738; x_wconf 82' lang='lat' dir='ltr'><strong>declarare.</strong></span> <span class='ocrx_word' id='word_1_304' title='bbox 1207 3675 1238 3758; x_wconf 83' lang='lat'><strong>2)</strong></span> <span class='ocrx_word' id='word_1_305' title='bbox 1265 3677 1350 3751; x_wconf 81' lang='lat' dir='ltr'><strong>Itaque</strong></span> <span class='ocrx_word' id='word_1_306' title='bbox 1410 3659 1411 3716; x_wconf 42' lang='lat' dir='ltr'><strong>l</strong></span> 
     </span>
     <span class='ocr_line' id='line_1_34' title="bbox 132 3771 1349 3862; baseline -0.007 -22"><span class='ocrx_word' id='word_1_307' title='bbox 132 3793 165 3841; x_wconf 87' lang='lat' dir='ltr'><strong>ut</strong></span> <span class='ocrx_word' id='word_1_308' title='bbox 192 3781 241 3840; x_wconf 84' lang='lat' dir='ltr'><strong>hic</strong></span> <span class='ocrx_word' id='word_1_309' title='bbox 266 3780 425 3862; x_wconf 84' lang='lat' dir='ltr'><strong>piscatore,</strong></span> <span class='ocrx_word' id='word_1_310' title='bbox 446 3782 487 3840; x_wconf 91' lang='lat' dir='ltr'><strong>ita</strong></span> <span class='ocrx_word' id='word_1_311' title='bbox 507 3779 571 3838; x_wconf 88' lang='lat' dir='ltr'><strong>illic</strong></span> <span class='ocrx_word' id='word_1_312' title='bbox 591 3776 709 3838; x_wconf 85' lang='lat' dir='ltr'><strong>texendi</strong></span> <span class='ocrx_word' id='word_1_313' title='bbox 730 3789 790 3834; x_wconf 86' lang='lat' dir='ltr'><strong>arte</strong></span> <span class='ocrx_word' id='word_1_314' title='bbox 809 3789 945 3855; x_wconf 88' lang='lat' dir='ltr'><strong>tanquam</strong></span> <span class='ocrx_word' id='word_1_315' title='bbox 964 3779 1094 3856; x_wconf 66' lang='lat' dir='ltr'><strong>exemplo</strong></span> <span class='ocrx_word' id='word_1_316' title='bbox 1112 3776 1213 3838; x_wconf 85' lang='lat' dir='ltr'><strong>utitur.</strong></span> <span class='ocrx_word' id='word_1_317' title='bbox 1254 3771 1307 3833; x_wconf 86' lang='lat' dir='ltr'><strong>sed</strong></span> <span class='ocrx_word' id='word_1_318' title='bbox 1321 3786 1349 3826; x_wconf 76' lang='lat' dir='ltr'><strong>ex</strong></span> 
     </span>
     <span class='ocr_line' id='line_1_35' title="bbox 133 3872 1348 3960; baseline -0.011 -22"><span class='ocrx_word' id='word_1_319' title='bbox 133 3878 232 3939; x_wconf 87' lang='lat' dir='ltr'><strong>eodem</strong></span> <span class='ocrx_word' id='word_1_320' title='bbox 257 3879 311 3939; x_wconf 92' lang='lat' dir='ltr'><strong>illo</strong></span> <span class='ocrx_word' id='word_1_321' title='bbox 340 3878 472 3960; x_wconf 83' lang='lat' dir='ltr'><strong>dialogo,</strong></span> <span class='ocrx_word' id='word_1_322' title='bbox 493 3899 551 3957; x_wconf 89' lang='lat' dir='ltr'><strong>quo</strong></span> <span class='ocrx_word' id='word_1_323' title='bbox 569 3876 706 3958; x_wconf 91' lang='lat' dir='ltr'><strong>politicus</strong></span> <span class='ocrx_word' id='word_1_324' title='bbox 726 3875 787 3934; x_wconf 85' lang='lat' dir='ltr'><strong>sive</strong></span> <span class='ocrx_word' id='word_1_325' title='bbox 806 3894 858 3933; x_wconf 82' lang='lat' dir='ltr'><strong>rex</strong></span> <span class='ocrx_word' id='word_1_326' title='bbox 869 3919 877 3947; x_wconf 91' lang='lat'><strong>,</strong></span> <span class='ocrx_word' id='word_1_327' title='bbox 898 3888 931 3933; x_wconf 89' lang='lat' dir='ltr'><strong>ut</strong></span> <span class='ocrx_word' id='word_1_328' title='bbox 947 3873 996 3933; x_wconf 87' lang='lat' dir='ltr'><strong>hle</strong></span> <span class='ocrx_word' id='word_1_329' title='bbox 1015 3875 1161 3957; x_wconf 86' lang='lat' dir='ltr'><strong>sophista,</strong></span> <span class='ocrx_word' id='word_1_330' title='bbox 1183 3872 1348 3952; x_wconf 86' lang='lat' dir='ltr'><strong>exquiritur,</strong></span> 
     </span>
     <span class='ocr_line' id='line_1_36' title="bbox 131 3971 1347 4058; baseline -0.007 -24"><span class='ocrx_word' id='word_1_331' title='bbox 131 3977 222 4058; x_wconf 89' lang='lat' dir='ltr'><strong>ipsam</strong></span> <span class='ocrx_word' id='word_1_332' title='bbox 247 3976 324 4036; x_wconf 88' lang='lat' dir='ltr'><strong>hanc</strong></span> <span class='ocrx_word' id='word_1_333' title='bbox 355 3975 538 4056; x_wconf 86' lang='lat' dir='ltr'><strong>disquirendi</strong></span> <span class='ocrx_word' id='word_1_334' title='bbox 564 3995 617 4057; x_wconf 90' lang='lat' dir='ltr'><strong>per</strong></span> <span class='ocrx_word' id='word_1_335' title='bbox 643 3971 776 4054; x_wconf 86' lang='lat' dir='ltr'><strong>exempla</strong></span> <span class='ocrx_word' id='word_1_336' title='bbox 795 3972 935 4032; x_wconf 87' lang='lat' dir='ltr'><strong>rationem</strong></span> <span class='ocrx_word' id='word_1_337' title='bbox 953 3972 1102 4055; x_wconf 86' lang='lat' dir='ltr'><strong>explicare</strong></span> <span class='ocrx_word' id='word_1_338' title='bbox 1120 3972 1175 4032; x_wconf 92' lang='lat' dir='ltr'><strong>hoc</strong></span> <span class='ocrx_word' id='word_1_339' title='bbox 1194 3972 1255 4050; x_wconf 79' lang='lat' dir='ltr'><strong>loco</strong></span> <span class='ocrx_word' id='word_1_340' title='bbox 1268 3971 1347 4047; x_wconf 79' lang='lat' dir='ltr'><strong>juva.</strong></span> 
     </span>
    </p>

    <p class='ocr_par' dir='ltr' id='par_1_6' title="bbox 100 4064 1410 4266">
     <span class='ocr_line' id='line_1_37' title="bbox 100 4064 1410 4160; baseline 0 -28"><span class='ocrx_word' id='word_1_341' title='bbox 100 4127 103 4132; x_wconf 88' lang='lat'><strong>.</strong></span> <span class='ocrx_word' id='word_1_342' title='bbox 130 4074 259 4136; x_wconf 88' lang='lat' dir='ltr'><strong>Illustrat</strong></span> <span class='ocrx_word' id='word_1_343' title='bbox 287 4094 349 4160; x_wconf 74' lang='lat' dir='ltr'><strong>cam</strong></span> <span class='ocrx_word' id='word_1_344' title='bbox 372 4074 475 4157; x_wconf 90' lang='lat' dir='ltr'><strong>hospes</strong></span> <span class='ocrx_word' id='word_1_345' title='bbox 504 4096 520 4135; x_wconf 90' lang='lat' dir='ltr'><strong>e</strong></span> <span class='ocrx_word' id='word_1_346' title='bbox 545 4074 693 4135; x_wconf 89' lang='lat' dir='ltr'><strong>literarum</strong></span> <span class='ocrx_word' id='word_1_347' title='bbox 712 4070 880 4152; x_wconf 88' lang='lat' dir='ltr'><strong>disciplina.</strong></span> <span class='ocrx_word' id='word_1_348' title='bbox 926 4091 940 4124; x_wconf 84' lang='lat' dir='ltr'><strong>c</strong></span> <span class='ocrx_word' id='word_1_349' title='bbox 951 4072 1057 4132; x_wconf 90' lang='lat' dir='ltr'><strong>Pueros</strong></span> <span class='ocrx_word' id='word_1_350' title='bbox 1076 4072 1229 4144; x_wconf 85' lang='lat' dir='ltr'><strong>novimus,</strong></span> <span class='ocrx_word' id='word_1_351' title='bbox 1249 4064 1347 4145; x_wconf 68' lang='lat' dir='ltr'><strong>inquit,</strong></span> <span class='ocrx_word' id='word_1_352' title='bbox 1409 4125 1410 4132; x_wconf 72' lang='grc'>,</span> 
     </span>
     <span class='ocr_line' id='line_1_38' title="bbox 131 4161 1347 4266; baseline -0.008 -34"><span class='ocrx_word' id='word_1_353' title='bbox 131 4171 182 4232; x_wconf 90' lang='lat' dir='ltr'><strong>ubi</strong></span> <span class='ocrx_word' id='word_1_354' title='bbox 212 4173 361 4266; x_wconf 81' lang='lat' dir='ltr'><strong>literarum</strong></span> <span class='ocrx_word' id='word_1_355' title='bbox 384 4171 447 4234; x_wconf 87' lang='lat' dir='ltr'><strong>ficri</strong></span> <span class='ocrx_word' id='word_1_356' title='bbox 473 4175 560 4255; x_wconf 86' lang='lat' dir='ltr'><strong>periti</strong></span> <span class='ocrx_word' id='word_1_357' title='bbox 582 4173 751 4254; x_wconf 88' lang='lat' dir='ltr'><strong>incipiunt,</strong></span> <span class='ocrx_word' id='word_1_358' title='bbox 777 4169 927 4229; x_wconf 88' lang='lat' dir='ltr'><strong>literarum</strong></span> <span class='ocrx_word' id='word_1_359' title='bbox 945 4189 1177 4251; x_wconf 88' lang='lat' dir='ltr'><strong>unamquamque</strong></span> <span class='ocrx_word' id='word_1_360' title='bbox 1200 4169 1232 4228; x_wconf 93' lang='lat' dir='ltr'><strong>in</strong></span> <span class='ocrx_word' id='word_1_361' title='bbox 1250 4161 1347 4226; x_wconf 84' lang='lat' dir='ltr'><strong>brevis·</strong></span> 
     </span>
    </p>
   </div>
   <div class='ocr_carea' id='block_1_5' title="bbox 162 4379 456 4534">
    <p class='ocr_par' dir='ltr' id='par_1_7' title="bbox 162 4379 456 4534">
     <span class='ocr_line' id='line_1_39' title="bbox 162 4379 456 4452; baseline -0.01 -17"><span class='ocrx_word' id='word_1_362' title='bbox 162 4381 188 4446; x_wconf 82' lang='grc' dir='ltr'><strong>ι)</strong></span> <span class='ocrx_word' id='word_1_363' title='bbox 205 4379 456 4452; x_wconf 68' lang='lat' dir='ltr'><strong>captate-221.</strong></span> 
     </span>
     <span class='ocr_line' id='line_1_40' title="bbox 162 4467 432 4534; baseline 0.004 -15"><span class='ocrx_word' id='word_1_364' title='bbox 162 4467 188 4534; x_wconf 77' lang='lat' dir='ltr'><strong>a)</strong></span> <span class='ocrx_word' id='word_1_365' title='bbox 206 4469 304 4522; x_wconf 73' lang='lat' dir='ltr'><strong>raso.</strong></span> <span class='ocrx_word' id='word_1_366' title='bbox 320 4467 379 4523; x_wconf 77' lang='lat' dir='ltr'><strong>aaa.</strong></span> <span class='ocrx_word' id='word_1_367' title='bbox 396 4468 432 4520; x_wconf 87' lang='lat' dir='ltr'><strong>o..</strong></span> 
     </span>
    </p>
   </div>
   <div class='ocr_carea' id='block_1_6' title="bbox 0 0 1426 5120">
    <p class='ocr_par' dir='ltr' id='par_1_8' title="bbox 0 0 1426 5120">
     <span class='ocr_line' id='line_1_41' title="bbox 0 0 1426 5120; baseline 0 0"><span class='ocrx_word' id='word_1_368' title='bbox 0 0 1426 5120; x_wconf 95' lang='lat' dir='ltr'><strong> </strong></span> 
     </span>
    </p>
   </div>
  </div>
 </body>
</html>
