2924 5132
728 259 788 322 ddi

144 435 271 511 tatibus,
292 419 406 496 dolores
434 429 604 507 doloribus,
628 441 735 490 netum
756 438 834 490 metu
844 475 855 506 ,
886 429 979 508 majus
997 425 1103 486 minori
1114 471 1123 501 ,
1140 433 1277 505 tauquam
1297 445 1379 484 num·

143 554 222 609 mos,
240 547 421 616 permutare3
443 529 494 590 sed
515 529 567 590 ille
585 527 732 590 duntaxat
755 539 850 588 rectus
874 527 912 587 sit
931 545 1085 600 nummus,
1113 543 1172 604 quo
1189 524 1259 584 haec
1280 525 1382 586 omnia

143 647 273 715 oporteat
296 629 463 720 commutari
473 674 482 704 ,
507 645 610 708 nempe
629 633 803 703 rapientia.-
822 625 877 685 hoc
896 645 1015 686 nummo
1032 635 1106 682 emta
1126 621 1309 702 conditaque
1326 641 1383 682 uru-

144 733 194 792 nia
225 729 322 812 reapse
340 739 426 789 erunt
445 725 605 799 fortitudo,
625 724 834 806 temperantia,
847 723 976 802 justitia,
1003 723 1180 801 omninoque
1198 741 1267 780 vera
1287 720 1385 780 virtus

143 847 210 888 cum
235 829 377 908 sapientia
388 873 396 904 ,
425 828 486 887 sive
504 823 617 899 adsint,
642 824 704 883 sive
723 821 909 882 discesserint
929 821 1113 902 voluptates,
1128 819 1265 893 timores,
1284 831 1386 878 eaete-

142 947 232 1006 raque
251 927 339 1005 hujus
357 927 482 1006 generis,
510 912 701 1004 χωριζόμενα
723 918 758 982 δὲ
780 914 999 1003 φρονήσεως
1015 917 1064 980 καὶ
1086 910 1299 998 ditandam
1320 911 1387 977 dni

142 1017 300 1106 till-ritate,
325 1018 371 1106 μή
392 1021 572 1106 σκιαγραφία
596 1045 640 1100 τος
663 1017 688 1112 ᾖ
713 1015 876 1106 ἡτοιαύτη
898 1016 991 1105 alperti
999 1069 1009 1098 ,
1035 1019 1085 1083 aui
1106 1020 1155 1106 τῷ,
1182 1013 1246 1082 ὄντι
1268 1013 1387 1098 ἄνδρα·

141 1121 342 1209 ποδώδης.’τε
366 1124 416 1188 aot
441 1110 531 1188 odida
555 1121 634 1210 ὑμὲς
663 1121 727 1189 ocid'
754 1121 870 1209 ἀληθὲς
896 1119 970 1212 ἔχῃ·
997 1118 1036 1186 cd
1063 1119 1091 1186 δ’
1112 1117 1230 1206 ἀληθὲς
1253 1121 1302 1210 τῷ
1325 1115 1388 1184 dett

141 1222 166 1316 ᾖ
191 1223 342 1310 κάθαροῖς
360 1251 405 1304 τις
425 1210 491 1292 ιτοῖο
510 1225 656 1292 τοιούτων
675 1225 809 1306 πάντων,
837 1227 887 1292 aui
907 1219 1130 1311 ἠοωφροσύνη
1153 1223 1201 1288 καὶ
1220 1219 1244 1308 η’
1266 1225 1385 1286 doemo-

142 1327 215 1415 otor,
244 1329 294 1393 eoi
321 1325 344 1415 ἡ
372 1327 506 1414 o’idpsc‘o,
540 1331 589 1395 eol
620 1325 699 1416 αὐτῆ
728 1326 749 1416 ἠ
781 1325 968 1415 φρόνησις
997 1324 1043 1415 μή
1074 1321 1237 1411 καθαρμός
1267 1347 1318 1402 τις
1347 1319 1386 1414 ᾖ·
1433 1329 1441 1346 ’

142 1441 192 1496 ein
218 1447 321 1496 autem
346 1449 369 1495 α’
390 1437 626 1515 prudentia
652 1447 811 1519 aefflegata
839 1446 929 1514 atque
945 1443 1074 1494 inuicem
1092 1443 1271 1514 pematotu
1296 1439 1383 1504 rint,

142 1535 229 1610 aide,
258 1558 295 1594 ne
319 1542 423 1594 inante
451 1536 598 1614 quaedam
621 1537 744 1595 umbrae
769 1535 930 1612 descriptio
949 1535 1023 1595 tolie
1042 1540 1259 1602 virtuositate
1277 1551 1391 1608 reapse

143 1625 283 1709 seruilia,
312 1655 365 1693 neo
391 1653 500 1694 sanum
528 1635 602 1714 quid
630 1641 686 1692 aut
711 1653 815 1692 oerum
843 1633 1107 1691 tetrantorum
1129 1639 1232 1690 autom
1248 1638 1391 1688 munium

125 1739 298 1793 ‘oeffeaime
319 1741 465 1813 purgatio
485 1741 526 1793 eit
545 1755 614 1792 oum
633 1739 836 1812 temperantia
847 1777 856 1808 ,
873 1741 938 1790 tum
955 1735 1103 1806 justitio,
1120 1737 1188 1788 tum
1204 1730 1389 1806 fortitudo,

142 1841 210 1912 ipso
228 1839 330 1890 autem
348 1851 390 1891 sa
397 1840 540 1908 pienti
550 1851 569 1890 a
590 1831 756 1890 remedium
774 1837 816 1890 eit
832 1829 988 1908 aliquod.»
1010 1824 1039 1910 l)
1280 1891 1290 1901 ,

185 1930 265 1990 Talis
290 1929 369 2011 apud
393 1929 542 1990 Platonem
562 1943 604 1990 est
622 1931 780 2012 sapientiae
801 1939 1033 2006 caeterarumque
1051 1927 1194 1986 uirtutum
1214 1945 1283 1983 cum
1305 1945 1390 1984 sanc·

144 2029 225 2089 titate
255 2026 447 2089 necessitudo.
489 2030 553 2106 Quo
581 2029 670 2108 magis
694 2028 858 2101 cernimus,
887 2026 1012 2086 alienam
1031 2025 1119 2107 plane
1138 2025 1202 2103 ejus
1219 2021 1387 2082 doctrinam

143 2125 180 2186 ab
204 2125 283 2185 omni
310 2128 513 2208 superstitione
530 2127 599 2188 esse,
641 2127 713 2184 Nam
733 2123 899 2207 superstitio
925 2123 1003 2184 unde
1023 2123 1171 2198 crebrius,
1193 2139 1281 2201 quant
1302 2142 1382 2180 ere-

143 2245 208 2283 rum
236 2223 399 2303 ignorantia
433 2217 696 2305 praejudicatisque
728 2219 918 2304 opinionibus
951 2222 1088 2281 exsistit?
1140 2221 1255 2280 Horum
1286 2230 1380 2276 autem

75 2366 82 2386 .
143 2320 348 2404 philosophus,
378 2323 429 2402 qui
457 2321 535 2381 idem
560 2335 602 2382 est
630 2322 762 2381 veritatis
785 2320 996 2380 amantissimus
1024 2319 1241 2397 rectissimdque
1268 2317 1320 2378 via
1349 2315 1386 2376 ad
1419 2344 1422 2352 ¹

36 2471 39 2476 .
143 2420 314 2502 sapientiam
337 2417 509 2494 contendit,
540 2419 666 2478 maxime
692 2431 735 2478 est
763 2417 910 2478 immunis.
953 2413 1012 2479 Sed
1041 2415 1073 2476 id
1102 2415 1271 2499 priusquam
1305 2435 1383 2473 accu-

144 2519 234 2578 ratius
263 2515 462 2598 exploremus,
481 2517 614 2599 persequi
636 2520 723 2598 juvat
749 2515 902 2576 sublimem
921 2511 1050 2576 Platonis
1070 2515 1106 2576 de
1130 2515 1183 2574 hoc
1204 2515 1268 2598 ipso
1291 2511 1378 2595 philo

143 2615 261 2697 sophiae
284 2635 403 2676 munere
433 2617 616 2677 sententiam.
662 2615 722 2675 «In
750 2613 879 2675 Deorum
907 2633 976 2676 vero
996 2633 1085 2695 genus
1109 2623 1145 2664 ’-
1163 2612 1234 2671 haec
1254 2601 1395 2699 Socratei‘

142 2733 228 2796 porro
255 2715 354 2776 (lebeti
376 2752 410 2762 -
422 2714 506 2774 'nulli
536 2715 580 2774 ias
599 2729 640 2774 est
658 2713 832 2796 pervenire,
850 2725 1053 2794 praeterquam
1072 2705 1153 2786 illis,
1174 2709 1225 2789 qui
1248 2711 1388 2770 discendi
1459 2739 1460 2748 ο

142 2811 303 2894 eupiditate
327 2813 499 2894 flagrantes,
530 2812 596 2894 puri
626 2811 831 2873 discesserunt.
873 2807 985 2873 Horum
1012 2802 1060 2870 illi
1080 2807 1170 2889 gratid
1190 2808 1227 2868 ab
1248 2809 1392 2868 omnibus

142 2911 270 2994 eorporis
296 2911 508 2993 cupiditatibus
536 2911 695 2972 abstinent.
746 2909 853 2969 Sciunt
884 2909 982 2984 enim,
1012 2902 1227 2990 philosophiam
1256 2907 1392 2988 ipsorum

142 3010 290 3086 animum,
316 3011 448 3072 vinetum
484 3009 571 3090 plane
606 3009 738 3090 corpori,
776 3025 808 3068 ao
836 3025 889 3088 per
920 3023 1023 3088 corpus
1036 3051 1046 3082 ,
1060 3005 1212 3084 'tanquam
1242 3022 1298 3085 per
1328 3025 1392 3064 car·

142 3127 237 3167 cerem
262 3108 427 3188 quendam,
456 3125 502 3166 res
522 3095 706 3167 considerare
724 3119 869 3166 coactum:
897 3105 1012 3183 sciunt,
1039 3103 1179 3184 inquam,
1203 3098 1244 3162 sic
1269 3121 1301 3162 se
1331 3101 1390 3162 ha·

142 3203 259 3264 bentem
282 3204 415 3285 ipsorum
442 3205 571 3264 animum
600 3203 814 3285 philosophiam
843 3201 1010 3284 suscipere,
1038 3199 1201 3280 sensimque
1229 3195 1389 3260 admonere

143 3319 176 3361 ao
206 3302 332 3362 solvere·
348 3304 464 3377 conari,
495 3301 712 3375 emendantem,
741 3301 922 3362 tollerasse
950 3299 1118 3376 oculorum,
1148 3293 1244 3359 fallax
1269 3293 1392 3357 aurium

143 3411 374 3480 caeterorumque
400 3418 536 3462 sensuum
551 3397 717 3479 judicium,
741 3411 803 3460 tum
822 3418 891 3479 vero
915 3399 1106 3473 suadentem,
1136 3383 1170 3457 ut
1194 3395 1332 3458 discedat
1353 3393 1392 3458 ab

142 3499 203 3576 his,
234 3519 264 3559 se
290 3500 383 3582 ipsum
408 3512 524 3560 revocet
552 3495 623 3558 inde
646 3513 732 3579 atque
759 3497 895 3578 colligat,
915 3513 968 3556 neo
991 3495 1067 3571 ulli,
1086 3509 1288 3577 praeterquam
1311 3493 1393 3570 sihi,

143 3596 231 3658 fidem
256 3598 368 3660 haheat.
403 3599 497 3668 ,Hunc
524 3606 619 3655 autem
647 3597 680 3656 in
706 3595 823 3656 modum
851 3615 918 3654 cum
946 3592 1068 3654 solverit
1097 3591 1225 3675 ipsorum
1254 3593 1395 3653 animum

142 3697 346 3780 philosophia,
374 3693 456 3757 haud
483 3695 661 3776 arbitrantur
690 3705 839 3776 oportere,
868 3693 974 3753 iterum
1003 3691 1090 3752 illum
1120 3687 1328 3773 voluptatssrus
1361 3711 1394 3752 ac

141 3793 293 3856 doloribus
321 3795 447 3872 dedere,
478 3795 639 3872 iterumque
666 3793 780 3854 vincire
807 3805 892 3873 atque
919 3792 1034 3851 irritum
1059 3807 1131 3872 opus
1160 3791 1272 3864 lacere,
1305 3791 1394 3870 qnasi

143 3893 230 3954 telam
257 3893 415 3974 Penelopes
440 3877 612 3954 retexentes.
653 3890 714 3952 Imo
730 3909 803 3958 uero
831 3892 935 3952 horum
955 3889 1163 3970 tranquillitati
1181 3887 1305 3949 studetis
1326 3889 1395 3971 phi·

143 3991 328 4076 losophor'um
360 4010 456 4070 mens,
486 3984 619 4072 ἑπομένη
650 3990 696 4075 aqi
727 3988 861 4075 λογισμῷ
889 3985 940 4050 stol
968 3983 1014 4048 riri
1046 3985 1079 4049 ἓν
1108 3979 1212 4072 τούτῳ,
1236 3976 1394 4066 udoa,.cri

144 4085 308 4176 ἀληθὲς,
335 4089 384 4152 eoi
407 4086 446 4154 cd
477 4095 596 4170 θεῖον,
622 4089 673 4153 eoi
696 4086 735 4154 td
755 4085 961 4164 α’δόξοοστον
988 4084 1147 4172 θεωμένη,
1167 4087 1218 4150 aui
1238 4081 1289 4148 ὑπ’
1313 4087 1392 4152 ἐκεί-

144 4205 196 4257 ’νοο
221 4188 405 4278 τρεφομένη,
433 4193 491 4278 ζῆν
514 4215 545 4258 τε
574 4189 670 4270 οὕτως
691 4189 781 4256 οἴεται
807 4191 884 4270 δεῖν,
909 4189 966 4268 ἕως
993 4185 1031 4254 dr
1051 4191 1071 4268 ζ
1070 4189 1104 4279 ᾖ
1126 4189 1175 4254 καὶ
1198 4183 1323 4253 ἐπειδᾶν
1342 4215 1391 4254 rr-

178 4477 205 4542 1)
217 4481 314 4534 ‘Phoed
334 4480 376 4534 68.
395 4482 425 4534 Ι).
443 4507 478 4518 -
496 4478 537 4532 69.
560 4477 589 4531 G.
