2872 5122
618 271 680 332 »75

345 428 454 519 Ἔρωι,
469 426 577 518 Ἔρως,
601 430 636 510 ὃς
656 429 719 496 κατ’
739 427 886 516 ὀμμάτων

353 531 469 612 στάζεις
489 531 606 613 πόθον,
628 530 752 619 εἰσάγων
772 539 904 618 γλυκεῖαν

353 643 469 721 ψυχαῖς
489 631 591 722 χάριν·
618 640 647 724 l)
904 709 907 716 Ι

90 743 143 805 Sed
160 744 256 803 surore
275 742 468 803 describendo
488 745 591 802 amoris
611 742 699 802 altius
722 742 865 822 spectavit
891 741 992 816 Plato,
1013 763 1099 822 quam
1119 747 1218 823 poetae
1247 765 1290 830 so·

58 843 154 902 lebant.
197 844 270 901 Nam
288 855 401 901 tanturn
427 841 524 915 abest,
547 854 579 899 ut
604 839 766 927 voluptates
794 840 920 900 excitare
943 839 1104 915 studuerit,
1126 856 1159 901 ut
1187 844 1291 902 amoris

57 943 216 1022 expresserit
235 941 296 1002 vim
315 939 467 1013 divinam,
493 959 549 1018 qua
578 939 682 1000 evehat
701 937 834 998 mortales
862 937 994 998 homines
1023 940 1060 999 ad
1084 941 1209 1000 Deorum
1237 943 1288 1000 im·

57 1038 209 1098 mortalium
228 1039 418 1098 imitationem
437 1051 465 1096 et
484 1035 717 1098 similitudinem.
760 1036 846 1111 Quod
866 1037 951 1097 nobis
970 1039 1028 1116 jam
1046 1040 1210 1118 proximum
1229 1053 1289 1114 est,

57 1152 83 1197 ut
98 1137 307 1217 quodammodo
328 1136 516 1217 explicemus.

178 1333 228 1392 Da
248 1335 362 1393 amorii
381 1334 463 1410 apud
480 1331 641 1390 Plutonem
660 1341 691 1390 et
706 1333 909 1410 philosophiae
929 1321 1158 1393 necessitudiite.

89 1529 122 1587 ln
139 1531 266 1610 pristina
285 1529 339 1588 illa
358 1530 465 1590 vitaet
485 1526 622 1601 coelesti,
642 1547 730 1606 quum
749 1526 919 1587 fruebamur
936 1525 1099 1587 identidem
1116 1528 1290 1610 pulcerrimo

57 1628 108 1685 veri
127 1627 311 1708 spectaculo,
332 1627 424 1686 Deum
448 1626 554 1706 quique
581 1639 728 1701 nostrum,
751 1641 783 1686 ut
802 1625 925 1700 ducem,
948 1625 1109 1686 solebamus
1134 1630 1235 1706 sequi,
1257 1629 1291 1690 in

56 1726 126 1802 cujus
145 1711 235 1784 choro
258 1725 462 1786 versabamur:
483 1744 605 1803 eumque
625 1723 802 1810 habebamus
826 1723 935 1804 singuli
955 1725 1035 1804 quasi
1056 1725 1209 1806 choragum
1235 1747 1291 1785 no-

56 1837 152 1898 strum,
174 1825 224 1883 cui
244 1825 299 1904 ipsi
323 1844 444 1882 essemus
468 1822 572 1882 natura
599 1836 627 1882 et
654 1821 751 1882 studio
781 1821 933 1882 simillimi.
976 1822 1098 1883 Exclusi
1121 1827 1182 1903 jam
1210 1826 1291 1885 festis

57 1920 107 1980 illis
125 1922 279 2001 chorisque
298 1921 428 1996 divinis,
449 1942 510 1980 non
529 1919 619 1980 solum
644 1935 770 2003 spectare
792 1920 846 1980 illa
870 1943 930 1981 non
950 1942 1118 2002 possumus,
1140 1923 1190 1982 sed
1215 1922 1291 1983 desi·

57 2018 176 2079 deramus
196 2021 286 2079 etiam
303 2013 456 2100 aegerrime
471 2039 557 2098 quem
573 2018 699 2078 colamus
705 2065 713 2094 ,
734 2038 819 2100 quem
836 2020 1000 2094 imitemur,
1022 2041 1107 2100 quem
1123 2041 1286 2100 sequamur.

57 2117 246 2178 Veruntamen
265 2118 344 2198 quod
372 2132 433 2177 tum
462 2117 547 2177 nobis
570 2117 692 2198 contigit
718 2131 746 2177 et
774 2132 871 2199 postea
899 2117 1044 2177 ademtum
1068 2133 1128 2194 est,
1150 2119 1182 2179 id
1211 2141 1291 2179 nunc

58 2217 130 2275 nobis
150 2239 232 2276 amor
251 2217 386 2276 restituit.
427 2217 573 2276 Amasium
604 2217 799 2295 unusquisque
824 2217 936 2296 quaerit
960 2219 1020 2277 Deo
1043 2217 1185 2294 similem,
1206 2239 1291 2297 quem

57 2327 108 2372 tum
125 2329 281 2376 veneratus
301 2328 359 2389 est,
380 2329 408 2372 et
425 2313 504 2372 hunc
523 2313 622 2372 eodem
650 2327 805 2374 veneratur
832 2317 1090 2396 prosequiturque,
1110 2337 1167 2395 quo
1186 2317 1272 2375 illum
1281 2363 1290 2393 ,

58 2409 163 2473 honore.
186 2415 252 2487 Qua
278 2414 310 2471 in
325 2433 355 2470 re
374 2413 498 2488 maxima
521 2412 651 2470 cernitur
670 2413 829 2471 amantium
848 2412 1011 2494 diversitas.
1052 2415 1125 2473 Nam
1144 2416 1195 2494 qui
1214 2416 1291 2476 Mar·

59 2522 105 2568 tem
127 2512 251 2571 fuerunt
271 2511 381 2585 secuti,
403 2524 434 2569 ut
453 2510 508 2591 ipsi
535 2524 603 2569 sunt
622 2509 856 2590 sanguinolenti,
877 2512 918 2571 ita
942 2513 1029 2571 talem
1054 2513 1139 2570 etiam
1153 2515 1291 2573 amasium

59 2624 209 2684 quaerunt:
231 2609 271 2668 sic
287 2608 377 2667 alium
392 2621 554 2688 quaerunt,
572 2608 623 2686 qui
638 2608 777 2684 Junonis,
793 2609 902 2684 alium,
924 2613 973 2689 qui
993 2611 1159 2691 Apollinis,
1181 2610 1271 2672 alium
1280 2659 1290 2689 ,
1361 2641 1365 2654 ·

59 2707 99 2783 qui
117 2693 190 2768 alius
212 2707 302 2766 secuti
323 2720 391 2766 sunt
414 2706 543 2766 chorum.
585 2693 690 2765 Omnes
718 2725 786 2766 vero
814 2707 852 2766 ad
870 2708 915 2768 sui
933 2708 1156 2791 similitudinem
1183 2712 1237 2771 Dei
1262 2725 1291 2770 et

60 2819 170 2864 amatum
201 2819 230 2865 et
259 2805 423 2886 semetipsos
452 2825 624 2886 componere
653 2801 781 2864 student.
805 2806 940 2867 accidit
959 2808 1019 2882 ita,
1043 2821 1075 2866 ut
1095 2808 1228 2870 diversus
1251 2811 1289 2869 sit

60 2900 117 2960 item
135 2903 254 2963 amandi
275 2902 393 2978 modus,
422 2923 556 2983 amorque
584 2924 645 2963 non
669 2901 804 2961 omnibus
833 2903 968 2966 similiter
991 2900 1091 2986 pro'sit.
1140 2908 1198 2982 Qui
1221 2928 1290 2970 vero

59 2997 146 3061 lovem
164 3001 324 3081 aliquando
339 3001 492 3083 choregum
510 3001 676 3060 habuerunt
685 3045 694 3075 ,
710 3000 860 3082 Jovialen
875 3017 1035 3081 quaerunt,
1067 3025 1152 3084 quem
1175 3020 1288 3066 ament:

9 3085 10 3088 Ἴ
61 3099 204 3160 menodoro
231 3093 296 3174 oda,
323 3099 348 3160 ti
374 3093 541 3181 φιλόσοφός
566 3121 597 3162 τι
623 3096 672 3160 καὶ
697 3091 870 3180 η’γεμονικός
895 3095 951 3182 τήν
973 3095 1075 3184 φύσιν·
1096 3107 1289 3164 confiderent

61 3207 166 3280 igitar,
188 3223 263 3260 rrum
273 3203 520 3280 philosophanti
534 3209 650 3262 natura
665 3215 755 3281 atque
768 3205 808 3261 ud
820 3207 1032 3282 imperandum
1045 3215 1153 3264 natue:
1174 3203 1288 3282 qualet'n

63 3297 103 3358 tbi
121 3301 315 3376 invenerunt,
346 3323 407 3361 non
435 3315 532 3361 amant
558 3321 623 3360 eum
646 3300 844 3378 solummodo,
874 3302 924 3362 sed
953 3305 1105 3363 enituntur
1130 3301 1236 3377 simul,
1257 3316 1289 3361 ut

64 3397 163 3458 indoles
180 3400 245 3477 ¹ejus
264 3420 399 3479 generosa
418 3400 580 3481 explicetur
598 3413 666 3460 tota.
701 3400 788 3475 Quod
808 3399 920 3460 efficere
940 3417 1075 3462 conantes
1085 3448 1094 3477 ,
1115 3397 1175 3461 nori
1192 3402 1290 3460 minus

63 3495 253 3578 sibimetipsis,
274 3519 360 3577 quam
388 3513 498 3574 amato,
518 3497 685 3558 consulunt.
726 3499 799 3558 Nam
821 3499 845 3558 si
874 3513 958 3559 antea
978 3499 1189 3581 philosophiam
1209 3498 1290 3558 haud

65 3592 108 3650 rite
122 3596 241 3676 aggressi
260 3610 347 3672 sunt,
367 3610 436 3656 tunc
466 3599 498 3656 in
527 3617 598 3670 eam,
617 3597 837 3680 incumbentes,
865 3611 893 3656 et
912 3597 1032 3657 aliunde
1053 3597 1169 3656 discunt
1198 3596 1288 3656 unde·

13 3761 19 3776 ·
66 3709 164 3771 cunque
183 3693 270 3770 licet,
292 3709 320 3754 et
343 3695 399 3776 ipsi
419 3717 469 3776 per
488 3703 518 3755 sc'
536 3693 674 3776 proficere
694 3695 839 3755 nituntur.
865 3695 1057 3777 Explorantes
1076 3709 1171 3753 autem
1190 3709 1288 3754 semet·

67 3785 147 3866 ipsos,
175 3805 207 3850 ut
228 3793 431 3872 investigando
454 3806 640 3872 assequantur
657 3793 711 3851 Dei
730 3794 774 3852 sui
794 3807 942 3868 naturam,
961 3793 1021 3854 voti
1040 3793 1157 3852 tandem
1176 3814 1287 3874 compo·

67 3895 101 3943 tes
113 3886 200 3966 liunt,
209 3904 372 3971 propterea,
382 3890 461 3970 quod
474 3893 506 3950 in
520 3892 613 3951 Deum
627 3888 778 3950 intendere
792 3913 905 3951 omnem
918 3891 1023 3951 mentis
1037 3892 1127 3950 aciem
1137 3907 1287 3973 coguntur.

8 4037 9 4040 ,
67 3981 131 4042 Tum
147 4007 214 4048 vero
231 3990 350 4048 assecuti
366 3990 452 4050 illum
469 3989 686 4064 recordatione,
707 3991 824 4068 ejusque
839 3991 959 4049 numine
973 3990 1078 4065 afflati,
1099 4011 1135 4049 ex
1150 4011 1183 4050 eo
1197 3985 1288 4051 mores
1355 3983 1360 3994 ¹

69 4092 92 4137 et
106 4084 194 4144 studia
208 4085 359 4164 delibant,
377 4103 518 4168 quatenus
530 4086 642 4146 homini
658 4087 701 4146 fas
715 4101 757 4147 est
770 4088 823 4147 Dei
842 4107 900 4147 esse
914 4089 1059 4170 participi.
1081 4089 1175 4166 Hujus
1194 4102 1287 4147 autem

69 4173 190 4242 beneficii
207 4186 343 4245 amasium
366 4185 505 4253 habentes
524 4200 686 4261 auctorem,
704 4186 792 4267 magis
810 4187 895 4250 etiam
914 4207 979 4246 eum
998 4185 1144 4268 diligunt,
1164 4183 1286 4266 quodsi,

76 4364 312 4386 ——u-—

101 4479 122 4545 ¹)
138 4485 227 4557 rippa.
245 4507 285 4542 vs.
303 4488 362 4542 aas.
380 4490 419 4543 ue
438 4488 621 4558 scriptoribus,
641 4490 683 4558 qut
701 4488 835 4543 cratonem
857 4492 947 4544 tntae
965 4499 1024 4544 runt
1040 4492 1093 4543 vta.
1112 4491 1165 4542 aa
1183 4491 1217 4546 aa
1230 4492 1254 4544 n.
1269 4492 1285 4544 t.
