2838 5120
747 245 806 304 272

107 425 112 444 '
155 409 238 470 dabit
274 409 447 492 eiemplum.
495 401 592 468 Πάλιν
623 405 680 480 δὲ,
713 413 754 472 sic
783 412 876 492 pergit
904 410 1049 486 Socrates,
1082 407 1114 470 ἕν
1146 413 1206 485 τοῖς
1235 407 1368 494 γράμμασι

155 505 190 571 τό
220 507 273 570 νῦν
307 502 463 590 λεγόμενον
489 503 641 589 λάβοιμεν·
665 545 696 558 -·-
720 503 823 590 ἐπειδή
850 503 953 590 φωνήν
980 502 1099 594 ἄπειρον
1123 509 1301 597 κατενόησεν,
1325 514 1367 578 εἴτε

156 634 200 686 τις
226 606 311 686 θεός,
340 607 395 672 εἷ’τε
422 610 471 672 καὶ
498 615 582 687 θεῖος
608 607 786 692 ἄνθρωπος,
809 605 850 686 ως
871 605 970 694 λόγος,
994 611 1026 676 ἒν
1048 610 1195 702 Αἰγύπτῳ
1218 619 1301 682 (iasii
1318 617 1368 682 mi

155 712 263 775 rosires
288 710 427 794 γενέσθαι
453 710 560 796 λέγων,
589 710 622 789 ὃς
644 714 765 796 πρῶτος
784 709 824 778 soi
845 708 1001 796 φωνήεντα
1023 715 1055 778 ἐν
1075 718 1119 804 τῷ
1140 714 1251 806 ἄπείρφ
1272 717 1368 784 κατενό-

156 837 242 900 ησεν,
265 812 324 898 erip
346 815 377 878 ἓν
399 809 484 892 ἄντα,
507 812 581 878 ἄλλά
604 815 708 880 πλείω·
730 816 779 878 καὶ
798 811 885 878 πάλιν
908 814 1009 902 ἕτερα,
1031 823 1135 904 φωνῆς
1153 819 1212 901 μὲν
1224 819 1271 898 osi,
1285 820 1370 907 φθόγ-

154 942 208 1000 γον
235 917 270 981 ti
298 914 463 1000 μετέχοντα
488 916 580 996 τινός·
607 914 741 1003 ipsiipsi
768 913 804 980 δέ
829 943 892 980 τινα
917 919 967 982 καὶ
992 916 1106 985 τοότων
1127 917 1212 986 εἶναι·
1235 925 1325 1008 τρίτα
1343 924 1370 987 δὲ

155 1016 234 1096 εἶδος
260 1015 447 1103 γραμμάτων
474 1018 663 1106 ελιεστήσατο,
690 1019 729 1085 τοὶ
755 1023 820 1084 νῦν
834 1015 977 1103 λεγόμενα
1002 1019 1112 1106 ἄφωνα
1136 1021 1225 1110 ἡμῖν·
1251 1023 1289 1090 τό
1311 1024 1370 1107 μετά

155 1126 243 1187 τοῦτο
271 1119 367 1211 διῄρει
396 1120 434 1186 τά
459 1149 490 1187 τε
518 1119 664 1209 ἄφθογγα
690 1125 739 1187 καὶ
766 1119 887 1206 ἄφωνα,
915 1121 1008 1207 μέχρι
1036 1124 1100 1204 ἑνός
1121 1124 1261 1206 ἑκάστου,
1283 1131 1326 1192 sci
1341 1126 1368 1192 τά

157 1221 312 1312 φωνήεντα
337 1226 386 1288 καὶ
411 1223 448 1288 τά
474 1225 552 1309 μέσα
562 1277 572 1305 ,
600 1224 674 1291 κατᾶ
700 1223 752 1292 τόν
779 1223 869 1290 αὐτόν
894 1224 1016 1312 τρόπον·
1045 1227 1102 1306 ἕως
1128 1228 1230 1294 minois
1256 1228 1368 1315 άριθμόν

156 1325 272 1411 λαβών,
302 1325 348 1391 ἑνί
371 1354 402 1392 τε
432 1325 545 1418 ἑκάστῳ
572 1332 621 1394 καὶ
646 1326 776 1412 §ipsam
797 1335 942 1411 στοιχεῖον
964 1327 1151 1413 ἐπωνόμασε·
1173 1337 1316 1418 καθορῶν
1331 1333 1364 1409 ii,

158 1427 199 1508 ω’ς
222 1429 319 1508 οόόεὶς
339 1427 428 1516 ἡμῶν
450 1429 516 1496 ott’
536 1432 573 1496 ἄν
596 1434 628 1498 ἓν
649 1430 724 1498 αὐτό
745 1430 817 1497 καθ’
837 1429 912 1496 aivi
934 1427 1002 1496 ἄνευ
1024 1425 1144 1498 πάντων
1164 1433 1263 1500 αὐτῶν
1277 1432 1366 1528 μάθον,

155 1536 263 1598 τοῦτον
290 1532 342 1598 τόν
369 1531 480 1616 δεσμόν
508 1531 547 1599 αὖ
572 1533 774 1621 λογισάμενος,
803 1531 844 1612 ως
870 1531 943 1599 ἄντα
970 1537 1033 1612 ἕνα,
1055 1538 1105 1600 καὶ
1125 1541 1220 1601 ταῦτα
1240 1536 1368 1603 sinoti

154 1663 218 1714 πως
239 1639 393 1714 ποιοῦντα,
416 1638 488 1719 μίαν
513 1637 559 1702 ἐπ’
580 1637 679 1716 αὐτοῖς
692 1635 741 1716 τός
763 1634 854 1702 οὖσαν
874 1635 1081 1721 γραμματικήν
1102 1637 1211 1724 τέχνην
1232 1638 1369 1726 ἄπεφθόγ·
1403 1705 1404 1710 ,

153 1741 225 1814 ξατο
247 1736 425 1826 προσειπών·
456 1751 570 1805 iterum
600 1769 615 1804 e
643 1747 744 1804 literis
774 1746 850 1822 quod
879 1766 960 1803 nunc
991 1747 1126 1804 dirimas
1145 1746 1320 1826 efficiamus.
1346 1777 1368 1786 -

154 1845 318 1924 Postquam
339 1847 497 1918 infinitam
522 1866 617 1903 vocem
645 1845 866 1903 animadvertit
886 1853 948 1903 sive
967 1842 1054 1904 Deus
1073 1848 1188 1923 aliquis
1217 1855 1279 1905 sire
1305 1849 1369 1904 Ῐιοασ

154 1946 295 2018 divinus,
317 1945 418 2024 qualis
448 1945 530 2020 apud
558 1942 724 2024 Aegyptios
758 1943 875 2002 Theutlr
905 1945 1029 2022 quidam
1047 1947 1153 2020 fuisse
1172 1947 1304 2020 fertur,
1330 1949 1368 2022 qui
1403 1929 1404 1950 ¹

151 2051 274 2122 primus
294 2051 414 2120 inipso
432 2051 511 2102 vocis
531 2044 688 2118 infinitate
714 2042 826 2101 vocales
856 2044 964 2100 literas
991 2045 1213 2117 consideravit,
1234 2067 1308 2122 quoe
1324 2063 1367 2100 noa

156 2164 236 2219 una,
258 2144 308 2202 sed
332 2143 456 2219 plures:
478 2162 647 2219 rursusque
673 2143 770 2215 alios,
791 2161 867 2218 quae
896 2163 955 2199 nore
977 2149 1055 2200 nocis
1073 2143 1123 2201 ssd
1142 2151 1208 2200 soni
1227 2143 1365 2219 cujusdem

151 2249 321 2318 participes
349 2251 461 2314 essent,
493 2261 657 2318 eorumque
682 2248 756 2297 item
785 2260 946 2297 rsumerum
975 2241 1124 2318 qusndnm
1151 2261 1212 2298 esse
1240 2243 1330 2314 vidit,
1345 2246 1366 2294 st

153 2347 281 2397 tertiam
299 2340 405 2397 deinde
425 2327 551 2414 speciem
571 2340 734 2396 literarum
759 2339 923 2412 distiterit,
944 2359 1070 2413 aarum,
1092 2359 1167 2416 quas
1184 2359 1266 2396 nunc
1284 2347 1366 2395 mutos
1403 2355 1404 2432 γ

151 2457 310 2496 nocemus:
331 2445 360 2496 is
384 2445 507 2517 igitur,
524 2448 683 2514 postquam
710 2437 781 2495 hoec
811 2434 1048 2518 animadvertit,
1070 2438 1207 2517 deinceps
1234 2428 1367 2496 samsoni

154 2547 290 2614 expertes
310 2546 468 2613 mutasque
486 2537 632 2594 discrevit
651 2537 850 2618 singulatim,
872 2543 938 2593 tum
961 2537 1076 2595 vocales
1101 2547 1130 2594 et
1148 2538 1262 2596 medies
1287 2537 1367 2595 eodem

155 2634 237 2694 modo
247 2657 261 2706 ,·
282 2637 390 2709 donec,
412 2657 517 2693 eorum
537 2657 661 2693 rrumero
679 2642 713 2692 in
731 2636 864 2716 singulis
884 2625 1032 2721 ipecipbus
1051 2645 1080 2692 et
1099 2642 1133 2692 irs
1153 2643 1303 2694 uniuersis
1327 2655 1367 2690 re-

145 2746 254 2812 perto,
277 2736 430 2815 elemento
442 2735 619 2814 appellaret.
643 2733 774 2813 Cumque
794 2735 928 2808 videret,
950 2740 1099 2791 neminem
1119 2744 1256 2794 nostrum
1277 2735 1366 2792 iorum

150 2833 315 2910 quidquem
342 2843 465 2893 seorsim
480 2833 716 2912 percepturum,
738 2839 800 2892 nisi
828 2839 971 2891 universo
998 2840 1197 2911 percepisset,
1229 2834 1365 2891 vinculum

151 2933 202 2990 hoc
223 2952 335 2990 rursus
357 2935 524 3012 reputando
553 2935 764 3007 considerans,
787 2941 823 2989 ut
842 2953 959 3006 unum,
980 2937 1129 2989 οἰωνοῖο
1157 2933 1262 2989 haeres
1286 2949 1364 2987 απανι

147 3031 296 3112 respicietis,
323 3041 558 3112 grammaticam
597 3042 713 3107 artem,
746 3041 782 3088 ut
815 3051 908 3088 unum
938 3029 1072 3088 amitibus
1100 3051 1298 3103 communem,
1325 3027 1364 3084 isos

149 3138 268 3189 nomine
286 3137 410 3190 vocavit.
435 3128 464 3210 l)
761 3117 764 3126 ,

192 3230 330 3310 Campum
350 3228 399 3287 htc
420 3249 487 3288 sane
504 3227 685 3310 philosophis
702 3229 873 3286 immensum
892 3227 1005 3307 aperuit
1038 3225 1138 3302 Plato,
1159 3227 1199 3284 in.
1218 3245 1300 3305 quem
1323 3242 1364 3281 ex·

150 3340 316 3386 currerent:
349 3341 377 3384 et
397 3347 497 3408 operae
519 3339 560 3385 est
578 3327 705 3408 profecto
723 3328 869 3407 pretium,
888 3345 961 3404 quae
979 3325 1079 3406 paucis
1097 3326 1137 3384 itu
1157 3325 1214 3383 ille·
1230 3325 1267 3385 de
1284 3339 1362 3382 rerum

150 3426 323 3484 inventione
343 3416 475 3499 monuit,
495 3424 651 3504 diligenter
671 3425 703 3483 in
721 3425 856 3484 omnibus
886 3424 1016 3483 inventis
1045 3423 1212 3504 singulatim
1239 3419 1361 3506 persequi.

149 3523 221 3582 Tam
240 3524 297 3583 late
318 3536 396 3604 patet
425 3523 494 3582 haec
515 3522 697 3602 disquisitio,
725 3537 757 3581 ut
787 3543 902 3583 omnem
926 3520 1052 3580 hominis
1083 3543 1099 3580 a
1127 3520 1281 3581 tenerrima
1307 3515 1361 3576 inde

151 3636 244 3681 aetate
274 3621 312 3681 ad
348 3620 578 3702 cognoscendum
613 3619 865 3700 judicandumque
904 3619 1129 3700 progressionem
1163 3621 1360 3701 complectatur.

149 3724 220 3781 Nam
241 3736 273 3780 ut
301 3734 406 3781 cuneta
434 3703 558 3780 infantis
584 3721 716 3780 sensibus
743 3721 881 3794 confusa,
910 3712 1126 3798 συγκεχυμένα,
1157 3731 1295 3801 apparent
1317 3711 1360 3796 pri·

148 3841 244 3895 mum,
266 3821 306 3879 ita
325 3821 387 3901 ipse
406 3819 476 3880 dein
497 3819 662 3893 cernendo,
691 3817 920 3900 distinguendo,
942 3820 1122 3881 numerando
1149 3818 1252 3878 adres
1278 3833 1361 3894 cogno·
1403 3853 1404 3856 =

148 3917 270 3978 seendas
281 3965 289 3993 ,
310 3921 367 3978 imo
386 3917 531 3979 videndas
550 3931 645 3992 reete,
666 3916 814 3999 procedit:
847 3919 926 3978 unde
945 3941 1071 3995 cernere·
1087 3921 1177 4001 ipsam
1197 3914 1276 3999 apud
1290 3895 1360 3973 'tat-
1403 3933 1404 3994 j

149 4039 203 4077 nos
223 4019 345 4077 videndi
364 4016 607 4098 significationem
628 4002 725 4076 habet.
748 4017 868 4076 Invenit
889 4030 983 4078 autem
1004 4019 1043 4078 ita
1065 3995 1197 4099 ipseper
1217 4018 1358 4089 sese,qu⁰¹
1403 3999 1404 4066 Ῐ

149 4117 208 4176 sint
229 4130 257 4176 et
275 4116 390 4196 qualia,
410 4137 598 4196 quaeeunque
624 4115 735 4190 oculis,
756 4115 894 4189 auribus,
923 4117 1042 4176 caeteris
1069 4114 1201 4175 sensibus
1229 4110 1358 4194 percipiat.

153 4215 289 4290 Oresti,
313 4229 345 4274 ut
374 4217 510 4298 propria,
532 4229 564 4272 ut
584 4216 684 4276 innata
703 4213 816 4274 homini
847 4214 983 4275 videatur
1011 4237 1056 4274 ars
1085 4211 1275 4284 numerandi,
1302 4222 1358 4288 q11³e

146 4354 414 4382 Ἥ..

182 4435 469 4530 iteraturam.
525 4427 527 4434 ’
