2838 5120
623 263 679 324 271

63 435 129 496 Nam
148 446 176 494 at
191 423 310 494 Ιιοοαόι·
327 439 374 491 ita
393 436 562 507 acceperis,
582 449 685 488 aarum
698 435 819 506 paritas
838 429 1035 503 atissaatus,
1057 437 1087 486 at
1103 429 1169 486 alia
1188 447 1274 506 quae·
1317 439 1324 460 ·

63 557 165 612 cunque
187 533 306 592 tandem
327 537 355 589 ai
373 530 429 588 λαο
449 535 568 586 ratione
586 529 826 588 consideraretis
842 535 1086 606 perceptamque,
1106 527 1275 586 siclorum

59 655 155 710 quoque
178 652 297 714 gnarus
325 639 484 702 evaseris;
513 621 549 688 td
575 620 603 687 δ’
629 617 779 706 ἄπειρόν
805 645 837 684 οε
864 614 996 685 indorum
1021 624 1070 686 καὶ
1092 622 1124 686 ἐν
1145 619 1277 700 ἑκάστοις

57 731 170 811 πλῆθος,
196 724 348 809 ἄπειρον
376 721 513 790 ἑκάστοτε
541 732 620 790 ποιεῖ
637 727 692 791 τοῦ
712 729 845 810 φρονεῖν,
867 725 916 787 καλ
947 722 999 788 οὐκ
1027 721 1183 809 ἐλλόγιμον
1210 722 1275 789 οὐδ’

57 817 263 914 ἐνάριθμον,
297 826 343 894 ἅτ’
375 826 427 892 οὐκ
460 830 501 907 εἷς
534 826 697 915 αριθμὸν
727 825 834 892 οὐδένα
870 828 902 891 ἒν
933 826 1030 892 οὐδενὶ
1062 826 1181 893 πώποτε
1213 827 1271 893 αἰτ-

57 929 176 1000 ιδόιτιι.,ιι
203 938 232 1020 l)

88 1039 167 1098 Haud
192 1037 279 1098 facile
306 1037 376 1098 haec
402 1037 504 1118 legerit
531 1037 638 1118 aliquis
662 1038 818 1112 attentius,
849 1037 923 1116 quin
952 1042 1035 1094 artis
1052 1034 1122 1096 inde
1142 1043 1274 1100 ιααιίοαι

54 1135 260 1212 inventionem,
282 1135 525 1216 quemadmodum
547 1138 709 1211 exstiterit,
731 1134 848 1196 efficiat.
871 1137 980 1195 Canere
1001 1147 1029 1196 et
1049 1133 1153 1196 saltare
1171 1139 1275 1198 naturl

54 1234 138 1294 studet
153 1235 257 1309 homo,
279 1237 389 1318 quippe
410 1236 524 1295 inditus
543 1237 636 1316 ipsius
653 1235 750 1294 animo
770 1248 811 1294 est
831 1234 998 1292 harmoniae
1017 1248 1045 1293 et
1062 1233 1193 1316 rhythmi
1212 1259 1274 1298 sen·

54 1353 101 1392 sus.
140 1334 224 1408 Quod
249 1335 281 1394 in
308 1334 393 1395 libris
420 1334 458 1393 de
485 1333 617 1415 Legibus
639 1333 785 1416 praeclare
805 1333 940 1414 exposuit
959 1332 1057 1407 Plato,
1079 1323 1277 1412 nosque‘inde

54 1431 207 1506 attulimus,
229 1454 318 1512 quum
345 1431 381 1491 de
411 1432 523 1492 artibus
550 1434 712 1511 artiumque
732 1432 884 1512 principe,
906 1432 1033 1507 musica,
1062 1427 1223 1511 agebamus.
1245 1434 1277 1516 2)

56 1519 166 1606 lerum,
189 1546 220 1591 ut
239 1543 378 1590 canerent
406 1553 467 1590 non
492 1544 606 1590 tantum
635 1532 668 1590 in
698 1529 794 1592 eboris
823 1530 1017 1609 saltarentque
1043 1531 1178 1592 mortales
1186 1577 1195 1608 ‚
1225 1533 1276 1594 sed

54 1627 132 1708 ipsam
148 1630 317 1692 invenirent
337 1627 463 1690 canendi
491 1629 677 1710 saltandique
698 1639 851 1706 artam,
873 1628 1013 1688 cernendi
1032 1651 1104 1711 opus
1132 1631 1190 1690 fuit
1218 1655 1279 1712 nu-

54 1727 227 1806 merandique
256 1727 404 1788 facultate.
449 1728 555 1802 Vocis,
577 1749 649 1807 quae
665 1749 739 1787 «una
767 1743 826 1803 est,
848 1727 988 1788 cernendi
1018 1727 1277 1810 distinguendique

54 1826 117 1882 varii
143 1841 224 1886 erant
246 1829 328 1901 soni,
349 1827 446 1902 acuti,
475 1847 594 1906 graves,
623 1825 731 1886 medii:
763 1825 998 1906 attendendaque
1027 1848 1161 1886 sonorum
1189 1830 1277 1890 inter·

54 1922 118 1981 valla
128 1970 139 2000 ,1
157 1939 226 2004 quot
250 1938 344 1984 essent
370 1940 397 1984 et
425 1925 541 2005 qualia,
571 1945 726 2005 eorumque
754 1925 871 2010 termini
899 1924 1115 2002 constituendi,
1148 1941 1179 1986 ut
1207 1928 1277 1989 hinc
1311 1929 1313 1938 ⁴

57 2018 119 2100 leges
146 2023 281 2102 modique
309 2022 512 2084 efficerentur:
538 2024 728 2104 similiterque
752 2025 784 2083 in
806 2023 932 2082 motibus
951 2024 1077 2104 corporis
1096 2025 1167 2084 talia
1187 2025 1276 2086 anim·

56 2117 217 2182 advertenda
250 2135 350 2197 erant,
378 2144 451 2201 quae
481 2123 609 2182 numeris
628 2121 764 2184 distincta
784 2121 914 2202 rhythmi
935 2135 1036 2183 vocata
1051 2136 1128 2182 sunt.
1155 2124 1202 2185 Sic
1223 2126 1278 2186 de-

55 2237 119 2278 mum
137 2221 276 2297 exstitit,
296 2241 390 2301 neque
410 2221 468 2281 alio
488 2221 618 2282 inveniri
637 2219 723 2278 modo
741 2221 836 2301 potuit
853 2221 977 2280 musicae
994 2233 1022 2278 et
1041 2220 1203 2282 saltationis
1221 2245 1276 2282 ars.

86 2315 139 2378 Sed
169 2319 266 2380 eidem
295 2319 342 2379 illi
372 2319 513 2380 cernendi
544 2295 775 2398 numerandique
800 2319 950 2394 facultati,
983 2332 1014 2377 ut
1041 2318 1096 2378 hoc
1125 2320 1277 2401 ipsoloco

55 2429 124 2474 acute
150 2409 361 2480 animadiertit
378 2419 476 2493 Plato,
508 2439 573 2480 cum
599 2430 724 2483 caeteras
748 2417 886 2478 debemus
911 2432 985 2478 artes
1014 2419 1134 2495 majores
1161 2439 1277 2502 omnes,

55 2523 104 2572 tum
121 2515 199 2576 illam
220 2538 356 2596 quoque,
390 2539 446 2597 qua
467 2517 550 2576 nulla
570 2516 656 2576 facile
673 2517 839 2576 mortalium
858 2519 955 2596 generi
975 2515 1012 2576 ad
1032 2517 1144 2596 ingenii
1165 2517 1276 2576 cultum

57 2613 141 2672 utilior
159 2614 361 2695 efficaciorque
387 2617 444 2676 fuit
456 2637 463 2671 :
475 2616 622 2692 literarum
645 2615 711 2674 dico
730 2616 949 2690 inventionem,
972 2616 1050 2675 unde
1069 2603 1276 2696 γραμματική,

58 2727 94 2768 ars
107 2713 271 2788 scribendi,
293 2715 374 2789 sive,
395 2734 481 2793 quam
497 2736 550 2774 nos
570 2735 724 2789 vocamus,
745 2716 933 2792 alphabetico
961 2725 1117 2796 sumptura
1136 2733 1203 2778 nata
1224 2731 1275 2779 est.

62 2805 90 2864 Id
108 2814 244 2872 neminem
266 2833 324 2872 esse
345 2813 488 2887 arbitror,
516 2814 589 2892 quin
609 2803 647 2873 in¹
662 2813 763 2894 primis
780 2814 910 2892 accipere
930 2835 945 2872 a
964 2801 1084 2876 Platone
1112 2831 1139 2876 et
1164 2819 1273 2901 perspi·

59 2923 111 2965 cere
128 2924 218 2970 aveat.
262 2909 421 2970 Audiamus
440 2911 538 2972 denuo
557 2911 711 2972 Socratem.
753 2912 897 2993 Praecipit
913 2913 1038 2993 primum
1059 2914 1111 2974 ille
1129 2915 1183 2974 hoc
1205 2918 1275 2976 uni·

58 3023 139 3065 verse:
172 3001 274 3087 ὥσπερ
308 3002 365 3090 γαρ
393 3007 428 3071 ἓν
457 3003 558 3071 ὁτιοῦν
584 3005 615 3070 εἴ
634 3007 679 3085 τίς
705 3033 775 3071 ποτε
802 3005 905 3089 λα’βοι,
933 3011 1059 3088 τοῦτον,
1088 3007 1128 3087 οἷς
1156 3011 1274 3096 φαμὲν,

54 3097 96 3164 sis
119 3105 162 3168 ἐπ’
187 3106 311 3190 α’πελροο
339 3111 389 3172 δεῖ
414 3106 504 3194 φύσιν
530 3107 646 3193 βλέπειν
666 3107 772 3191 aalide,
796 3109 858 3174 ἀλλ’
879 3111 930 3174 ἐπί
948 3109 1001 3176 τιν’
1021 3110 1171 3201 οἶριθμόν·
1194 3111 1274 3180 οὕτω

53 3206 93 3266 καὶ
116 3208 296 3290 τούναντίον,
326 3208 401 3276 ὅταν
429 3239 474 3290 τις
495 3210 532 3277 ad
554 3209 673 3295 ἄπειρον
694 3209 875 3303 ἀναγκασθῇ
895 3217 1014 3298 πρῶτον
1034 3213 1206 3300 λαμβάνειν,
1228 3217 1273 3305 μή

52 3304 92 3370 ἕιιί
115 3309 151 3374 νδ
177 3315 209 3378 ἓν
239 3311 346 3392 iiidie,
369 3313 430 3380 ἄλλ’
452 3313 497 3380 s'n'
518 3313 654 3398 οἷριθμόν
675 3310 717 3380 αὖ
737 3342 801 3380 τινα
823 3320 941 3402 πλῆθος
963 3315 1094 3384 ἑκάστων
1115 3318 1224 3405 ἔχονταί
1246 3349 1273 3388 τι

51 3422 201 3494 κατανοεῖν,
225 3420 364 3482 τελευταῖν
386 3444 416 3482 τε
440 3413 611 3482 inuolatus
633 3419 674 3495 εἷς
696 3419 741 3483 ἓν·
769 3433 874 3503 prouti
892 3432 972 3483 onim
1002 3434 1118 3505 siquis
1148 3451 1272 3490 unum

55 3521 120 3592 qaid
144 3531 278 3601 accipit,
299 3532 346 3599 ie,
373 3534 410 3584 ut
429 3526 581 3599 dicimus,
602 3546 659 3582 nan
680 3547 747 3584 moa
765 3532 798 3582 in
817 3527 1008 3600 infiniti
1035 3537 1201 3602 naturam,
1218 3529 1289 3588 sed,

51 3621 78 3672 itt
104 3642 318 3681 numerum
348 3625 482 3702 aliquem
511 3632 641 3682 mentam
670 3625 826 3682 attendere
855 3625 958 3682 debat:
988 3632 1031 3684 sia
1059 3633 1212 3700 uicissim,
1243 3633 1271 3686 εἰ

52 3721 110 3788 quis
131 3728 271 3797 primum
305 3725 543 3795 infinitum
577 3744 695 3781 samara
726 3730 849 3804 cogitur
863 3767 872 3798 ,
902 3745 1092 3801 nequaquam
1116 3732 1150 3782 in
1177 3737 1274 3784 unum

52 3823 199 3892 continua,
222 3822 326 3880 sedin
352 3843 569 3880 numerum
598 3824 766 3900 quandam,
797 3830 851 3900 qui
880 3824 1109 3896 multitudinem
1136 3827 1274 3905 aliquam

53 3911 170 3992 babeat,
189 3903 322 3980 mentam
351 3921 434 3979 debat
461 3930 653 3994 conuertere,
683 3943 719 3979 ea·
746 3924 937 3999 omnibusque
966 3923 1087 3980 tandem
1116 3929 1150 3979 ιἰι
1179 3945 1274 3982 uniam

53 4011 190 4076 deniare:
212 4016 244 4097 3)
277 4003 371 4078 ¹Illius
389 4019 554 4101 exemplum
575 4019 697 4079 rationis
715 4021 749 4080 in
766 4021 892 4080 musicae
925 4020 1097 4082 inventione
1115 4020 1273 4082 habemus:

54 4105 121 4170 hane
141 4115 302 4192 rationem,
323 4137 396 4196 quae
416 4116 453 4176 ab
473 4116 600 4178 infinitis
619 4138 739 4178 numero
764 4118 803 4178 ad
828 4139 918 4178 unum
947 4119 1096 4200 procedit,
1125 4120 1274 4180 literarum

82 4319 104 4383 st
122 4325 212 4379 rasas.
231 4327 272 4379 ιι.
298 4327 415 4381 ι-ιι.
978 4367 1016 4410 ,·
1073 4377 1077 4388 .

82 4405 108 4468 2)
126 4411 250 4484 ομιτς,
270 4413 300 4466 ιι.
321 4413 380 4468 sss.
402 4414 432 4466 u.
452 4413 510 4468 οοι.
533 4413 563 4466 s.
584 4413 642 4466 sta.
665 4414 693 4467 c.
715 4413 761 4467 crs.
785 4413 862 4465 ιιαιι
884 4431 909 4482 p.
929 4415 970 4466 sa.

82 4489 105 4553 3)
124 4495 214 4550 runs.
234 4499 274 4550 is.
293 4499 324 4551 a:
