2950 5134
704 279 722 339 5

104 453 141 498 est
159 438 255 498 nobis:
286 437 417 499 nondum
444 438 520 498 enim
547 439 671 498 Atticam
689 439 807 501 formam
824 438 1017 515 attendimus,
1039 439 1168 502 nondum
1196 439 1321 501 Platoni·

103 574 174 628 cam,
204 553 332 615 nondum
360 554 534 633 exquisitum
565 553 718 616 verborum
748 575 848 628 usum,
879 556 1050 633 exquisitam
1070 555 1209 615 ¹nondum
1237 558 1323 616 totius
1383 541 1385 548 Ι

103 670 252 728 sententiae
275 668 455 749 elegantiam.
500 668 601 728 Ficbat
628 669 668 728 ita
696 691 755 728 non
785 691 867 744 raro,
898 682 930 727 ut
958 691 1016 730 una
1040 672 1201 748 sententia,
1233 693 1323 730 unum

103 784 179 842 etiam
206 783 379 850 vocabulum
406 805 459 864 pcr
487 784 627 863 integram
654 803 706 843 nos
731 783 830 844 horam
853 783 998 858 retineret.
1040 787 1128 863 Cujus
1154 799 1249 844 tamen
1279 807 1323 844 me
1392 784 1394 790 ’

101 919 185 958 morae
215 919 307 978 neque
332 911 394 958 tum
421 897 572 973 taedebat,
601 914 694 976 neque
722 919 790 959 vero
808 912 906 978 postea
922 900 1076 980 poenituit.
1115 901 1187 961 Nam
1212 901 1323 961 voculis

101 1013 146 1072 ille
162 1013 360 1095 explicandis,
382 1013 546 1094 explicabat
573 1012 645 1074 mihi
669 1012 755 1072 simul
778 1026 805 1072 et
834 1007 1051 1074 commendabat
1078 1029 1179 1095 sponte
1198 1015 1322 1076 Graecae

100 1126 205 1208 linguae
228 1128 310 1189 dotes
334 1126 538 1204 admirabiles,
558 1129 668 1188 Atticae
691 1126 810 1196 dialecti
837 1141 1033 1204 venustatem,
1054 1129 1145 1209 ipsam
1174 1129 1320 1190 urbanita·

101 1256 148 1300 tem
164 1244 305 1302 Atticam:
328 1243 507 1323 eloquentiae
535 1243 696 1324 inprimis
721 1244 780 1306 vim
807 1243 953 1318 nativam,
974 1264 1046 1322 quae
1074 1243 1186 1304 nonin
1213 1245 1320 1324 tropis,

100 1356 205 1436 liguris,
227 1359 403 1438 imaginibus
431 1329 661 1436 ornamentisque
690 1357 820 1419 oratoriis
839 1371 990 1433 cernatm,
1012 1357 1062 1418 sed
1087 1359 1204 1438 proprio
1222 1360 1321 1440 expri-

98 1487 180 1532 matm·
198 1487 225 1533 et
246 1474 389 1553 exquisito
408 1472 561 1533 verborum
579 1493 650 1532 usu:
681 1472 760 1552 apud
778 1472 925 1532 Platonem
952 1475 1137 1554 praesertim,
1159 1475 1240 1552 cujus
1260 1493 1320 1538 vet·-

98 1587 137 1646 his
153 1603 178 1648 et
195 1588 376 1648 dictionibus
392 1601 451 1647 tota
469 1589 626 1666 antiquitas
644 1608 729 1666 quarn
746 1587 904 1667 plurimum
921 1589 1031 1666 tribuat
1050 1589 1235 1648 auctoritatis.
1266 1589 1321 1648 Ita·

96 1721 143 1781 que
169 1703 335 1782 frequentia
362 1716 444 1762 erant
472 1704 533 1782 ejus
561 1702 686 1768 monita:
717 1703 857 1761 mitterem
885 1703 1010 1763 novitios
1036 1702 1241 1784 philosophos,
1270 1704 1320 1782 qui

96 1817 127 1876 de
151 1818 272 1878 Platone
291 1820 407 1897 ejusque
425 1815 609 1898 philosophia
625 1817 820 1897 scripsissent:
842 1817 983 1876 mitterem
1000 1816 1170 1898 compendia
1196 1816 1320 1898 philoso-

95 1931 171 2012 phiae
185 1932 372 1993 Platonicae:
395 1931 529 1992 ducerem
546 1931 622 1990 hauc
641 1951 677 1990 ex
694 1932 756 2011 ipso
769 1932 904 1990 Platone:
926 1952 994 1990 nam
1012 1933 1121 1992 fontem
1141 1953 1200 1992 esse
1217 1946 1321 2014 peten-

95 2046 174 2123 dum,
194 2070 258 2108 non
282 2047 410 2122 rivulos,
431 2048 540 2106 fontem
568 2059 661 2104 autem
687 2065 746 2104 esse
772 2047 896 2104 maxime
920 2047 1010 2127 ipsam
1028 2046 1155 2106 Platonis
1172 2046 1319 2127 linguam,

95 2163 190 2243 qnippe
209 2181 284 2242 quae
303 2163 408 2221 mentis
433 2159 689 2243 philosophiaeque
712 2159 875 2224 Platonicae
900 2162 980 2240 quasi
1000 2181 1160 2241 expressam
1185 2163 1319 2222 contine-

98 2289 132 2334 ret
147 2277 311 2357 imaginem.
351 2278 429 2336 Haec
452 2276 504 2335 ille
523 2276 624 2336 crebro
651 2290 679 2335 et
704 2289 766 2334 tum
785 2289 813 2334 ct
829 2289 936 2356 postea.
966 2275 1076 2352 Quodsi
1096 2297 1174 2336 nunc
1194 2297 1244 2357 ego
1263 2276 1318 2336 hac

97 2391 304 2473 interpretanda
322 2391 505 2473 philosophia
522 2390 730 2470 quodammodo
755 2389 877 2451 videbor
901 2391 1022 2466 eruditis
1041 2393 1111 2452 viris
1129 2412 1230 2472 operae
1249 2412 1317 2473 pre-

96 2506 158 2564 tium
174 2508 296 2581 fecisse,
316 2520 407 2567 totum
433 2506 487 2566 hoc
516 2506 643 2578 debuero
670 2506 795 2586 vesperis
818 2504 879 2564 illis
896 2505 1207 2566 Amstelodamensibus
1216 2529 1317 2586 ,quas

97 2621 124 2680 in
143 2621 319 2682 bibliotheca
345 2622 469 2700 transegi
496 2621 770 2702 Wyttcnbaehiana.
819 2621 890 2681 Nam
905 2641 923 2679 ,e
953 2621 1145 2696 sermonibus,
1164 2643 1233 2700 quos
1253 2620 1316 2680 illic
1415 2667 1422 2677 ,

97 2736 157 2797 mihi
175 2738 283 2798 habere
300 2736 384 2797 licuit
400 2757 465 2796 eum
479 2719 684 2796 humanissimo
702 2737 783 2810 viro,
800 2737 927 2794 fructum
946 2737 1009 2817 cepi
1028 2758 1095 2796 sane
1108 2736 1316 2816 multiplicem,
1348 2733 1350 2737 ’

98 2865 124 2908 nt
145 2851 327 2940 diligentiam
354 2850 492 2911 adhibere
517 2865 575 2910 tarn
603 2851 731 2910 minimis
758 2849 859 2925 rebus,
887 2871 973 2930 quam
992 2853 1142 2928 maximis,
1160 2851 1316 2912 discerem:

96 2969 276 3048 perspicerem
295 2967 382 3048 plane
391 3011 401 3040 ,
426 2966 563 3045 neglectis
582 2966 643 3025 illis
660 2966 787 3026 minimis
797 3012 805 3041 ‚
824 2967 943 3044 majores
961 2966 1167 3047 amplioresque
1185 2967 1316 3048 cognosci

96 3080 168 3141 nullo
187 3096 275 3163 pacto
291 3099 388 3163 posse:
410 3081 608 3161 grammaticae
627 3081 870 3162 interpretationis
887 3082 947 3142 vim
964 3082 1150 3162 persentirem
1170 3094 1197 3140 ct
1217 3101 1316 3140 neces-

95 3194 212 3255 sitatem:
245 3215 442 3275 cognoscerem
470 3196 716 3276 grammaticorum
733 3195 824 3262 libros
843 3215 995 3276 eorumque
1023 3197 1211 3277 interpretes,
1229 3209 1256 3254 et
1275 3196 1316 3255 sic
1391 3209 1397 3214 ’

33 3355 36 3364 .
95 3309 214 3370 mihimet
231 3312 293 3391 ipse
311 3311 391 3389 quasi
409 3312 630 3374 instrumentum
657 3332 805 3392 pararem,
831 3331 888 3390 quo
901 3305 1071 3372 ‘Platonicos
1089 3310 1161 3371 mihi
1189 3310 1323 3390 dialogos‘

95 3427 244 3504 aperirem:
265 3439 326 3484 tum
346 3447 413 3486 vcro
431 3426 510 3486 hunc
528 3428 654 3487 fructum
668 3424 738 3486 iude
748 3427 863 3507 percepi
878 3426 961 3507 longe
977 3427 1152 3485 uberrimum
1157 3471 1166 3500 ,
1182 3439 1214 3484 ut
1228 3424 1315 3484 facil-

95 3537 154 3598 lime
172 3541 343 3615 inducerer,
363 3539 441 3619 quod
465 3543 526 3600 sine
546 3541 619 3600 duce
638 3562 775 3623 perquam
793 3554 834 3599 est
855 3541 996 3616 difficile,
1017 3541 1050 3601 in
1068 3541 1196 3600 Platonis
1218 3541 1313 3621 singu·

96 3651 174 3712 larem
191 3655 279 3736 plane
299 3656 445 3716 scribendi
464 3655 746 3738 philosophandique
764 3656 920 3734 rationem;
943 3677 1014 3736 quae
1033 3671 1065 3715 ut
1079 3670 1137 3715 tcta
1151 3655 1265 3716 diversa
1274 3669 1315 3714 est

95 3771 315 3830 arecentiorum
339 3771 565 3846 consuetudine,
594 3771 635 3830 ita
657 3793 673 3830 a
696 3771 796 3851 paucis
818 3773 895 3832 omni
920 3794 990 3832 aevo
1013 3773 1066 3831 rite
1091 3769 1237 3830 intellecta
1263 3784 1314 3828 est.

95 3880 132 3940 De
152 3885 256 3965 regulis
281 3900 375 3946 autem
395 3886 454 3948 sive
474 3886 666 3966 grammatices
685 3886 745 3948 sire
763 3885 838 3946 alius
864 3886 1018 3965 dujuslibet
1037 3887 1106 3946 artis
1125 3886 1166 3944 sic
1184 3907 1248 3944 eum
1266 3905 1315 3966 po-

96 4009 147 4056 stea
165 4021 245 4082 saepe
263 4000 363 4062 audivi
383 4000 578 4062 disserentem.
604 4002 739 4082 Frigent,
760 4002 874 4080 inquit,
892 4003 961 4062 istae
981 4002 1043 4062 sine
1058 4002 1162 4060 artium
1181 4001 1315 4082 operibus

96 4112 252 4192 palmariis,
272 4117 410 4197 equibus
429 4116 530 4176 ductae
550 4131 635 4177 sunt:
656 4117 702 4176 his
726 4138 794 4180 vero
818 4117 939 4196 cognitis
949 4163 958 4190 ,
981 4117 1123 4196 insignem
1148 4117 1257 4176 habent
1275 4092 1312 4174 ad

97 4223 257 4307 diligentius
275 4251 321 4290 eas
341 4231 531 4314 explorandas
551 4231 713 4292 utilitatem.
749 4233 849 4312 Magni
866 4231 999 4316 equidem
1018 4232 1092 4291 facio
1120 4231 1310 4312 grammatico·

97 4361 154 4400 rum
170 4343 256 4406 libros
266 4391 275 4422 ,
296 4357 349 4406 uec
367 4348 436 4410 artis
455 4346 624 4428 compendia
642 4368 746 4428 sperno
756 4393 764 4422 ‚
786 4367 847 4405 nec.
859 4367 927 4406 vero
945 4345 1076 4428 regulas,
1091 4367 1163 4426 quae
1184 4347 1311 4426 utrisque

98 4457 289 4539 continentur-5
311 4462 360 4524 sed
388 4463 442 4524 hae
460 4463 620 4541 juvenibus
645 4464 766 4524 maxime
796 4463 1009 4542 cognoscendae
1032 4476 1098 4522 sunt
1125 4483 1160 4520 ex
1177 4462 1311 4542 'ipsorum
