2886 5118
647 297 703 356 411

71 475 102 521 at
125 465 303 522 salsensem
321 461 428 517 cadem
445 481 503 518 aaa
516 469 654 536 possent,
672 470 729 517 aut
746 466 792 516 ito
812 461 931 518 mobiles
948 471 978 518 et
996 468 1180 538 concitatae,
1201 474 1236 521 at
1256 471 1290 520 m'

70 564 111 620 hil
128 582 256 639 anquam
276 579 371 615 unam
389 568 464 616 esset
485 554 513 637 l)
532 567 688 628 cartalatam
707 579 744 614 ne
762 559 841 615 idem
858 559 995 634 quidem,
1015 567 1088 636 qaia
1105 569 1296 620 contineater

70 663 236 718 laberentur
256 667 285 714 et
296 657 439 732 fluerent
457 664 566 714 amnia.
599 653 709 734 Itaque
728 657 806 712 hanc
825 677 940 712 ananam
955 667 1077 732 partem
1093 679 1197 717 raram
1216 681 1260 735 op
1271 667 1295 716 i·

69 759 236 817 aabs'lem
257 755 464 834 appellabaat;
481 761 711 812 seientiam
731 763 868 811 autem
887 775 1089 832 nusquam
1109 776 1192 813 assa
1211 777 1295 813 asn-

68 858 220 928 sshaat,
246 859 335 911 nisi
363 858 396 908 in
416 860 547 910 animi
575 855 814 910 notionibus
838 862 963 930 atque
983 855 1232 912 rationibus
1251 851 1293 933 2).

102 953 175 1012 Haec
201 951 301 1011 Cicero
325 947 361 1006 de
386 951 476 1031 ipsius
504 949 632 1014 Platonis
652 949 821 1030 discipulis,
852 951 903 1028 qui
923 963 953 1008 et
970 951 1103 1030 proxime
1124 950 1160 1008 ab
1179 951 1294 1030 integro

66 1051 205 1110 doctrinae
234 1050 314 1108 fonte
343 1049 465 1108 aberant
495 1061 523 1106 et
551 1048 631 1106 hunc
660 1048 824 1107 referebant
857 1048 991 1107 maxime.
1034 1047 1090 1107 sie
1112 1061 1293 1129 autemeam

65 1147 292 1228 philosophantes
318 1145 366 1204 illi
387 1166 424 1204 ex
444 1146 506 1226 ipso
525 1145 653 1205 hominis
673 1146 770 1204 animo
790 1146 972 1226 potissimum
994 1159 1158 1226 repeterent
1177 1147 1295 1220 amnia,

66 1267 105 1320 ac,
131 1243 289 1319 secundum
309 1245 449 1302 idearum
470 1244 653 1318 doctrinam,
684 1243 770 1301 unice
790 1243 981 1323 spectandum
998 1241 1111 1301 homini
1132 1243 1296 1304 contende-

67 1356 138 1417 rent,
160 1342 235 1421 quid
259 1341 395 1422 pulcrum
405 1388 413 1416 ,
432 1341 505 1420 quid
520 1341 634 1410 ,honum
644 1387 652 1416 ,
674 1339 747 1419 qnid
761 1342 891 1418 justum,
910 1341 1086 1419 omninoque
1105 1341 1179 1420 quid
1194 1361 1296 1404 verum

66 1455 145 1516 esset,
161 1441 273 1498 fructus
293 1460 391 1498 eornm
412 1439 616 1522 philosophia,
633 1453 665 1498 ut
682 1452 751 1498 ante
769 1438 933 1514 Platonica,
953 1438 991 1499 ad
1007 1439 1113 1497 artium
1132 1439 1296 1499 literarum·

67 1559 130 1616 que,
157 1538 195 1598 ad
226 1540 317 1620 ipsius
346 1538 419 1598 adeo
438 1539 597 1620 sapientiae
618 1535 747 1597 studium
767 1537 988 1618 provehendum
999 1581 1007 1612 ,
1037 1536 1196 1596 uberrimos
1214 1536 1293 1598 tulit.
1360 1537 1364 1543 ’

65 1635 193 1710 Quocirca
213 1650 317 1718 captus
337 1637 436 1696 Cicero
451 1635 505 1695 hac
527 1638 634 1696 veteris
651 1635 823 1695 Academiae
842 1656 874 1693 ac
891 1635 1022 1694 Platonis
1039 1634 1084 1692 sui
1101 1635 1293 1715 praestantia,

64 1734 183 1794 Pisonem
202 1735 319 1794 inducit
336 1755 504 1815 generosum
515 1735 726 1794 adolescentem
737 1735 778 1792 sic
788 1732 1005 1792 adhortantem:
1033 1732 1295 1812 Adeosigitar-
1380 1797 1386 1808 .

63 1847 160 1893 veteres
185 1833 372 1893 Academicos
399 1847 427 1892 et
457 1834 665 1914 Peripateticos
687 1860 722 1869 -
740 1842 880 1892 conserte
898 1841 944 1904 ta,
975 1851 1091 1909 quaeso.
1121 1830 1170 1888 Ee
1190 1849 1293 1887 aarum

63 1939 131 1988 mim
150 1941 276 2010 scriptis
295 1943 324 1990 et
343 1939 501 2012 institutis
523 1953 593 1990 eura
617 1939 714 1990 omnis
733 1933 873 1990 doctrina
895 1930 1049 2002 liberalis,
1080 1933 1176 1984 omnis
1196 1927 1294 1983 histo-

63 2037 123 2104 ria,
140 2039 235 2090 omme
255 2052 350 2090 sermo
370 2033 491 2112 elegans
506 2039 590 2090 sumi
603 2040 702 2109 potest
712 2076 720 2104 ,
740 2040 806 2087 tum
826 2035 962 2085 sarissas
980 2035 1027 2084 est
1045 2034 1134 2083 tanto
1154 2029 1292 2096 artium,

64 2139 93 2186 at
116 2152 195 2188 namo
216 2137 282 2188 siste
306 2152 339 2188 eo
357 2138 562 2188 instrumenta
581 2131 621 2186 ad
639 2130 737 2186 allam
754 2149 828 2185 rem
844 2128 1048 2184 illustriorem
1070 2131 1146 2182 satis
1164 2130 1292 2179 ornatas

59 2237 142 2303 possit
158 2231 299 2288 accedere
307 2225 348 2307 3).
398 2228 428 2286 Si
448 2247 505 2305 quo
524 2226 583 2284 alio
602 2245 639 2284 ex
658 2225 724 2284 loco
742 2236 889 2296 veterum,
912 2241 949 2280 ex
969 2220 1015 2280 his
1036 2220 1219 2301 potissimum
1240 2219 1292 2277 Ci-

63 2328 163 2386 ceronis
181 2327 352 2400 sententiis,
386 2344 458 2404 quae
477 2324 593 2404 propria
622 2322 751 2382 Platonis
779 2321 868 2379 luerit
896 2319 934 2378 de
964 2321 1151 2400 opinioneet
1170 2317 1291 2378 scientia

63 2421 279 2506 philosophandi
308 2425 402 2500 ratio,
432 2443 574 2501 quamque
596 2421 656 2480 vim
674 2419 726 2478 illa
745 2432 774 2477 et
792 2416 990 2476 efficacitatem
1011 2416 1049 2475 ad
1069 2419 1175 2497 optima
1194 2416 1293 2477 homi-

63 2541 122 2578 num
140 2523 234 2581 studia
253 2521 364 2580 alenda
383 2520 533 2594 habuerit,
553 2519 717 2597 intelligere
737 2517 814 2575 licet.
846 2516 884 2574 Et
902 2515 942 2573 sic
960 2514 1080 2593 quidem
1099 2513 1293 2581 uastandam,

63 2621 220 2699 comparatis
246 2639 312 2678 cum
342 2618 473 2677 Platonis
494 2617 626 2676 doctrina
648 2615 841 2694 sophistarum
860 2612 1080 2692 priscorumque
1098 2605 1290 2689 philosopho-

63 2735 116 2772 rum
131 2715 254 2795 placitis,
280 2719 399 2798 ipsoque
419 2715 572 2774 Platones
593 2713 682 2772 variis
699 2724 727 2771 ct
745 2710 943 2790 scepticorumJ
954 2721 981 2766 et
1000 2706 1226 2786 dogmaticorum
1244 2723 1289 2782 ge-

65 2813 170 2872 neribus
189 2814 348 2889 distinato,
368 2815 454 2874 talem
470 2810 677 2892 philosophum
693 2827 834 2866 summurn
855 2818 883 2864 et
900 2805 1086 2886 apposuimus
1102 2802 1235 2884 sophistis
1254 2801 1290 2858 is-

62 2909 93 2967 tis
109 2926 134 2969 et
147 2911 304 2974 lectoribus
322 2911 475 2989 judicandi
500 2910 598 2970 causei
620 2895 836 2990 proposuimus,
854 2903 949 2983 qualis
965 2922 1064 2984 reapse
1082 2903 1171 2960 fuisse
1188 2899 1305 2973 nobis,¹

63 3005 111 3067 imo
127 3012 274 3085 Ciceroni,
293 3012 374 3071 visus
398 3025 450 3070 est.
481 3010 566 3066 Nunc
578 3005 735 3072 lectoribus
754 3004 792 3064 ad
807 3000 1005 3082 judicandum
1024 2997 1220 3058 accedendum
1238 3010 1288 3057 est.

107 3209 160 3270 De
191 3213 477 3272 aestimandis
506 3219 621 3268 racis
646 3207 915 3286 Protagorae
940 3203 1234 3278 similiumque

182 3311 473 3389 sophistarum
506 3331 550 3367 ae
576 3305 930 3386 philosophorum
960 3303 1160 3360 deor-etis.

95 3507 237 3590 latagi-um
265 3511 361 3571 cuivis
390 3510 503 3569 homini
519 3507 666 3587 judicium
686 3503 897 3583 relinquimus,
924 3501 1099 3582 sophistisne
1119 3501 1220 3575 malit,
1251 3521 1288 3558 an

61 3604 162 3666 Platoni
181 3609 324 3669 assentiri.
367 3609 408 3668 Ut
422 3623 516 3667 autem
537 3626 605 3668 vere
621 3607 754 3683 justeque
769 3601 955 3680 judicemus,
974 3614 1050 3659 recte
1070 3599 1214 3678 sophistae
1237 3619 1288 3657 no-

61 3701 99 3761 his
115 3725 218 3785 suoque
248 3709 341 3788 pretio
367 3707 538 3767 aestimandi
559 3717 636 3764 sunt.
678 3703 751 3761 Nam
776 3700 929 3760 molestum
947 3699 979 3758 hi
1000 3698 1118 3778 quidem
1138 3694 1289 3754 hominum

62 3819 141 3876 genus
158 3805 219 3864 illis
239 3820 324 3881 sunt,
344 3806 394 3886 qui
416 3806 479 3865 veri
497 3804 601 3864 ardent
621 3821 716 3861 amore
727 3825 735 3878 3
759 3813 949 3858 veruntamen
971 3795 1124 3854 nautales
1145 3805 1213 3853 sunt
1232 3792 1289 3851 ha-

61 3894 141 3958 bendi
159 3903 206 3961 rel
224 3924 289 3962 eum
308 3906 340 3963 in
356 3903 473 3963 modum
493 3903 607 3962 Platoni
630 3899 754 3981 oppositi
764 3945 773 3974 ,
795 3913 829 3957 ut
848 3897 942 3956 odisse
960 3916 1007 3954 eos
1024 3894 1148 3970 debeat,
1166 3893 1289 3971 quicun-

61 4015 108 4071 que
122 3999 246 4060 Platonis
262 4003 353 4062 luerit
372 4023 466 4062 amore
486 4015 596 4082 captus:
630 3997 772 4058 Admirati
789 3999 822 4056 in
843 3997 890 4055 his
911 3992 1167 4072 disquisitionibus
1188 4011 1289 4071 saepe-

65 4175 307 4194 Ἣ

90 4299 117 4362 1)
135 4303 166 4354 Et
179 4305 218 4356 hic
234 4307 399 4358 inserendum
416 4315 439 4358 et
457 4313 642 4372 putaminum
661 4312 721 4354 essa
734 4311 756 4353 et
776 4310 946 4362 constans,
966 4317 997 4350 ne
1015 4300 1095 4349 idem
1111 4296 1215 4364 quidem.
1244 4271 1259 4348 “,
1306 4317 1310 4324 ·

89 4385 118 4448 2)
136 4386 189 4440 cic.
209 4391 288 4442 dead.
306 4391 369 4442 1.·8.

89 4469 117 4533 3)
134 4473 170 4526 ld.
187 4477 216 4526 de
231 4475 287 4526 Fies.
307 4478 338 4527 V.
356 4475 380 4527 3.
