2872 5122
657 267 713 326 tae

72 429 276 511 percipiendum
292 427 379 490 nobis
395 429 549 510 praebeat,
570 441 632 492 tum
649 427 772 490 inducat
789 445 842 486 nos
851 437 952 506 sponte
970 425 1003 486 in
1013 425 1173 488 Socraticae
1191 426 1280 488 disci*

72 528 156 608 plinae
174 527 315 586 rationem
324 513 336 601 ,¹
354 525 564 586 nobilissimam
580 528 748 610 philosophi
768 515 953 604 moeris,
973 547 1059 606 quam
1072 525 1134 606 ipsa
1147 547 1216 588 mox
1229 525 1283 586 So·

71 640 147 684 crates
168 639 196 683 et
213 627 397 706 expositurus
415 625 571 686 Theaeteto
588 640 630 686 est
652 627 869 706 et‚praegnanti
894 625 1012 704 juvenis
1031 624 1148 704 ingenio
1165 618 1285 686 adhibi·

70 739 147 783 turus.
167 719 277 786 Verum
295 738 396 804 sponte
414 723 463 782 hle
482 726 662 802 quaerimus:
685 722 762 783 unde
780 724 829 783 hic
848 725 881 782 in
897 703 986 804 phere
1006 724 1067 784 veri
1087 725 1183 782 amor?
1205 721 1283 782 unde

69 823 170 896 hausit,
190 841 263 901 quae
284 820 362 896 edit,
383 825 541 904 responsa?
564 823 682 882 omnino
708 822 780 901 quid
796 824 910 882 discere
928 823 992 881 est?
1020 822 1104 896 sive,
1125 840 1180 898 qua
1201 815 1285 880 homo

69 922 166 980 ratione
183 939 236 1000 per
253 933 339 978 semet
366 921 445 1001 ipse,
466 922 529 983 veri
556 921 661 980 ductus
680 939 791 995 amore,
816 919 854 979 ad
877 919 1105 1000 cognoscendum
1129 917 1284 999 procedit?
1350 995 1352 1002 Ι

69 1019 135 1077 llaec
152 1018 394 1104 priusvidentur
421 1019 620 1100 exploranda,
650 1036 755 1097 quam,
783 1019 857 1097 quid
886 1019 923 1076 sit
950 1017 1073 1092 docere,
1102 1016 1182 1091 sive,
1211 1035 1284 1096 quae
1320 1025 1323 1030 '
1352 1029 1357 1041 ¹

68 1115 222 1197 μαιευτικῆς
241 1117 313 1176 ratio
329 1119 383 1192 sit,
399 1119 613 1198 investigemus.
634 1117 747 1176 Relicto
767 1117 856 1197 igitur
871 1136 936 1174 curn
954 1115 1106 1176 Theodoro
1124 1129 1152 1175 et
1169 1113 1283 1174 Socrate

19 1285 21 1290 ,
68 1221 227 1292 Theaeteto,
250 1216 429 1294 gravissimas
455 1217 507 1276 has
533 1216 741 1295 quaestiones,
753 1215 786 1274 in
814 1215 920 1294 quibus
947 1204 1041 1294 ipsum
1069 1214 1163 1292 agitur
1191 1212 1284 1272 omnis

19 1382 21 1416 i
70 1319 232 1399 cognitionis
251 1317 393 1375 humanae
411 1314 609 1395 principium,
628 1313 696 1372 data
711 1301 798 1394 operis
812 1312 1004 1394 exploremus.
1200 1293 1208 1307 ’

19 1417 20 1428 ’
306 1422 324 1470 O

487 1507 586 1588 Quid
609 1509 857 1582 ostdc'roerc?

98 1689 302 1769 Proferendum
321 1706 370 1766 hle
388 1705 474 1768 nobis
492 1706 633 1788 placitum
646 1706 775 1766 Platonis
796 1720 857 1781 est,
878 1705 957 1786 quod
976 1722 1087 1768 nostrae
1106 1731 1174 1772 sane
1191 1713 1286 1795 phllo-

66 1807 200 1889 sophandi
218 1805 326 1864 rationi
341 1804 461 1863 minime
480 1805 644 1865 conveniat.
686 1803 814 1863 Discere
833 1805 933 1877 statuit
951 1805 1003 1864 ille
1022 1808 1104 1864 rachil
1122 1810 1209 1868 aliud
1226 1833 1287 1872 erse

66 1914 119 1965 nisi
145 1911 313 1964 massot.
352 1904 449 1982 ‘Gujus
477 1903 636 1961 sententiae
664 1903 710 1962 vis
732 1921 768 1960 ex
793 1901 930 1977 sublimi,
956 1923 1041 1982 quem
1067 1905 1152 1966 modo
1181 1910 1286 1968 iterum

66 2004 293 2075 memoravimus,
314 2001 451 2060 amatorio
477 1999 587 2080 hymno
615 2001 783 2080 percipitur.
826 2001 1067 2060 Reminiscentiae
1097 2002 1161 2063 illic
1176 2010 1285 2068 mentio

66 2102 162 2176 fiebat,
192 2119 266 2180 quae
293 2119 438 2180 superesse
467 2098 593 2157 hominis
621 2099 718 2158 animo
746 2101 913 2157 etiamnunc
938 2098 1107 2175 dicebatur,
1136 2118 1286 2183 postquam

67 2201 135 2260 coelo
159 2200 257 2281 lapsus
283 2199 361 2257 etin
380 2199 455 2258 hanc
477 2195 622 2256 demersus
640 2211 745 2255 terram
765 2209 805 2254 est
816 2241 825 2270 ,
851 2196 944 2255 locuni
965 2198 1101 2256 scientiae
1121 2214 1149 2258 et
1167 2203 1282 2264 veritati

19 2293 21 2298 ’
67 2301 242 2360 conuarium.
272 2297 330 2355 Nec
351 2315 419 2356 vero
438 2295 493 2354 hoc
511 2309 616 2353 temere
629 2297 668 2353 ita
688 2295 804 2374 posuit,
825 2315 882 2373 quo
900 2293 1011 2355 scilieet
1029 2297 1158 2358 fabulam
1173 2302 1286 2362 suavis-

19 2393 21 2396 ’
67 2397 156 2458 simam
183 2395 396 2456 commendaret
425 2395 531 2474 magis:
553 2394 626 2452 serio
655 2391 687 2452 id
714 2392 792 2452 idem
819 2394 852 2451 in
881 2391 961 2452 haud
990 2412 1048 2453 uno
1072 2417 1201 2457 sermone
1220 2419 1285 2460 cum

19 2489 20 2494 ἵ
67 2495 243 2568 memoravit,
264 2508 326 2553 tum
352 2492 488 2573 probavit
516 2490 606 2566 adeo,
629 2506 657 2550 et
676 2509 758 2552 vero‘
772 2492 811 2548 sic
831 2511 891 2548 rena
914 2507 1077 2570 persecutus
1098 2509 1157 2568 est,
1183 2510 1233 2570 ut,
1259 2497 1283 2556 si

66 2594 150 2652 ninus
178 2590 351 2674 persuadeat
377 2588 479 2663 nobis,
501 2610 533 2649 ea
557 2603 653 2656 tarsun
676 2589 784 2648 dixisse
809 2587 961 2662 videatur,
982 2611 1054 2668 quae
1079 2611 1144 2650 cum
1163 2595 1283 2654 veritate

19 2691 20 2694 ’
67 2693 212 2770 conjuncta
229 2701 409 2748 censeantur.
431 2688 572 2762 Quocirca
583 2708 725 2748 sermones
743 2686 810 2746 illos
829 2687 928 2745 Cicero
948 2685 1083 2748 lubenter
1102 2691 1284 2752 memorabat.

69 2789 204 2864 «Initio,
233 2789 293 2862 ait,
314 2786 442 2846 Platonis
470 2785 565 2860 libro,
585 2785 637 2865 qui
655 2785 825 2845 inscribitur
843 2785 949 2859 Meno,
975 2787 1124 2866 pusionem
1141 2789 1286 2867 quendam

68 2886 184 2948 Socrates
207 2887 364 2964 interrogat
381 2883 520 2962 quaedam
535 2885 704 2963 geometrica
720 2882 756 2942 de
771 2883 951 2943 dimensione
967 2885 1110 2961 quadrati.
1142 2888 1188 2946 Ad
1200 2909 1231 2946 ea
1244 2889 1284 2946 sic

19 2981 22 2991 ’
67 2985 109 3044 ille
135 2982 309 3068 respondet,
336 2996 368 3040 ut
395 3003 485 3062 puer3
508 2997 536 3041 et
563 2995 659 3042 tamen
684 2983 724 3042 ita
751 2981 852 3040 faciles
881 2983 1119 3060 interrogationes
1139 3001 1223 3060 sunt,
1251 2999 1282 3045 ut

68 3084 196 3162 gradatim
220 3081 399 3162 respondens
421 3079 520 3140 eodem
544 3081 695 3160 perveniat
706 3125 714 3154 ,
735 3101 791 3159 quo
808 3080 832 3137 si
852 3080 1019 3158 geometrica
1036 3079 1192 3142 didicisset
1235 3083 1279 3142 Ex

68 3201 113 3258 quo
139 3181 216 3240 effici
246 3179 311 3240 vult
331 3177 476 3252 Socrates,
503 3192 535 3236 ut
552 3177 662 3236 discere
692 3177 770 3236 nihil
780 3175 869 3236 *aliud
892 3179 947 3252 sit,
969 3179 1025 3238 nisi
1045 3179 1196 3240 recordari.
1210 3205 1224 3236 s
1240 3177 1282 3260 Δ1)

68 3279 168 3362 Dialogi
191 3279 275 3338 illius
297 3297 369 3356 quae
388 3277 425 3336 sit
444 3277 535 3335 forma
555 3290 583 3335 et
597 3277 688 3350 ratio,
709 3275 779 3335 dein
798 3273 959 3334 identidem
975 3275 1206 3356 explorabimus:
1233 3279 1282 3338 htc

68 3376 292 3436 animadvertisse
314 3372 439 3447 sufficit,
471 3373 603 3455 probasse
623 3394 657 3433 eo
675 3372 828 3432 scribendo
853 3386 1016 3447 auctorem,
1038 3375 1130 3434 inesse
1158 3376 1283 3436 hominis

68 3477 152 3534 animo
171 3475 304 3534 notiones
323 3471 482 3546 naturales,
501 3492 603 3550 easque
618 3471 822 3552 interrogando
838 3471 920 3528 elici:
942 3470 1020 3548 qnod
1034 3473 1178 3552 aptissime
1193 3475 1284 3532 effecit

69 3591 124 3630 cum
139 3592 225 3632 servo
248 3569 434 3644 inducendo,
455 3589 540 3648 quem
559 3569 687 3628 Socrates
714 3571 920 3650 interrogaret,
946 3568 1013 3628 rudi
1042 3570 1168 3628 omnium
1188 3589 1283 3628 rerum
1372 3631 1377 3644 ,

19 3669 21 3732 ξ
70 3683 91 3727 et
114 3671 212 3750 ignaro
237 3668 353 3728 homine
365 3709 373 3742 ,
393 3681 455 3726 tum
473 3667 690 3747 quaestionibus
708 3667 896 3728 instituendis
914 3667 950 3727 de
966 3673 1147 3748 geometrico
1166 3674 1284 3741 initiis,
1353 3739 1358 3748 Ι
1416 3733 1417 3744 χ

19 3755 21 3772 ’
71 3787 129 3843 quae
147 3767 272 3847 propriis
285 3767 389 3824 mentis
404 3765 590 3824 facultatibus
608 3778 771 3844 congruunt
785 3766 879 3825 unice.
921 3764 979 3824 Sed
996 3763 1031 3840 id,
1048 3767 1141 3844 ipsum
1161 3765 1283 3824 interius

19 3857 21 3892 ³
69 3864 144 3924 eoam
170 3867 203 3924 in
231 3864 384 3934 Phaedone
402 3863 531 3922 Socrates
548 3863 703 3941 inquisivit
733 3860 945 3946 elegantiusque
970 3863 1116 3946 exposuit,
1135 3877 1167 3934 ut
1189 3862 1282 3924 eidem

73 3962 152 4024 visum
170 3963 302 4025 Ciceroni
328 3975 378 4021 est.
400 3986 414 4017 s
428 3962 520 4035 Quem
537 3961 650 4035 locum,
672 3961 731 4033 ait,
752 3959 841 4018 multo
869 3963 954 4020 etiam
974 3961 1136 4038 accuratius
1154 3962 1283 4044 explicat
1304 3973 1306 3982 ‘

19 4103 20 4124 ἶ
73 4056 98 4116 in
115 4081 144 4119 eo
171 4080 318 4133 sermone,
339 4079 421 4138 quem
446 4058 549 4118 habuit
577 4079 609 4117 eo
637 4059 699 4138 ipso
718 4057 784 4133 die,
805 4081 861 4136 quo
881 4061 1008 4118 excessit
1034 4078 1048 4116 e
1078 4060 1148 4120 vita.
1191 4063 1280 4120 Docet

74 4157 156 4232 enim,
174 4158 321 4237 quemvis,
342 4158 392 4236 qui
417 4157 545 4216 omnium
572 4177 667 4214 rerum
695 4154 776 4215 rudis
804 4178 861 4215 esse
889 4157 1040 4232 videatur,
1062 4156 1137 4231 bene
1155 4157 1279 4214 interro-

75 4256 140 4328 ganti
168 4254 406 4336 respondentem,
426 4253 591 4327 declarare,
613 4275 642 4312 se
666 4278 726 4314 non
750 4270 810 4314 tum
833 4253 884 4312 illa
915 4254 1045 4329 discere,
1067 4254 1117 4312 sed
1145 4253 1282 4311 reminis·
1313 4235 1317 4243 ’

75 4387 311 4402 m

103 4459 124 4524 t)
139 4462 187 4516 otc.
211 4463 281 4513 rese,
303 4462 331 4524 ο.
352 4461 371 4508 1.
395 4460 437 4511 24.
