2832 5120
729 261 792 318 1112

144 423 292 504 Numquid
304 425 387 497 item,
401 419 522 482 eandem
537 441 582 480 me
596 427 689 480 artem'
701 435 824 482 tractme
831 421 1014 497 ,arnume
1024 425 1128 484 -Hoc
1137 443 1319 504 nequaquam.
1328 455 1354 465 -

144 527 183 582 At
200 524 273 582 seito
291 520 330 579 ita
349 541 425 578 esse:
448 541 485 578 ne
503 533 600 578 umen
620 519 699 599 apud
718 533 844 580 caeteros
861 541 906 579 me
932 521 1050 602 prodas:
1071 524 1144 580 uam'
1158 521 1228 580 latet
1243 541 1354 598 omnes,

144 643 161 679 o
180 622 289 694 amice,
309 619 385 677 banc
403 640 448 676 me
466 632 557 676 artem
576 617 701 693 callere;
724 619 771 677 illi
791 640 876 692 vero,
897 621 1005 700 quippe
1029 621 1208 699 ignorantes,
1228 619 1282 678 boc
1298 622 1355 699 qui-

143 719 210 778 dem
229 718 266 777 de
283 739 327 776 me
346 737 408 776 non
425 716 547 789 dicunt,
568 715 620 774 sed
647 716 857 797 ineptissimum
880 738 925 774 me
944 739 1004 776 esse
1029 717 1175 776 bominem
1191 731 1220 775 et
1245 719 1356 777 aliosin

142 821 287 898 angustias
305 815 419 894 adigere
438 813 640 892 colloquendo.
662 816 792 874 Hoccine
810 815 950 874 audivisti
970 816 1064 874 item?
1084 825 1127 852 -'
1139 815 1175 874 ld
1193 819 1317 876 omniuo.
1330 845 1355 854 -

142 918 234 976 Visne
251 916 307 975 tibi
326 933 453 972 caussam
471 913 559 990 hujus
577 914 620 970 rei
638 913 758 972 dicam?
780 945 813 954 —
834 913 948 987 Quidni
967 913 1081 972 velim?
1104 944 1135 952 -
1156 916 1269 994 Reputa
1283 915 1358 994 igitur

142 1030 238 1074 tecum
261 1027 354 1074 totum
378 1012 563 1071 obstetricum
589 1012 755 1091 negotium,
770 1013 926 1091 'quomodo
949 1033 978 1069 se
1001 1012 1125 1085 babeat,
1155 1026 1185 1070 et
1208 1012 1294 1070 facile
1316 1012 1358 1086 id,

142 1112 221 1194 quod
238 1110 326 1184 volo,
346 1110 511 1188 assequeris.
533 1109 595 1168 Scis
613 1110 710 1183 enim,
731 1110 844 1169 nullam
862 1131 959 1168 earum
969 1155 979 1183 ,
999 1110 1137 1188 quamdiu
1159 1112 1290 1191 concipit
1307 1111 1359 1190 ipsa

142 1226 171 1269 et
191 1211 284 1292 parit,
304 1209 370 1268 aliis
396 1207 533 1289 opitulari
560 1207 807 1288 parturientibus,
827 1207 878 1268 sed
905 1207 961 1267 hoc
979 1210 1111 1268 factitare
1135 1229 1200 1284 eas,
1221 1210 1359 1287 quaejam

142 1329 242 1391 parere
260 1329 320 1366 uon
337 1308 480 1387 possunt?
491 1306 669 1364 -Omnino
686 1336 717 1344 —
727 1307 860 1366 Caussam
876 1292 964 1384 hujus
981 1309 1024 1365 rei
1038 1308 1161 1366 Dianam
1181 1329 1241 1366 esse
1258 1309 1358 1383 ferunt,

97 1401 102 1407 ⁵
142 1427 215 1488 quae
234 1408 296 1487 ipsa
316 1423 376 1463 non
392 1406 509 1484 pariens
527 1417 663 1483 partuum
687 1424 785 1461 curam
803 1406 937 1484 suscepit.
968 1404 1123 1463 sterilibus
1141 1403 1261 1483 quidem
1280 1406 1358 1464 obsto
1412 1413 1413 1446 l

142 1503 270 1565 tricandi
293 1525 399 1562 munus
418 1524 478 1562 non
497 1500 599 1574 dedit,
620 1501 687 1580 quia
714 1524 775 1560 non
801 1503 858 1560 fert
885 1503 1011 1562 bominis
1034 1516 1156 1576 natura,
1178 1515 1211 1559 ut
1237 1523 1284 1560 res
1310 1517 1359 1561 arte
1412 1519 1413 1542 ³

140 1617 261 1677 tractet,
280 1621 402 1680 quarum
420 1602 481 1680 ipse
498 1601 535 1657 sit
553 1598 783 1680 experstdedit
802 1620 871 1658 vero
889 1600 968 1673 illis,
988 1621 1062 1680 quae
1086 1621 1138 1680 per
1163 1613 1286 1658 aetatem
1311 1621 1360 1659 non
1412 1609 1413 1643 ³

141 1702 257 1784 possent
284 1700 455 1778 concipere,
476 1719 573 1756 earum
601 1718 697 1756 secum
717 1697 948 1756 ¹similitudinem
967 1698 1120 1758 honorans.
1141 1731 1174 1740 -
1204 1697 1360 1756 Verisimile
1407 1740 1410 1749 -

139 1803 194 1861 boc
213 1799 340 1879 quidem.
362 1829 394 1836 -
415 1797 518 1854 Nonne
540 1817 609 1854 vero
632 1787 687 1854 boc
708 1795 777 1852 item
800 1809 829 1854 et
847 1795 1004 1856 verisimile
1022 1810 1051 1854 et
1069 1797 1279 1870 necessarium,
1299 1816 1361 1875 quae
1405 1756 1410 1833 l

140 1910 328 1980 praegnantes
354 1897 433 1967 sint,
458 1915 587 1973 quaeque
616 1914 677 1952 non
705 1894 783 1967 siut,
808 1894 846 1952 ab
874 1894 1077 1952 obstetricibus
1102 1895 1235 1973 dignosci
1264 1897 1360 1975 magis,
1408 1877 1413 1938 χῖ

140 2019 226 2076 quam
244 1995 417 2054 acaeteris?
440 2024 472 2032 -
500 1992 636 2052 Omnino.
657 2018 693 2027 -
711 1992 791 2065 Quin
810 1993 896 2050 etiam
908 2007 1029 2073 possunt
1045 1992 1211 2051 obstetrices
1229 2007 1259 2052 et
1276 1993 1361 2052 mede·

141 2095 178 2154 lis
196 2091 390 2175 praebendis,
410 2105 438 2148 et
467 2088 645 2149 adhibendis
674 2091 940 2165 incantationibus,
961 2112 1027 2149 cum
1051 2093 1177 2150 excitare
1201 2093 1360 2171 parturien-

140 2195 212 2252 tium
226 2190 357 2264 dolorcs,
378 2204 457 2263 tum,
477 2208 599 2267 quarum
618 2181 741 2262 iolunt,
761 2189 879 2262 sedare,
893 2187 1007 2248 efficere
1020 2191 1103 2263 item,
1124 2203 1158 2248 ut
1166 2191 1283 2270 pariant
1299 2208 1361 2268 quae
1408 2201 1413 2281 ,¹

140 2311 221 2370 aegre
241 2289 423 2370 parturiunt:
446 2285 637 2370 eaedemque,
658 2286 820 2363 siquando
842 2286 948 2345 abortu
970 2305 1043 2368 opus
1068 2302 1129 2363 est,
1148 2289 1283 2347 abortum
1305 2284 1361 2344 effi·
1406 2283 1410 2376 l

141 2389 234 2446 ciunt
257 2383 287 2463 l)
307 2415 339 2422 -
360 2385 411 2444 Est
429 2405 497 2442 sane
516 2385 565 2442 ita.
586 2410 621 2422 -
636 2384 784 2462 Numquid
799 2398 827 2442 et
843 2384 898 2443 boc
912 2385 950 2444 de
968 2385 1030 2444 illis
1044 2386 1294 2461 animadvertisti,
1311 2405 1361 2444 esse
1409 2389 1413 2429 '³

141 2486 254 2545 easdem
273 2485 465 2564 sagacissimas
486 2485 734 2542 matrimoniorum
753 2483 982 2558 conciliatrices,
1007 2486 1114 2564 quippe
1137 2505 1277 2565 perquam
1298 2505 1361 2566 pru·
1409 2519 1413 2546 0

140 2586 242 2644 dentes
259 2585 293 2642 in
311 2579 476 2655 cernendo,
497 2581 593 2660 qualis
611 2581 716 2640 mulier
734 2581 814 2660 quali
836 2583 901 2640 viro
915 2584 1019 2659 juncta
1036 2585 1157 2662 optimos
1176 2575 1361 2662 pariat‘libe-

140 2685 210 2742 ros?
230 2710 266 2720 ·-
285 2681 322 2740 Id
339 2701 400 2738 nou
428 2680 496 2737 satis
516 2681 596 2738 novi.
616 2707 652 2716 -
671 2679 750 2738 Scito
767 2699 856 2753 vero,
876 2677 931 2738 boc
949 2701 996 2738 eas
1017 2682 1107 2760 magis
1125 2681 1264 2760 gloriari,
1284 2701 1361 2760 quam
1412 2691 1413 2724 3

140 2781 274 2840 umbilici
296 2779 448 2836 incisione.
490 2777 562 2836 Nam
586 2792 705 2858 reputa:
727 2777 912 2856 ejusdemne,
931 2799 971 2836 an
994 2777 1069 2836 alius
1088 2780 1158 2836 artis
1182 2799 1242 2837 ease
1272 2780 1361 2838 existi·
1412 2803 1413 2820 ÷

139 2901 216 2951 mas,
236 2876 330 2936 colere
344 2896 377 2933 ac
397 2875 551 2954 colligere,
571 2877 623 2954 qui
648 2897 664 2933 e
687 2890 763 2934 terra
783 2890 962 2950 naseuntur,
984 2877 1113 2951 fructus,
1135 2890 1164 2934 et
1190 2897 1299 2936 rursus.
1317 2876 1361 2934 di-
1412 2893 1413 2920 ³

140 2998 293 3058 gnoscere,
313 2974 361 3032 cui
381 2972 442 3034 solo
461 2995 546 3051 quam
570 2973 715 3054 plantam,
735 2973 851 3053 quodve
874 2995 971 3034 semen
995 2975 1171 3050 committere
1188 2975 1313 3034 deceat?
1333 2999 1360 3007 -

140 3077 206 3134 Non
233 3094 322 3144 sane,
342 3070 393 3130 sed
420 3071 547 3148 ejusdem
576 3085 627 3130 est.
647 3101 683 3110 -
703 3073 739 3130 ln
766 3073 901 3132 foeminis
927 3087 1039 3145 autem,
1064 3094 1081 3131 o
1109 3072 1219 3146 amice,
1249 3074 1362 3133 alterius

139 3173 285 3234 facultatis
302 3170 357 3228 boc
368 3215 377 3241 ,
407 3169 526 3228 alterius
548 3169 626 3228 illud
644 3170 814 3230 existimas?
836 3203 869 3212 —
889 3173 952 3230 Nou
974 3170 1098 3228 videtur.
1119 3201 1151 3210 —
1172 3171 1262 3231 Haud
1280 3191 1360 3242 sane,

140 3271 191 3331 sed
212 3282 326 3349 propter
343 3268 480 3344 injustam
502 3269 685 3348 ineptamque
703 3270 790 3327 maris
820 3283 850 3327 et
877 3269 1018 3327 foeminae
1045 3270 1300 3346 conjunctionem,
1318 3267 1360 3326 cui

141 3371 323 3428 lemeiuium
347 3386 452 3424 nomen
469 3379 530 3438 est,
550 3365 731 3425 conciliandi
754 3368 931 3426 matrimonii
950 3364 1079 3424 officium
1095 3367 1213 3446 fugiunt
1231 3367 1361 3426 obstetri—

140 3489 205 3540 ces,
225 3466 334 3545 quippe
356 3478 449 3522 castae
473 3485 663 3542 severasque,
684 3479 815 3524 verentes
838 3465 968 3538 scilicet,
987 3485 1026 3523 ne
1051 3463 1198 3544 perhanc
1223 3480 1313 3524 artem
1332 3465 1359 3520 in

141 3565 281 3624 lenocinii
300 3563 478 3642 vituperium
492 3562 640 3621 incidant:
662 3584 834 3643 quamquam
848 3561 1069 3635 obstetricibus,
1088 3585 1162 3642 quae
1177 3583 1245 3620 vere
1263 3562 1359 3620 dicun·

139 3679 206 3736 tur,
222 3663 291 3721 solis
312 3663 381 3719 item
398 3661 537 3718 convenit
552 3680 642 3722 mares
656 3662 853 3740 foeminasque
868 3675 945 3719 recte
959 3662 1071 3738 jugare.
1081 3691 1114 3702 -
1124 3663 1213 3720 Patet.
1225 3661 1358 3719 -Obste

140 3763 245 3820 triernn
263 3759 353 3838 igitur
372 3759 518 3838 negotium
536 3770 650 3816 tautum
670 3772 731 3834 est;
752 3761 850 3820 miuus
870 3781 960 3832 vero,
988 3779 1073 3836 quam
1091 3780 1194 3818 meum.
1216 3761 1287 3838 Nam
1305 3779 1357 3815 mu·

174 3963 202 4026 1)
220 3963 318 4016 Graeca
332 3962 470 4014 manifesto
483 3969 606 4028 corrupta
623 3971 696 4012 sunt:
713 3951 761 4012 atui
783 3947 835 4012 ἒὰν
855 3946 922 4012 νέον
943 3945 980 4012 dr·
1000 3945 1079 4034 δοξη
1105 3945 1283 4027 ἀμβλίωειν,
1304 3945 1357 4026 ἆμ-

141 4045 313 4142 {llt'mouum
333 4073 410 4133 Fuit,
428 4085 486 4119 eum
498 4067 559 4118 milti
576 4068 684 4120 mirifice
697 4070 827 4136 placerem
843 4067 1025 4135 conjiciendo:
1041 4053 1089 4114 atui
1111 4048 1164 4112 e'dr
1182 4048 1358 4130 ἅνεμιαῖον

141 4160 437 4249 δυ’ξῃ,.ἀ,ιιβλιόιειν,
459 4189 492 4226 eo
510 4189 607 4237 suasu,
628 4184 658 4225 ut
678 4159 715 4224 ori
734 4159 855 4243 γόνιμον
874 4178 993 4232 noaret,
1012 4169 1098 4234 prouti
1115 4165 1166 4216 157
1178 4164 1209 4216 D.
1223 4165 1279 4215 Vrd.
1293 4166 1356 4232 spec.

141 4272 198 4320 crit.
215 4286 241 4335 p.
252 4268 295 4318 28.
318 4269 370 4318 Sed
391 4269 483 4333 rejecit
492 4269 635 4334 juvenilem
646 4271 816 4320 temeritatem
830 4275 903 4318 aetas
918 4265 1077 4332 provectior.
1099 4261 1171 4312 Nunc
1185 4261 1286 4328 quidem
1299 4259 1356 4310 baec

141 4364 208 4414 verti
228 4362 261 4412 de
281 4360 422 4412 Heindorfi
441 4360 609 4425 conjectura:
627 4347 680 4414 dciv
700 4348 771 4414 deria
790 4347 878 4436 δοξῃ.
899 4363 1035 4428 (Fortasse
1048 4359 1199 4426 simpliciter
1213 4357 1355 4426 legendum

79 4457 93 4480 “
142 4455 194 4518 Scir
219 4453 336 4535 ciuem
362 4451 440 4538 δόξῃ
461 4449 643 4532 (insilimus,
664 4450 912 4530 inefficacem-
930 4471 989 4525 Eut
