2832 5120
611 250 664 310 tet

43 416 128 474 Cicero
143 428 184 489 et,
203 411 382 496 paucissimis
399 413 541 492 exceptis,
556 413 727 474 recentiores
746 431 856 470 omnes:
878 431 950 490 quse
971 423 1066 471 tamen
1086 407 1165 472 houd
1182 431 1248 492 pro·

43 512 124 571 banda
138 513 209 571 ratio
224 525 273 572 est.
295 512 367 570 Nam
382 512 423 570 sic
433 511 540 570 factum
551 512 582 569 in
594 512 694 592 primis
704 510 835 584 videtur,
853 523 884 568 ut
893 523 935 570 tot
944 507 1086 586 hodieque
1096 506 1149 566 hoc
1160 529 1250 588 genus

40 610 171 669 scribendi
196 610 296 684 facile,
327 630 412 667 snare
441 630 493 668 nec
521 609 646 683 inutile,
675 607 755 667 haud
774 629 842 669 vero
860 607 1049 667 necessarium
1075 620 1102 665 et
1121 603 1185 666 siro
1205 606 1249 665 in-
1346 623 1348 632 ¹

40 706 145 785 dignum
162 721 306 768 censeant.
336 707 372 766 Et
389 708 516 787 profecto
535 728 608 784 quae
628 708 660 765 in
679 701 827 766 Plutarchi
848 705 1067 782 Symposiacis,
1089 705 1121 761 in
1140 712 1247 780 septem

39 813 195 887 sapientum
212 812 363 878 concivio,
390 825 461 882 quae
481 806 514 863 in
533 804 674 867 Athenaei
694 807 941 882 deipnooophr‘stis
961 803 1099 882 legimus,
1129 801 1248 862 brevius

39 903 96 960 haec
114 904 367 976 commentatione,
388 923 441 961 nec
467 904 563 964 minus
589 917 685 962 temen
703 894 852 983 perspicue
871 901 1012 982 pleneque
1041 899 1116 960 tradi
1134 901 1248 980 potuis-

39 1014 97 1059 sent.
137 1001 218 1060 Esset
235 1002 351 1060 fortasse
363 1023 372 1075 ,¹
392 1000 469 1078 quod
489 1002 610 1060 formam
639 1000 866 1059 desideraremus
893 1001 926 1058 in
948 999 1119 1058 Plutarcheo
1146 996 1249 1058 libello

38 1099 64 1154 dr
81 1121 145 1156 sero
163 1107 300 1157 numinis
319 1101 455 1156 vindicta
466 1143 474 1172 ,
496 1099 519 1156 si
544 1099 743 1158 commentatio
753 1144 761 1172 ,
784 1119 843 1158 non
867 1096 998 1176 dialogus
1018 1111 1106 1171 esset,
1141 1117 1250 1156 vernn-

39 1210 135 1270 tamen,
155 1199 179 1256 si
200 1197 383 1278 philosophia
403 1210 546 1277 spectatur
570 1198 651 1278 ipsa,
681 1196 750 1254 huic
780 1195 915 1255 videatur
943 1195 1065 1276 perinde
1090 1215 1166 1268 esse,
1193 1195 1246 1252 hac

37 1317 66 1354 au
83 1295 196 1376 vulgari
213 1297 323 1354 ratione
341 1297 465 1376 scriptus
483 1296 581 1354 fuerit.
623 1294 708 1370 Quod
729 1293 806 1354 idem
829 1294 865 1354 de
884 1294 955 1378 ipsis
973 1291 1114 1352 affirmare
1132 1295 1254 1376 Cicero<

38 1393 73 1450 nis
90 1391 211 1473 dialogis
235 1415 293 1452 non
319 1393 431 1452 dubito.
475 1393 758 1454 commendationem
787 1414 802 1452 a
832 1393 922 1452 forma
952 1393 1094 1470 insignem
1122 1391 1247 1465 hahent,

37 1511 95 1567 quae
114 1505 222 1570 quanta
240 1492 295 1565 sit,
316 1492 413 1552 collati
431 1493 518 1552 facile
542 1491 801 1552 demonstraverint
824 1491 892 1550 libri
920 1491 954 1548 do
982 1497 1152 1548 inperitiores
1183 1511 1247 1548 cum

37 1588 145 1668 dialogis
165 1592 201 1650 do
222 1601 358 1664 oratore,
378 1604 406 1649 et
427 1592 461 1648 do
482 1593 577 1649 oloris
597 1592 790 1650 oratoribus·
829 1590 866 1648 Et
892 1611 960 1650 vero
984 1610 1029 1646 ars
1057 1588 1111 1648 illa
1134 1589 1166 1646 in
1187 1587 1248 1646 clo-

37 1688 159 1764 quentia,
182 1702 215 1747 ut
230 1687 404 1767 putabatur,
426 1709 552 1763 summa,
573 1690 606 1746 in
622 1702 769 1768 utramque
785 1701 895 1768 partem
905 1686 950 1746 -de
965 1687 1064 1746 eodem
1083 1699 1248 1766 argumento

37 1786 134 1864 copiose
153 1785 401 1866 probabiliterque
421 1785 600 1860 disserendi,
622 1807 705 1864 quam
727 1800 758 1845 ut
778 1785 877 1845 docuit
901 1784 1067 1846 Aristotcles
1078 1831 1085 1858 ,
1107 1785 1152 1842 ita'
1167 1784 1247 1843 facti·

38 1894 96 1940 tasse
111 1882 236 1962 dialogis
253 1884 311 1942 suis
331 1884 427 1944 videri
445 1870 556 1967 potest,
577 1885 652 1942 hanc
672 1883 812 1962 quomodo
841 1885 940 1942 Cicero
965 1883 998 1940 in
1023 1882 1087 1941 aliis
1116 1883 1230 1961 scriptis
1240 1925 1248 1955 ,

8 2023 9 2026 ,
40 1992 89 2036 tum
108 1983 140 2039 in
160 1982 263 2060 primis
284 1983 318 2039 clo
328 1983 449 2058 finibus
469 1998 526 2043 tam
546 1981 718 2040 mirabiliter
741 1981 885 2062 explicare
904 1981 1060 2061 potuisset,
1082 1981 1139 2040 nisi
1159 1979 1250 2039 diale-

38 2097 75 2154 gos
94 2079 277 2174 scripsisset?
299 2077 356 2138 Sed
385 2093 474 2139 artem
492 2080 604 2138 hanc
597 2099 686 2160 ipsam
712 2079 848 2174 reprobat
876 2078 1078 2160 philosophia,
1108 2077 1252 2160 siquidem

38 2097 209 2235 iudientium
238 2165 353 2252 studia,
382 2200 468 2257 quam
496 2180 558 2238 veri
583 2157 752 2257 inquirendi
780 2177 980 2258 diligentiam,
1010 2177 1098 2256 magis
1131 2189 1254 2258 spectat.

38 2273 85 2331 Nec
104 2288 143 2333 est
163 2276 237 2352 quin
255 2275 414 2350 fateamur,
435 2277 501 2356 plus
521 2275 726 2355 eloquentiae
719 2299 751 2336 m
770 2274 892 2356 dialogis
915 2275 1049 2334 tribuisse
1069 2275 1255 2349 Ciceronem,

38 2390 108 2447 quam
126 2373 255 2454 simplici
275 2375 406 2434 veritatis
431 2373 621 2471 indagationi.
663 2374 730 2434 Alia
757 2387 800 2438 est
823 2375 963 2454 longeque
989 2373 1105 2434 diversa
1125 2373 1251 2434 Platoni·
1317 2452 1321 2459 ¹

37 2488 120 2529 corum
140 2470 322 2551 dialogorum
340 2471 489 2546 conditio,
511 2487 630 2532 naturae
640 2473 793 2576 ipsorum,
809 2492 895 2551 quam
913 2471 1058 2546 diximus,
1079 2492 1249 2550 congruens.
1314 2467 1316 2476 ¹

7 2611 9 2618 s
37 2566 94 2626 Eam
111 2570 222 2630 habent
242 2591 307 2628 cum
326 2572 449 2646 auctoris
466 2547 653 2651 philosophia
669 2569 927 2644 necessitudinem,
959 2584 990 2629 ut
1010 2592 1068 2628 una
1087 2571 1157 2629 haec
1178 2585 1255 2630 esset

38 2667 171 2728 scribendi
191 2669 264 2726 ratio
274 2690 360 2748 ‚qua
377 2682 407 2726 et
425 2689 524 2728 sensus
543 2690 607 2727 suos
625 2689 722 2728 omnes
736 2668 882 2749 explicare
898 2681 925 2726 et
941 2688 1022 2726 suum
1041 2667 1157 2748 explere
1176 2669 1253 2726 scri-

38 2761 112 2824 bendi
139 2767 319 2847 propositum
337 2781 440 2847 posset.
482 2765 518 2825 Id
542 2765 736 2826 autem'effici
759 2766 960 2846 intelligique,
991 2766 1048 2824 nisi
1073 2787 1108 2824 ex
1133 2768 1252 2848 propria

38 2880 119 2922 eorum
138 2879 166 2923 et
186 2863 330 2927 Socratica
345 2864 432 2944 plane
451 2865 581 2939 ratione,
600 2885 659 2925 non
679 2878 779 2944 potest.

10 3023 11 3026 ,
68 2963 134 3020 Nam
151 2984 225 3042 quae
244 2961 451 3042 distinguendo
470 2961 608 3022 hactenus
628 2961 664 3022 de
691 2953 806 3043 seriptis
828 2962 956 3024 Platonis
974 2962 1257 3038 animadvertimus,

39 3075 63 3113 eo
78 3058 194 3134 valent,
216 3079 252 3118 ne
271 3059 340 3118 haec
362 3081 427 3118 cum
452 3061 574 3140 aliorum
594 3058 716 3140 dialogis
745 3061 975 3138 confundamus,
1000 3075 1031 3120 ut
1049 3083 1118 3130 vero
1137 3063 1253 3142 privem
1312 3047 1314 3052 s

39 3174 120 3214 eorum
138 3159 340 3238 propriamque
357 3159 495 3218 virtutem
512 3160 724 3240 percipiamus,
745 3160 812 3238 satis
830 3159 927 3220 valere
948 3183 1008 3220 non
1028 3160 1177 3228 videntur.
1200 3160 1253 3230 Est,

39 3267 117 3312 autem
143 3256 212 3314 talis
240 3256 309 3330 illa,
340 3257 454 3336 qualern
482 3258 542 3337 ipse
570 3257 602 3316 in
627 3257 756 3319 Phaedro
780 3260 938 3338 spectavit,
960 3252 1113 3337 quum'de
1142 3260 1250 3340 optimo
1283 3241 1285 3245 i

41 3353 166 3434 uniceque
187 3376 254 3416 vero
274 3353 421 3414 scribendi
439 3376 545 3434 genere
564 3357 750 3437 praeciperet.
786 3357 858 3420 Nam
874 3359 974 3437 paucis
989 3359 1116 3439 exeeptis
1127 3403 1135 3433 ,
1156 3371 1251 3437 partes

40 3446 64 3506 iu
89 3452 123 3511 iis
150 3452 285 3512 omnibus
312 3453 481 3534 praecipuas
506 3452 593 3512 hahet
612 3453 759 3514 Socrates:
782 3453 932 3514 inducitur
960 3472 1053 3517 autem
1080 3457 1152 3530 ille,
1172 3453 1252 3532 quod

41 3547 179 3608 scribendo
197 3551 230 3610 in
254 3552 355 3631 primis
385 3549 571 3610 efficiendum
600 3567 679 3611 ratus
702 3552 783 3612 Plato
802 3567 861 3628 est,
881 3557 1013 3616 excitans
1041 3557 1073 3614 in
1101 3555 1250 3614 homiuum
1280 3537 1283 3544 ⁴

41 3643 129 3705 animis
145 3648 241 3728 pulcri
260 3649 406 3728 bonique,
427 3651 593 3729 praesertim
610 3657 676 3707 ocri
696 3671 837 3726 amorem,
859 3655 1051 3733 omninoque,
1072 3649 1149 3730 quod
1167 3670 1249 3711 socae

42 3736 95 3815 bat,
114 3746 194 3824 quasi
213 3755 247 3804 in
267 3755 379 3806 animia
406 3749 560 3806 bominum
589 3751 732 3810 scribens.
774 3749 809 3808 Id
836 3751 969 3810 similiter
999 3749 1126 3808 instituit
1153 3746 1248 3818 Xeno·

42 3835 125 3916 phou,
145 3864 253 3921 quum,
275 3844 435 3906 scribendis
464 3828 720 3922 Memorabilihus',
750 3847 874 3908 Socratis
903 3862 1047 3908 enarraret
1071 3868 1135 3906 cum
1162 3848 1251 3908 variis

43 3932 193 4001 hominihus
211 3943 372 4022 colloquia:
395 3959 423 4003 et
441 3945 511 4004 hinc
530 3946 561 4004 in
580 3947 682 4026 primis
700 3947 778 4010 aurei
799 3946 894 4005 libelli
910 3947 1100 4027 praestantia:
1124 3967 1190 4006 nam
1210 3948 1250 4006 sic

43 4030 142 4097 demum
160 4063 212 4100 nos
231 4043 263 4099 in
281 4041 404 4100 mediam
423 4042 547 4106 Socratis
565 4043 777 4124 philosophiam
794 4044 889 4126 potuit
909 4043 1056 4104 inducere.
1098 4045 1129 4104 Si
1148 4065 1248 4104 memo·

44 4148 116 4194 resset
141 4137 264 4198 doctoris
292 4141 337 4198 sui
361 4141 467 4221 placita
491 4142 665 4222 praecipua,
687 4142 766 4202 haud
785 4143 859 4202 male
877 4144 977 4203 suisset
996 4144 1031 4204 de
1049 4143 1250 4224 philosophiae

45 4224 147 4294 historia
165 4238 300 4296 meritus:
322 4237 490 4298 haberemus
521 4253 596 4298 certe
607 4259 693 4325 ,quo
722 4241 846 4301 &cratis
874 4241 955 4302 effata
983 4263 1049 4302 cum
1076 4253 1251 4300 caeterorum

46 4323 150 4393 decretis
176 4315 413 4432 philosophorum
443 4359 685 4420 compararemus,
717 4340 768 4399 sed
797 4361 919 4415 novam,
945 4362 1029 4419 qnam
1059 4341 1083 4398 is
1112 4337 1250 4412 induxit,

48 4421 261 4514 philosophandi
277 4419 471 4515 aiguendique
491 4438 648 4511 rationem,
669 4460 724 4517 qna
746 4460 801 4498 una
823 4440 964 4513 maxime,
986 4460 1045 4498 non
1063 4437 1177 4518 placitis
1200 4449 1251 4496 aut
