2886 5118
645 235 647 239 ’
729 265 789 328 rae

139 443 256 512 tuaique
278 428 406 488 alienum
423 445 482 488 esse
500 426 609 488 bonum
629 447 662 488 ac
680 448 711 486 re
730 447 798 489 vera
818 428 989 508 imperantis
1006 441 1035 487 et
1066 429 1236 514 potthioris
1248 483 1252 490 .
1265 427 1358 488 emolu·

139 545 285 603 mentum,
306 527 514 606 detrimentum
531 546 599 586 vero
620 525 771 608 proprium
791 525 957 588 obedientis
982 539 1010 586 et
1040 523 1170 604 subditi3
1204 528 1358 606 injrutitiau

138 651 220 692 vcro·
237 641 338 690 contra
360 625 393 684 in
412 623 503 683 bonos
528 625 677 701 justosque
696 623 827 684 homines
847 623 1002 704 imperium
1029 608 1182 684 exciuere:
1204 626 1254 704 qui
1275 639 1359 684 autem

136 740 258 809 parent,
287 727 381 808 facere
411 743 484 803 quae
504 721 661 801 imperanti
686 721 900 800 potentiorique
920 722 1111 797 conducunt,
1133 724 1274 802 illumque
1291 723 1359 782 obse·

135 827 205 905 quio
222 823 339 884 beatum
357 815 481 880 reddere
490 864 499 893 ,
519 819 576 878 sibi
599 833 694 889 auum
712 819 783 899 ipsis
803 840 863 878 non
879 822 1051 882 consulere.'
1085 822 1295 895 Considerate,
1320 843 1359 901 op·

136 925 204 984 tium
223 921 373 994 Socrates,
395 919 435 977 sic
450 917 543 977 decet.
585 917 640 976 Vir
654 919 751 995 justus
770 917 849 978 omui
870 917 903 976 in
923 937 1021 980 caussa
1036 921 1154 994 minus,
1173 941 1261 999 quam
1277 920 1359 996 iujus-

136 1035 200 1095 tus,
220 1019 327 1079 habet:
348 1017 474 1099 primum
495 1016 527 1075 in
546 1017 654 1076 mutuis
672 1016 863 1090 commerciis,
884 1037 950 1076 cum
970 1016 1085 1096 aliquid
1095 1018 1274 1098 contrabpnt
1282 1016 1360 1094 ambo,

137 1134 279 1200 nusquam
298 1115 331 1174 in
352 1113 542 1203 dissolvenda
561 1113 694 1172 societate
714 1114 857 1199 reperies,
877 1114 945 1195 plus
959 1117 1071 1193 justum
1082 1161 1090 1190 ‚
1111 1137 1200 1194 quam
1220 1096 1360 1194 iujiistum,
1424 1139 1425 1160 r

136 1217 187 1276 sed
208 1235 319 1296 semper
340 1210 437 1272 minus
454 1225 618 1294 reportare:
639 1224 703 1273 tum
723 1213 756 1270 in
778 1212 863 1272 rebus
883 1213 1031 1294 publicis,
1064 1213 1116 1272 ubi
1142 1213 1254 1290 tributa
1273 1213 1360 1293 egole-

136 1314 228 1375 renda
247 1326 335 1389 sunt,
351 1313 447 1390 justus
465 1309 533 1391 plus
552 1310 682 1383 confert,
702 1297 852 1387 quam'sui
869 1311 1022 1390 aequales,
1040 1312 1168 1389 injustus
1187 1311 1300 1376 minus:
1320 1307 1359 1368 ubi

137 1433 207 1474 vero
233 1409 347 1490 aliquid
374 1407 580 1490 accipiendum
609 1419 671 1482 est,
705 1409 804 1485 justus
822 1405 928 1483 nihil,
961 1410 1087 1487 injustus
1115 1408 1211 1468 multa
1241 1419 1358 1488 reportat.
1423 1397 1426 1494 l

136 1510 252 1571 Etenim
270 1510 294 1568 si
312 1507 431 1588 quando
451 1507 618 1586 magistratu
637 1504 764 1586 quodam
784 1520 905 1586 uterque
924 1507 1076 1588 fungitur,
1097 1507 1121 1566 si
1139 1506 1301 1572 'nullaalia
1314 1506 1360 1582 jus·
1425 1499 1426 1538 t

137 1623 167 1669 to
193 1609 308 1686 jactura
339 1605 465 1678 accidit,
490 1603 566 1664 baec
592 1604 693 1663 saltem
720 1603 766 1664 illi
784 1625 845 1664 non
863 1603 962 1679 deest,
983 1618 1015 1664 ut
1038 1589 1084 1664 res
1108 1575 1281 1675 domestiiie
1299 1601 1361 1709 ἤϊε·

138 1707 200 1768 rius
219 1697 279 1792 pel,
290 1704 503 1784 negligentiam
522 1702 734 1783 disponantur:
765 1723 803 1761 ex
822 1702 1069 1782 publieo‘autem
1099 1701 1178 1805 rsshil
1209 1686 1360 1787 propgerea,

138 1803 216 1884 quod
233 1804 328 1882 justus
348 1816 410 1876 est,
439 1801 577 1861 lucretur.
619 1799 760 1876 Accedit,
789 1798 869 1879 quod
895 1798 1066 1881 domesticos
1087 1803 1119 1858 ac
1143 1778 1303 1858 familiared
1316 1797 1361 1856 sibi

41 1971 53 1992 α
138 1904 260 1962 infestos
278 1900 394 1974 reddit,
415 1921 482 1958 cum
500 1898 563 1958 illis
581 1899 745 1978 prospicere
766 1895 850 1958 nulla
868 1897 901 1955 in
923 1918 954 1956 re
972 1897 1053 1980 ultra
1077 1899 1192 1976 justupn
1213 1897 1300 1985 velit,
1327 1896 1360 1956 iu·

134 2003 214 2080 ,iimo
242 2020 310 2058 vero
338 1997 434 2056 omnia
464 2010 566 2058 contra
594 1996 753 2056 eveniunt:
776 1993 975 2071 diruentem,
995 1995 1076 2074 quod
1097 2006 1251 2075 usupra,
1272 1992 1361 2066 deco,
1426 2009 1427 2080 ἐ

139 2097 189 2178 qui
209 2095 332 2154 multum
352 2115 422 2176 prae
442 2094 563 2153 caeteris
581 2103 673 2173 potest
694 2093 821 2152 lucrari:
843 2091 923 2157 hunc
942 2091 1030 2173 igitur
1048 2092 1187 2167 attende,
1220 2094 1243 2152 si
1265 2094 1306 2152 vis
1325 2089 1361 2169 ju·

140 2196 254 2269 dicare,
285 2206 394 2272 quanto
421 2193 511 2270 magis
538 2192 687 2265 conferat,
707 2189 848 2271 privatim
868 2191 924 2248 sibi
944 2191 1089 2269 injustum
1112 2209 1173 2251 esse
1182 2234 1193 2264 ,
1216 2211 1299 2269 quam
1312 2192 1358 2267 jus·

141 2307 212 2353 tam.
254 2290 405 2350 Facillime
431 2303 526 2348 autem
556 2289 668 2362 disces,
699 2289 723 2347 si
751 2288 790 2348 ad
818 2301 974 2348 extremam
998 2289 1165 2369 perveneris
1185 2289 1361 2368 injustitiam,
1427 2309 1428 2312 ¹

141 2410 213 2470 qnae
233 2389 353 2466 injuste¹
368 2401 501 2470 agentem
533 2385 731 2444 felicissimum
758 2383 866 2460 efficit,
896 2383 1097 2478 cos-contra,
1131 2385 1181 2465 qui
1213 2385 1362 2446 afficiuntur
1427 2389 1428 2408 ¹

142 2485 249 2565 injuria
278 2503 311 2544 ac
340 2483 486 2541 neminem
512 2483 620 2560 injuste
649 2482 762 2541 laedere
784 2481 908 2569 volunt,
938 2483 1160 2561 infelicissimos.
1205 2485 1259 2544 Est
1283 2496 1362 2543 autem
1427 2465 1428 2476 ἵ

142 2585 212 2644 haec
230 2581 364 2665 tgranuis
374 2626 383 2655 ,
404 2601 477 2664 quae
498 2601 558 2640 non
577 2580 736 2660 paulatim,
763 2580 815 2642 sed
831 2579 918 2644 simul
936 2582 1033 2641 omnia
1052 2580 1148 2648 aliena
1180 2595 1316 2671 usurpat,
1341 2593 1362 2636 et

141 2683 216 2742 clam
235 2694 264 2740 et
283 2680 314 2742 vi
325 2725 334 2755 ,
352 2693 382 2738 et
402 2699 482 2738 sacra
502 2693 530 2738 et
556 2693 655 2739 sancta
665 2723 674 2754 ,
703 2692 733 2740 et
751 2679 871 2759 privata.
885 2692 913 2736 et
932 2679 1069 2759 publica:
1101 2681 1134 2738 in
1153 2674 1268 2840 qu&
1282 2679 1363 2756 singu·

144 2781 181 2840 lis
199 2780 223 2839 si
243 2777 309 2857 quis
329 2777 497 2856 singulatim
523 2774 681 2855 deliquerit
701 2775 955 2857 deprehensusque
976 2775 1084 2851 fuerit,
1106 2777 1184 2836 mulc
1285 2791 1310 2836 et
1325 2795 1363 2853 op

146 2876 265 2959 probrio
295 2871 421 2934 afficitur
450 2875 591 2958 maximo:
612 2875 745 2954 sacrilegi
766 2875 859 2948 enim,
888 2873 1041 2954 plagiarii,
1071 2875 1252 2967 effractores,
1281 2875 1363 2942 fures,

143 2975 269 3035 latrones
298 2986 327 3032 et
344 2973 462 3032 omnino
482 2993 533 3052 per
550 2972 679 3052 singulas
695 2985 790 3053 partes
811 2972 1039 3053 peccantemb
1056 2971 1227 3050 hujusmodi
1247 2971 1364 3059 crirnini-

142 3074 198 3133 bus
217 3093 323 3132 nornen
342 3069 462 3130 babent.
489 3069 548 3130 Sed
565 3067 617 3128 ubi
636 3071 701 3149 quis
717 3083 830 3150 praeter
848 3069 1014 3148 hujusmodi
1033 3071 1150 3150 rapinas
1168 3071 1365 3150 pecuniarum,

116 3173 222 3248 ‚cives
239 3169 326 3249 etiam
343 3168 419 3246 ipsos
438 3167 471 3226 in
495 3168 662 3229 servitutem
680 3167 737 3226 sibi
755 3166 877 3246 redigit,
908 3181 1046 3237 nontam
1074 3166 1364 3247 probrosienomini-

142 3268 200 3327 bus
228 3279 360 3340 notatur,
390 3263 441 3323 sed
469 3264 545 3324 felix
563 3285 596 3324 ac
614 3264 715 3326 beatus
735 3264 938 3344 praedicatur,
957 3258 1062 3347 ,nona
1081 3263 1288 3338 civibus'suis
1312 3277 1363 3322 tan·

142 3379 224 3437 tum,
245 3383 345 3445 venum
362 3360 399 3420 ab
419 3360 574 3446 omnibus,
594 3361 644 3440 qui
665 3382 730 3423 eum
748 3354 1185 3446 audiunt'nequitiamomngm
1204 3362 1365 3444 explevisse.

141 3464 208 3522 Non
226 3461 304 3520 euim
322 3457 577 3542 ideo,vituperant
596 3459 792 3537 injustitiam,
812 3460 981 3539 quicumque
1000 3479 1062 3520 cam
1082 3461 1272 3539 vituperant,
1299 3453 1366 3537 quod

142 3560 281 3638 iujuriam
299 3558 393 3639 tapete
405 3601 414 3631 ,
434 3555 486 3636 sed
502 3555 583 3635 quod
600 3558 713 3636 perpeti
730 3571 875 3641 metuunt.
917 3558 979 3617 lloc
1000 3558 1090 3637 igitur
1106 3547 1210 3636 pecto,
1244 3556 1366 3616 nSocra·

135 3675 185 3719 tes
195 3703 203 3734 ,
224 3655 368 3735 injustitia
392 3653 526 3716 omnibus
554 3655 613 3739 suis
640 3653 779 3734 partibus
791 3653 922 3714 absoluta
932 3699 941 3729 ,
971 3637 1117 3715 robustius
1132 3653 1280 3732 quiddam
1297 3666 1323 3712 et
1338 3651 1365 3709 li·

142 3756 289 3829 beralius,
308 3773 395 3830 quam
410 3752 524 3830 justitia
541 3765 598 3811 est:
627 3765 715 3831 utque
735 3752 773 3811 ab
793 3753 880 3814 initio
900 3750 1051 3826 dicebam,
1071 3751 1106 3814 id
1123 3751 1203 3830 quod
1220 3748 1368 3832 potentiori

141 3853 273 3928 confert,
289 3851 403 3927 justum
418 3864 482 3925 est,¹
498 3850 639 3932 injustum
659 3869 728 3912 vero
738 3850 854 3932 sibimet
873 3850 929 3929 ipsi
947 3849 1021 3912 utile
1032 3862 1074 3911 est
1091 3847 1319 3930 etproficurnn.»
1342 3841 1366 3922 1)

182 3950 217 4008 ln
226 3948 272 4006 his
282 3947 460 4034 sermonibus
471 3945 716 4026 Thrasymachum
725 3946 806 4008 Plato
815 3947 856 4006 sic
865 3944 1027 4026 descripsit,
1038 3959 1080 4030 ut,
1089 3967 1147 4026 quo
1156 3945 1305 4020 audaciae,
1319 3964 1366 4021 qao

142 4044 325 4121 temeritatis,
343 4065 399 4123 quo
409 4043 608 4125 impudentiae
626 4045 696 4106 haec
715 4043 848 4105 doctrina
865 4043 999 4130 homines
1014 4031 1221 4118 ,efferat,illiut
1240 4039 1367 4120 exemplo

142 4163 302 4206 cernamus.
329 4141 370 4201 Ut
387 4141 463 4200 ferae
481 4143 535 4201 iste
549 4143 640 4202 instar
661 4143 694 4201 in
713 4141 877 4216 Socratem,
898 4155 1036 4219 tanquam
1051 4124 1267 4222 discerplurus,
1285 4142 1366 4198 irrue·

179 4437 211 4518 ¹5
226 4455 264 4505 ne
279 4454 339 4521 aa.
355 4452 374 4502 t.
394 4449 453 4522 aaa.
470 4450 501 4502 a.
515 4477 549 4488 -
561 4451 620 4503 aaa.
639 4452 668 4503 c.
