2898 5120
677 275 735 338 509

75 452 183 525 uobis,
210 449 252 507 ait
278 446 395 526 Scipio,
424 446 506 503 nent
535 465 616 518 osae,
645 445 723 522 quod
751 442 849 505 adhuc
876 441 911 500 de
930 439 1085 519 republica
1105 441 1222 500 dietum
1233 451 1322 521 puto·

77 570 173 620 auur,
202 555 258 604 ont
286 567 342 623 quo
360 551 512 623 poscimus
544 545 664 625 lorrga'ur
680 543 845 622 progredi,
868 547 931 600 uiri
950 546 1012 598 erit
1030 539 1245 616 confirmatum
1263 563 1323 600 non

76 647 186 720 modo,
199 647 324 721 folium
343 645 425 702 illud
444 665 524 717 erae,
545 650 611 701 sine
635 649 759 718 injurie
785 662 843 700 non
865 659 968 716 puae,
990 639 1041 700 rod
1058 640 1110 697 hoe
1129 647 1324 699 undecimum
1345 707 1347 716 Ι

77 767 166 817 eaeo,
195 751 261 802 aine
290 763 409 801 summo
437 748 572 818 justitio
602 742 819 818 rempubliedm
845 745 917 820 geri
948 738 1032 796 nullo
1059 739 1141 798 modo
1168 758 1252 816 poete
1282 735 1324 818 1).

77 838 337 916 Quemadmodum
361 853 456 898 autem
481 839 680 920 gravissimum
704 837 784 898 hunc
812 837 844 897 in
863 835 959 895 ethica
976 835 1072 894 locum
1088 837 1256 897 tractaverit
1275 838 1323 896 Gi·

76 961 166 1013 cero,
194 939 275 997 testis
300 936 386 996 nobis
407 937 585 1018 Augustinus
604 949 666 1012 est,
695 936 746 1015 qui
774 936 919 1014 integrum
939 933 1092 996 Ciceronis
1112 953 1185 1013 opus
1204 933 1322 1014 legerat.

81 1059 99 1090 u
114 1038 151 1096 ln
172 1037 256 1096 tertio
274 1033 371 1110 libro,
389 1049 546 1109 memorat,
567 1033 669 1114 magni
698 1032 915 1092 eonlliotatione
937 1053 981 1092 res
1008 1045 1072 1092 aeta
1098 1043 1149 1090 est.
1190 1030 1324 1114 Suscepit

77 1135 164 1194 enim
185 1133 289 1194 Philus
306 1134 367 1214 ipse
387 1132 614 1214 disputationem
634 1151 752 1206 eorum,
772 1132 823 1210 qni
844 1130 1006 1206 sentirent,
1022 1130 1085 1190 sine
1097 1129 1241 1206 injustitia
1261 1131 1323 1211 regi

77 1255 143 1293 uon
169 1253 250 1314 posse
273 1231 498 1312 rempublicam3
527 1251 656 1312 purgans
675 1249 704 1288 se
726 1230 898 1311 praecipue,
924 1249 961 1288 nc
982 1227 1037 1287 hoc
1058 1227 1120 1309 ipse
1138 1228 1246 1288 sentire
1262 1249 1321 1288 ere·

77 1329 219 1391 deretur:
257 1330 371 1408 egitque
406 1329 508 1390 sedulo
535 1349 588 1410 pro
614 1328 758 1408 injustitia
785 1342 886 1388 contra
911 1326 1074 1405 justitiam,
1100 1338 1133 1385 ut
1160 1326 1237 1385 hane
1263 1347 1323 1386 esse

78 1429 196 1490 utilem·
225 1427 422 1508 reipublicae,
460 1428 542 1488 illam
577 1447 647 1488 vero
675 1425 832 1501 inutilem,
864 1424 1074 1494 ¹verisimilibus
1103 1423 1267 1484 rationibus
1295 1439 1325 1486 et

78 1524 228 1606 exemplis
255 1526 337 1586 velut
363 1539 516 1586 conaretur
544 1523 706 1585 ostendere.
758 1525 834 1583 Tum
861 1523 998 1600 Laelius,
1029 1520 1199 1603 rogantibus
1224 1523 1323 1582 omni-

77 1623 159 1699 bn's,
184 1624 327 1702 justitiam
358 1622 518 1684 defendere
551 1641 697 1704 aggressus
727 1636 787 1698 est,
816 1622 1011 1702 asseruitque,
1039 1631 1181 1701 quantum
1206 1620 1324 1699 potnit,

79 1722 162 1782 nihil
181 1735 239 1781 tam
259 1722 428 1796 inimicum,
447 1741 532 1801 quam
552 1720 745 1799 injustitiam,
766 1719 898 1796 civitati,
913 1739 967 1780 nec
985 1722 1122 1799 omuino,
1141 1726 1199 1786 nisi
1220 1743 1323 1806 magna

74 1821 214 1900 justitia,
244 1819 304 1900 geri
332 1833 382 1878 ant
411 1833 485 1880 stare
514 1838 594 1899 posse
621 1817 842 1899 rempublicam.
893 1819 957 1893 Qua
986 1821 1154 1898 quaestione
1181 1837 1323 1903 quantum

79 1920 152 1979 satis
181 1921 275 1979 visum
307 1930 349 1976 est
376 1929 570 1998 pertractata,
598 1914 695 1996 Scipio
716 1915 755 1975 ad
781 1915 943 1976 intermissa
970 1919 1144 1996 revertitur,
1164 1920 1323 2001 recolitque

79 2037 165 2077 suam
192 2031 277 2095 atque
308 2013 491 2076 commendat
520 2013 638 2076 brevem
667 2012 846 2094 reipublicae
873 2012 1095 2091 definitionem,
1113 2038 1170 2097 qua
1186 2017 1322 2096 dixerat,

79 2135 144 2174 eam
174 2134 233 2174 esse
256 2135 316 2172 rem
334 2112 456 2194 populi:
485 2111 626 2194 populum
643 2125 740 2172 autem
760 2133 821 2171 non
838 2121 953 2172 omnent
972 2125 1084 2174 coetum
1103 2115 1323 2194 multitudinis,

79 2211 133 2273 sed
162 2227 273 2272 coetum
299 2213 375 2291 juris
403 2230 546 2270 consensu
574 2222 602 2268 et
629 2210 765 2269 utilitatis
793 2210 996 2270 communione
1027 2213 1167 2274 sociatum
1195 2236 1254 2276 esse
1272 2216 1321 2277 de·

79 2311 246 2371 terminato
273 2308 315 2390 2).
367 2310 404 2368 ln
429 2329 485 2387 qua
514 2307 713 2387 disputatione
739 2307 841 2366 Cicero
869 2327 930 2367 non
953 2310 1050 2387 justo,
1080 2311 1191 2390 fateor,
1218 2313 1322 2376 ordine

78 2410 153 2489 cgit;
184 2430 251 2468 nam
279 2408 411 2473 assumsit
438 2406 476 2466 ab
504 2404 608 2479 initio,
638 2404 718 2486 quod
740 2404 795 2464 hoc
814 2403 932 2467 demum
952 2407 1028 2468 libro
1046 2410 1133 2470 tertio
1150 2413 1271 2492 exponit
1288 2433 1322 2472 ac

79 2506 277 2580 demonstrat,
309 2501 433 2585 cuique,
461 2517 599 2583 tanquam
629 2501 808 2584 hypothesi,
837 2516 925 2564 totam
953 2502 1118 2566 doctrinam
1143 2510 1225 2587 quasi
1244 2511 1322 2570 inae-

80 2603 276 2680 dificaverat3
300 2603 378 2662 illud
397 2601 464 2662 dico
489 2623 554 2662 rem
577 2605 730 2680 publicum
752 2623 813 2660 ease
831 2622 895 2660 rem
910 2599 1017 2681 popiola·
1025 2623 1039 2672 ,τ
1054 2607 1200 2682 populum
1219 2615 1322 2668 eutem

79 2713 197 2762 ecetram
227 2703 439 2760 multitudinis
460 2707 551 2776 juris
577 2721 721 2760 concensu
752 2708 781 2756 et
810 2700 962 2758 utilitatis
991 2693 1195 2761 communione
1224 2713 1323 2763 socio-

81 2811 150 2860 tnm
180 2798 222 2881 3).
264 2802 326 2860 Hoc
353 2819 432 2860 nuno
457 2785 576 2858 demum
603 2817 618 2856 e
640 2795 771 2876 justitiae
793 2809 896 2856 natura
920 2796 1060 2878 explicat.
1101 2801 1206 2881 Aptius
1222 2801 1323 2879 Plato,

80 2900 131 2978 qui
160 2897 199 2958 ab
227 2899 323 2958 ethica
355 2916 455 2971 orsus,
485 2895 526 2954 sie
554 2894 610 2955 sibi
632 2892 772 2954 facillime
791 2893 829 2954 ad
846 2894 996 2974 politicam
1017 2897 1094 2956 viam
1112 2899 1224 2960 stravit.
1265 2899 1323 2960 Ve-

80 3011 238 3056 runtameu
263 3009 343 3077 patet
363 2994 450 3056 nobis
472 2993 559 3070 inde,
588 2994 756 3054 Ciceronem
778 3014 837 3054 non
864 2993 958 3052 solum
983 2993 1107 3054 ethicam
1125 2995 1159 3054 in
1178 2997 1323 3060 tradenda

80 3095 203 3178 politica
228 3117 287 3154 nou
315 3093 497 3174 neglexisse,
526 3092 577 3154 sed
604 3091 804 3173 gravissimum
830 3092 910 3152 hune
939 3091 976 3151 de
995 3092 1110 3171 justitia
1134 3092 1230 3154 locum
1258 3095 1323 3156 inse

79 3193 359 3273 diligentissimeque
386 3206 531 3254 tractasse.
575 3193 640 3266 Quo
666 3191 754 3270 magis
783 3203 825 3250 est
854 3209 922 3250 saue
946 3187 1024 3269 qnod
1045 3189 1206 3268 doleamus,
1229 3191 1322 3254 Laelii

79 3290 157 3350 hanc
186 3311 239 3371 pro
264 3293 378 3372 justitia
408 3292 568 3352 orationem
589 3288 786 3352 intercidisse.
828 3289 900 3348 Nam
912 3333 920 3364 ,
940 3303 972 3350 ut
991 3287 1068 3349 effici
1088 3310 1104 3348 e
1123 3303 1251 3352 veterum
1267 3307 1324 3352 tes·

81 3391 215 3450 timoniis
239 3404 353 3470 potest,
377 3390 416 3450 in
435 3391 489 3450 hoc
517 3387 670 3448 tractando
689 3393 859 3468 argumento
878 3402 965 3448 semet
987 3389 1048 3469 ipse
1065 3407 1217 3469 superesse
1231 3403 1323 3468 orato·

78 3509 146 3549 rum
167 3487 247 3569 apud
262 3491 405 3550 Romanos
422 3489 559 3569 princeps
578 3485 705 3550 videtur.
1237 3488 1240 3496 ’

78 3787 121 3840 nis
142 3785 308 3852 exemplum,
334 3784 367 3836 de
388 3785 538 3852 pendentm,
558 3785 719 3852 formiae,
741 3785 904 3852 teuperontie
922 3799 953 3835 ae
964 3784 1069 3852 justitio
1087 3783 1190 3851 egisse:
1206 3799 1276 3850 nou,
1295 3789 1324 3836 ut

78 3873 107 3922 iu
125 3872 225 3940 optima
241 3871 345 3923 civitate
364 3871 490 3938 optimum
513 3869 646 3932 hominem
669 3869 836 3938 exploraret,
860 3869 908 3922 sed
929 3867 1072 3921 secundum
1095 3868 1137 3934 id,
1159 3868 1229 3938 quod
1247 3869 1324 3920 dixe·

79 3964 121 4008 rat
143 3957 163 4007 l.
185 3953 228 4008 31.
250 3957 308 4008 tolia
331 3966 366 4008 eet
389 3974 502 4025 quaeque
528 3955 690 4024 respublica,
716 3956 799 4024 quotis
818 3957 872 4021 ejus
894 3963 939 4006 out
958 3961 1053 4006 notura
1072 3965 1118 4008 out
1136 3953 1263 4018 coluntur,
1280 3955 1326 4022 qui

81 4041 154 4093 illam
174 4044 245 4110 repit.
281 4041 345 4094 lude
370 4041 434 4094 haee
448 4043 477 4094 ll.
496 4041 545 4093 40:
565 4067 600 4077 -
617 4042 762 4109 quonjam
781 4043 873 4093 dudum
893 4057 988 4108 quaero
1005 4048 1032 4092 et
1051 4055 1075 4093 e.
1091 4038 1142 4092 tt:
1164 4041 1234 4093 video
1245 4041 1323 4108 jam,

81 4129 165 4200 illum,
188 4145 259 4196 quem
280 4113 465 4196 ecepectoboui,
487 4130 569 4178 virum
593 4128 636 4178 cui
655 4129 791 4195 praeficies
814 4127 894 4194 officio
913 4135 937 4178 et
959 4128 1065 4179 munem.
1100 4125 1164 4178 lude
1184 4123 1323 4178 concordie

83 4216 207 4266 virtutum
222 4221 249 4265 et
267 4213 401 4266 harmonia
418 4214 444 4264 iu
461 4211 594 4281 republica
612 4220 640 4264 et
657 4211 698 4266 liis
714 4211 778 4266 loeis
795 4221 822 4264 et
836 4214 863 4264 in
880 4213 980 4265 Somnio
993 4213 1124 4282 &ipim

119 4295 145 4361 l)
165 4299 278 4367 Dellep.
295 4297 380 4349 llll.

117 4382 144 4448 2)
162 4382 273 4452 August.
291 4385 321 4434 de
337 4385 385 4434 cio.
399 4383 448 4434 oet
460 4381 491 4434 ll.
506 4380 550 4434 21.

118 4465 145 4532 3)
165 4469 201 4519 lle
215 4469 276 4536 tup.
292 4467 310 4519 l.
329 4466 372 4519 25.
