<?xml version="1.0" encoding="UTF-8"?>
<!DOCTYPE html PUBLIC "-//W3C//DTD XHTML 1.0 Transitional//EN"
    "http://www.w3.org/TR/xhtml1/DTD/xhtml1-transitional.dtd">
<html xmlns="http://www.w3.org/1999/xhtml" xml:lang="en" lang="en">
 <head>
  <title>
</title>
<meta http-equiv="Content-Type" content="text/html;charset=utf-8" />
  <meta name='ocr-system' content='tesseract 3.04.00' />
  <meta name='ocr-capabilities' content='ocr_page ocr_carea ocr_par ocr_line ocrx_word'/>
</head>
<body>
  <div class='ocr_page' id='page_1' title='image "./initiaphilosoph02heusgoog_0047.png"; bbox 0 0 2950 5134; ppageno 0'>
   <div class='ocr_carea' id='block_1_1' title="bbox 743 265 782 325">
    <p class='ocr_par' dir='ltr' id='par_1_1' title="bbox 743 265 782 325">
     <span class='ocr_line' id='line_1_1' title="bbox 743 265 782 325; baseline 0.026 -1"><span class='ocrx_word' id='word_1_1' title='bbox 743 265 782 325; x_wconf 80' lang='grc'><strong>38</strong></span> 
     </span>
    </p>
   </div>
   <div class='ocr_carea' id='block_1_2' title="bbox 94 423 1383 626">
    <p class='ocr_par' dir='ltr' id='par_1_2' title="bbox 94 423 1383 626">
     <span class='ocr_line' id='line_1_2' title="bbox 145 423 1383 510; baseline 0.002 -27"><span class='ocrx_word' id='word_1_2' title='bbox 145 445 193 484; x_wconf 88' lang='lat' dir='ltr'><strong>rae</strong></span> <span class='ocrx_word' id='word_1_3' title='bbox 219 427 344 508; x_wconf 88' lang='lat' dir='ltr'><strong>pretium</strong></span> <span class='ocrx_word' id='word_1_4' title='bbox 363 440 421 503; x_wconf 89' lang='lat' dir='ltr'><strong>est,</strong></span> <span class='ocrx_word' id='word_1_5' title='bbox 442 427 619 488; x_wconf 84' lang='lat' dir='ltr'><strong>Platonicam</strong></span> <span class='ocrx_word' id='word_1_6' title='bbox 640 427 748 486; x_wconf 79' lang='lat' dir='ltr'><strong>hancce</strong></span> <span class='ocrx_word' id='word_1_7' title='bbox 773 423 973 510; x_wconf 87' lang='lat' dir='ltr'><strong>philosophiae</strong></span> <span class='ocrx_word' id='word_1_8' title='bbox 1002 429 1166 499; x_wconf 87' lang='lat' dir='ltr'><strong>notionem,</strong></span> <span class='ocrx_word' id='word_1_9' title='bbox 1190 431 1224 486; x_wconf 90' lang='lat' dir='ltr'><strong>in</strong></span> <span class='ocrx_word' id='word_1_10' title='bbox 1246 428 1301 487; x_wconf 90' lang='lat' dir='ltr'><strong>hoc</strong></span> <span class='ocrx_word' id='word_1_11' title='bbox 1325 430 1383 508; x_wconf 89' lang='lat' dir='ltr'><strong>ipso</strong></span> 
     </span>
     <span class='ocr_line' id='line_1_3' title="bbox 94 523 1069 626; baseline 0 -43"><span class='ocrx_word' id='word_1_12' title='bbox 94 605 104 626; x_wconf 39' lang='lat'><strong>⁹</strong></span> <span class='ocrx_word' id='word_1_13' title='bbox 144 523 358 603; x_wconf 88' lang='lat' dir='ltr'><strong>disquisitionis</strong></span> <span class='ocrx_word' id='word_1_14' title='bbox 379 541 490 586; x_wconf 88' lang='lat' dir='ltr'><strong>nostrae</strong></span> <span class='ocrx_word' id='word_1_15' title='bbox 510 527 652 600; x_wconf 92' lang='lat' dir='ltr'><strong>introitu,</strong></span> <span class='ocrx_word' id='word_1_16' title='bbox 671 526 842 606; x_wconf 86' lang='lat' dir='ltr'><strong>diligentius</strong></span> <span class='ocrx_word' id='word_1_17' title='bbox 857 526 1013 606; x_wconf 84' lang='lat' dir='ltr'><strong>explicare.</strong></span> <span class='ocrx_word' id='word_1_18' title='bbox 1039 524 1069 605; x_wconf 90' lang='lat' dir='ltr'><strong>l)</strong></span> 
     </span>
    </p>
   </div>
   <div class='ocr_carea' id='block_1_3' title="bbox 245 719 1277 896">
    <p class='ocr_par' dir='ltr' id='par_1_3' title="bbox 245 719 1277 896">
     <span class='ocr_line' id='line_1_4' title="bbox 245 719 1277 802; baseline 0.002 -24"><span class='ocrx_word' id='word_1_19' title='bbox 245 719 467 799; x_wconf 78' lang='lat' dir='ltr'><strong>Philosophia,</strong></span> <span class='ocrx_word' id='word_1_20' title='bbox 489 723 523 780; x_wconf 84' lang='lat' dir='ltr'><strong>de</strong></span> <span class='ocrx_word' id='word_1_21' title='bbox 546 731 681 779; x_wconf 79' lang='lat' dir='ltr'><strong>veterum</strong></span> <span class='ocrx_word' id='word_1_22' title='bbox 700 729 852 780; x_wconf 79' lang='lat' dir='ltr'><strong>cententio</strong></span> <span class='ocrx_word' id='word_1_23' title='bbox 862 767 871 796; x_wconf 94' lang='lat'><strong>,</strong></span> <span class='ocrx_word' id='word_1_24' title='bbox 892 743 978 782; x_wconf 85' lang='lat' dir='ltr'><strong>omor</strong></span> <span class='ocrx_word' id='word_1_25' title='bbox 1001 732 1045 781; x_wconf 77' lang='lat' dir='ltr'><strong>eat</strong></span> <span class='ocrx_word' id='word_1_26' title='bbox 1063 725 1258 802; x_wconf 73' lang='lat' dir='ltr'><strong>cognoscendi</strong></span> <span class='ocrx_word' id='word_1_27' title='bbox 1269 769 1277 795; x_wconf 90' lang='lat'><strong>,</strong></span> 
     </span>
     <span class='ocr_line' id='line_1_5' title="bbox 529 821 873 896; baseline 0.006 -18"><span class='ocrx_word' id='word_1_28' title='bbox 529 827 697 896; x_wconf 78' lang='lat' dir='ltr'><strong>supientiae</strong></span> <span class='ocrx_word' id='word_1_29' title='bbox 727 821 873 880; x_wconf 76' lang='lat' dir='ltr'><strong>studium.</strong></span> 
     </span>
    </p>
   </div>
   <div class='ocr_carea' id='block_1_4' title="bbox 189 967 1453 1096">
    <p class='ocr_par' dir='ltr' id='par_1_4' title="bbox 189 967 1453 1096">
     <span class='ocr_line' id='line_1_6' title="bbox 189 967 1453 1096; baseline 0.002 -24"><span class='ocrx_word' id='word_1_30' title='bbox 189 1016 267 1088; x_wconf 84' lang='lat' dir='ltr'><strong>Quae</strong></span> <span class='ocrx_word' id='word_1_31' title='bbox 296 1014 438 1094; x_wconf 86' lang='lat' dir='ltr'><strong>hodieque</strong></span> <span class='ocrx_word' id='word_1_32' title='bbox 472 1029 513 1075; x_wconf 88' lang='lat' dir='ltr'><strong>est</strong></span> <span class='ocrx_word' id='word_1_33' title='bbox 551 1016 678 1096; x_wconf 83' lang='lat' dir='ltr'><strong>vulgaris</strong></span> <span class='ocrx_word' id='word_1_34' title='bbox 712 1016 748 1076; x_wconf 91' lang='lat' dir='ltr'><strong>de</strong></span> <span class='ocrx_word' id='word_1_35' title='bbox 781 1014 965 1096; x_wconf 88' lang='lat' dir='ltr'><strong>philosophia</strong></span> <span class='ocrx_word' id='word_1_36' title='bbox 1002 1017 1126 1095; x_wconf 90' lang='lat' dir='ltr'><strong>opinio,</strong></span> <span class='ocrx_word' id='word_1_37' title='bbox 1164 1015 1268 1074; x_wconf 86' lang='lat' dir='ltr'><strong>cadem</strong></span> <span class='ocrx_word' id='word_1_38' title='bbox 1309 1016 1384 1096; x_wconf 90' lang='lat' dir='ltr'><strong>apud</strong></span> <span class='ocrx_word' id='word_1_39' title='bbox 1452 967 1453 1020; x_wconf 49' lang='lat' dir='ltr'><strong>i</strong></span> 
     </span>
    </p>
   </div>
   <div class='ocr_carea' id='block_1_5' title="bbox 148 1112 1383 1195">
    <p class='ocr_par' dir='ltr' id='par_1_5' title="bbox 148 1112 1383 1195">
     <span class='ocr_line' id='line_1_7' title="bbox 148 1112 1383 1195; baseline -0.002 -22"><span class='ocrx_word' id='word_1_40' title='bbox 148 1112 272 1173; x_wconf 89' lang='lat' dir='ltr'><strong>Graecos</strong></span> <span class='ocrx_word' id='word_1_41' title='bbox 291 1127 319 1172; x_wconf 89' lang='lat' dir='ltr'><strong>et</strong></span> <span class='ocrx_word' id='word_1_42' title='bbox 346 1113 469 1193; x_wconf 89' lang='lat' dir='ltr'><strong>pristino</strong></span> <span class='ocrx_word' id='word_1_43' title='bbox 497 1128 623 1195; x_wconf 90' lang='lat' dir='ltr'><strong>tempore</strong></span> <span class='ocrx_word' id='word_1_44' title='bbox 648 1116 706 1173; x_wconf 87' lang='lat' dir='ltr'><strong>fuit</strong></span> <span class='ocrx_word' id='word_1_45' title='bbox 734 1127 762 1172; x_wconf 87' lang='lat' dir='ltr'><strong>et</strong></span> <span class='ocrx_word' id='word_1_46' title='bbox 793 1112 880 1172; x_wconf 87' lang='lat' dir='ltr'><strong>rediit</strong></span> <span class='ocrx_word' id='word_1_47' title='bbox 908 1113 1049 1173; x_wconf 81' lang='lat' dir='ltr'><strong>deteriore</strong></span> <span class='ocrx_word' id='word_1_48' title='bbox 1078 1113 1201 1172; x_wconf 90' lang='lat' dir='ltr'><strong>saeculo.</strong></span> <span class='ocrx_word' id='word_1_49' title='bbox 1261 1114 1383 1190; x_wconf 80' lang='lat' dir='ltr'><strong>Sopian-</strong></span> 
     </span>
    </p>
   </div>
   <div class='ocr_carea' id='block_1_6' title="bbox 149 1210 1454 1292">
    <p class='ocr_par' dir='ltr' id='par_1_6' title="bbox 149 1210 1454 1292">
     <span class='ocr_line' id='line_1_8' title="bbox 149 1210 1454 1292; baseline -0.003 -22"><span class='ocrx_word' id='word_1_50' title='bbox 149 1222 195 1270; x_wconf 77' lang='lat' dir='ltr'><strong>tes</strong></span> <span class='ocrx_word' id='word_1_51' title='bbox 213 1213 336 1292; x_wconf 90' lang='lat' dir='ltr'><strong>primum</strong></span> <span class='ocrx_word' id='word_1_52' title='bbox 356 1211 496 1292; x_wconf 90' lang='lat' dir='ltr'><strong>appellari</strong></span> <span class='ocrx_word' id='word_1_53' title='bbox 521 1212 668 1287; x_wconf 90' lang='lat' dir='ltr'><strong>solebant,</strong></span> <span class='ocrx_word' id='word_1_54' title='bbox 689 1213 854 1292; x_wconf 91' lang='lat' dir='ltr'><strong>quicunque</strong></span> <span class='ocrx_word' id='word_1_55' title='bbox 872 1210 957 1270; x_wconf 87' lang='lat' dir='ltr'><strong>rebus</strong></span> <span class='ocrx_word' id='word_1_56' title='bbox 977 1211 1183 1291; x_wconf 82' lang='lat' dir='ltr'><strong>cognoscendis</strong></span> <span class='ocrx_word' id='word_1_57' title='bbox 1207 1210 1383 1274; x_wconf 89' lang='lat' dir='ltr'><strong>sublimiori·</strong></span> <span class='ocrx_word' id='word_1_58' title='bbox 1453 1243 1454 1246; x_wconf 60' lang='lat'><em>=</em></span> 
     </span>
    </p>
   </div>
   <div class='ocr_carea' id='block_1_7' title="bbox 151 1306 1384 1390">
    <p class='ocr_par' dir='ltr' id='par_1_7' title="bbox 151 1306 1384 1390">
     <span class='ocr_line' id='line_1_9' title="bbox 151 1306 1384 1390; baseline -0.003 -22"><span class='ocrx_word' id='word_1_59' title='bbox 151 1309 205 1368; x_wconf 92' lang='lat' dir='ltr'><strong>hus</strong></span> <span class='ocrx_word' id='word_1_60' title='bbox 224 1308 388 1368; x_wconf 89' lang='lat' dir='ltr'><strong>studebant.</strong></span> <span class='ocrx_word' id='word_1_61' title='bbox 430 1311 494 1385; x_wconf 87' lang='lat' dir='ltr'><strong>Quo</strong></span> <span class='ocrx_word' id='word_1_62' title='bbox 514 1312 631 1370; x_wconf 89' lang='lat' dir='ltr'><strong>nomine</strong></span> <span class='ocrx_word' id='word_1_63' title='bbox 649 1310 845 1370; x_wconf 81' lang='lat' dir='ltr'><strong>doctrinarum</strong></span> <span class='ocrx_word' id='word_1_64' title='bbox 865 1308 1080 1388; x_wconf 85' lang='lat' dir='ltr'><strong>significabatur</strong></span> <span class='ocrx_word' id='word_1_65' title='bbox 1099 1310 1224 1390; x_wconf 90' lang='lat' dir='ltr'><strong>peritia,</strong></span> <span class='ocrx_word' id='word_1_66' title='bbox 1246 1329 1321 1388; x_wconf 88' lang='lat' dir='ltr'><strong>quae</strong></span> <span class='ocrx_word' id='word_1_67' title='bbox 1341 1306 1384 1366; x_wconf 90' lang='lat' dir='ltr'><strong>vel</strong></span> 
     </span>
    </p>
   </div>
   <div class='ocr_carea' id='block_1_8' title="bbox 152 1403 1393 1489">
    <p class='ocr_par' dir='ltr' id='par_1_8' title="bbox 152 1403 1393 1489">
     <span class='ocr_line' id='line_1_10' title="bbox 152 1403 1393 1489; baseline -0.005 -23"><span class='ocrx_word' id='word_1_68' title='bbox 152 1421 270 1466; x_wconf 89' lang='lat' dir='ltr'><strong>naturae</strong></span> <span class='ocrx_word' id='word_1_69' title='bbox 288 1407 454 1488; x_wconf 87' lang='lat' dir='ltr'><strong>spectabant</strong></span> <span class='ocrx_word' id='word_1_70' title='bbox 474 1408 688 1489; x_wconf 83' lang='lat' dir='ltr'><strong>indagationem</strong></span> <span class='ocrx_word' id='word_1_71' title='bbox 708 1406 755 1467; x_wconf 85' lang='lat' dir='ltr'><strong>vel</strong></span> <span class='ocrx_word' id='word_1_72' title='bbox 774 1407 925 1467; x_wconf 89' lang='lat' dir='ltr'><strong>hominum</strong></span> <span class='ocrx_word' id='word_1_73' title='bbox 941 1408 1040 1468; x_wconf 84' lang='lat' dir='ltr'><strong>vitam.</strong></span> <span class='ocrx_word' id='word_1_74' title='bbox 1082 1408 1136 1466; x_wconf 92' lang='lat' dir='ltr'><strong>His</strong></span> <span class='ocrx_word' id='word_1_75' title='bbox 1154 1406 1318 1466; x_wconf 89' lang='lat' dir='ltr'><strong>tractandis</strong></span> <span class='ocrx_word' id='word_1_76' title='bbox 1338 1403 1393 1483; x_wconf 39' lang='lat' dir='ltr'><strong>qui,</strong></span> 
     </span>
    </p>
   </div>
   <div class='ocr_carea' id='block_1_9' title="bbox 150 1499 1455 1586">
    <p class='ocr_par' dir='ltr' id='par_1_9' title="bbox 150 1499 1455 1586">
     <span class='ocr_line' id='line_1_11' title="bbox 150 1499 1455 1586; baseline -0.002 -23"><span class='ocrx_word' id='word_1_77' title='bbox 150 1506 255 1565; x_wconf 83' lang='lat' dir='ltr'><strong>famam</strong></span> <span class='ocrx_word' id='word_1_78' title='bbox 264 1505 343 1586; x_wconf 89' lang='lat' dir='ltr'><strong>apud</strong></span> <span class='ocrx_word' id='word_1_79' title='bbox 352 1504 482 1584; x_wconf 90' lang='lat' dir='ltr'><strong>aequales</strong></span> <span class='ocrx_word' id='word_1_80' title='bbox 492 1499 638 1566; x_wconf 75' lang='lat' dir='ltr'><strong>consecuti</strong></span> <span class='ocrx_word' id='word_1_81' title='bbox 649 1520 748 1580; x_wconf 89' lang='lat' dir='ltr'><strong>erant,</strong></span> <span class='ocrx_word' id='word_1_82' title='bbox 764 1525 861 1563; x_wconf 89' lang='lat' dir='ltr'><strong>earum</strong></span> <span class='ocrx_word' id='word_1_83' title='bbox 877 1504 1193 1565; x_wconf 76' lang='lat' dir='ltr'><strong>videbantu1··scieotid</strong></span> <span class='ocrx_word' id='word_1_84' title='bbox 1203 1503 1350 1563; x_wconf 87' lang='lat' dir='ltr'><strong>excellere</strong></span> <span class='ocrx_word' id='word_1_85' title='bbox 1361 1515 1386 1560; x_wconf 90' lang='lat' dir='ltr'><strong>et</strong></span> <span class='ocrx_word' id='word_1_86' title='bbox 1454 1505 1455 1514; x_wconf 75' lang='grc'>’</span> 
     </span>
    </p>
   </div>
   <div class='ocr_carea' id='block_1_10' title="bbox 151 1601 1385 1978">
    <p class='ocr_par' dir='ltr' id='par_1_10' title="bbox 151 1601 1385 1978">
     <span class='ocr_line' id='line_1_12' title="bbox 151 1601 1385 1684; baseline -0.004 -22"><span class='ocrx_word' id='word_1_87' title='bbox 151 1611 322 1680; x_wconf 78' lang='lat' dir='ltr'><strong>sapientum</strong></span> <span class='ocrx_word' id='word_1_88' title='bbox 336 1604 453 1663; x_wconf 90' lang='lat' dir='ltr'><strong>nomine</strong></span> <span class='ocrx_word' id='word_1_89' title='bbox 464 1603 693 1664; x_wconf 85' lang='lat' dir='ltr'><strong>celebrabantur.</strong></span> <span class='ocrx_word' id='word_1_90' title='bbox 720 1605 777 1662; x_wconf 91' lang='lat' dir='ltr'><strong>Nec</strong></span> <span class='ocrx_word' id='word_1_91' title='bbox 797 1623 865 1665; x_wconf 85' lang='lat' dir='ltr'><strong>vero</strong></span> <span class='ocrx_word' id='word_1_92' title='bbox 883 1617 979 1684; x_wconf 90' lang='lat' dir='ltr'><strong>postea</strong></span> <span class='ocrx_word' id='word_1_93' title='bbox 998 1602 1173 1678; x_wconf 85' lang='lat' dir='ltr'><strong>defuerunt,</strong></span> <span class='ocrx_word' id='word_1_94' title='bbox 1194 1625 1268 1663; x_wconf 87' lang='lat' dir='ltr'><strong>aevo</strong></span> <span class='ocrx_word' id='word_1_95' title='bbox 1287 1603 1320 1660; x_wconf 92' lang='lat' dir='ltr'><strong>in</strong></span> <span class='ocrx_word' id='word_1_96' title='bbox 1330 1601 1385 1682; x_wconf 87' lang='lat' dir='ltr'><strong>pri·</strong></span> 
     </span>
     <span class='ocr_line' id='line_1_13' title="bbox 151 1699 1385 1781; baseline -0.003 -22"><span class='ocrx_word' id='word_1_97' title='bbox 151 1703 205 1759; x_wconf 91' lang='lat' dir='ltr'><strong>mis</strong></span> <span class='ocrx_word' id='word_1_98' title='bbox 218 1699 418 1760; x_wconf 81' lang='lat' dir='ltr'><strong>Alexandrino</strong></span> <span class='ocrx_word' id='word_1_99' title='bbox 434 1714 462 1758; x_wconf 87' lang='lat' dir='ltr'><strong>et</strong></span> <span class='ocrx_word' id='word_1_100' title='bbox 472 1703 618 1777; x_wconf 86' lang='lat' dir='ltr'><strong>Romano,</strong></span> <span class='ocrx_word' id='word_1_101' title='bbox 635 1704 684 1781; x_wconf 92' lang='lat' dir='ltr'><strong>qui</strong></span> <span class='ocrx_word' id='word_1_102' title='bbox 691 1748 700 1778; x_wconf 91' lang='lat'><strong>,</strong></span> <span class='ocrx_word' id='word_1_103' title='bbox 715 1703 846 1781; x_wconf 86' lang='lat' dir='ltr'><strong>quamvis</strong></span> <span class='ocrx_word' id='word_1_104' title='bbox 856 1701 974 1760; x_wconf 90' lang='lat' dir='ltr'><strong>meliora</strong></span> <span class='ocrx_word' id='word_1_105' title='bbox 993 1700 1107 1776; x_wconf 86' lang='lat' dir='ltr'><strong>edocti,</strong></span> <span class='ocrx_word' id='word_1_106' title='bbox 1122 1702 1278 1780; x_wconf 89' lang='lat' dir='ltr'><strong>antiquum</strong></span> <span class='ocrx_word' id='word_1_107' title='bbox 1292 1714 1385 1758; x_wconf 89' lang='lat' dir='ltr'><strong>tamen</strong></span> 
     </span>
     <span class='ocr_line' id='line_1_14' title="bbox 152 1798 1385 1881; baseline -0.003 -23"><span class='ocrx_word' id='word_1_108' title='bbox 152 1820 257 1858; x_wconf 91' lang='lat' dir='ltr'><strong>morem</strong></span> <span class='ocrx_word' id='word_1_109' title='bbox 272 1813 443 1879; x_wconf 84' lang='lat' dir='ltr'><strong>usurparent</strong></span> <span class='ocrx_word' id='word_1_110' title='bbox 460 1821 493 1858; x_wconf 90' lang='lat' dir='ltr'><strong>ac</strong></span> <span class='ocrx_word' id='word_1_111' title='bbox 506 1799 719 1881; x_wconf 88' lang='lat' dir='ltr'><strong>philosophiam</strong></span> <span class='ocrx_word' id='word_1_112' title='bbox 739 1813 876 1862; x_wconf 84' lang='lat' dir='ltr'><strong>vocarent</strong></span> <span class='ocrx_word' id='word_1_113' title='bbox 898 1820 993 1858; x_wconf 88' lang='lat' dir='ltr'><strong>rerum</strong></span> <span class='ocrx_word' id='word_1_114' title='bbox 1012 1798 1180 1862; x_wconf 81' lang='lat' dir='ltr'><strong>divinarum</strong></span> <span class='ocrx_word' id='word_1_115' title='bbox 1199 1812 1229 1860; x_wconf 83' lang='lat' dir='ltr'><strong>et</strong></span> <span class='ocrx_word' id='word_1_116' title='bbox 1249 1798 1385 1856; x_wconf 89' lang='lat' dir='ltr'><strong>humana·</strong></span> 
     </span>
     <span class='ocr_line' id='line_1_15' title="bbox 152 1891 1385 1978; baseline -0.002 -22"><span class='ocrx_word' id='word_1_117' title='bbox 152 1919 215 1956; x_wconf 90' lang='lat' dir='ltr'><strong>rum</strong></span> <span class='ocrx_word' id='word_1_118' title='bbox 230 1898 387 1956; x_wconf 85' lang='lat' dir='ltr'><strong>scientiam.</strong></span> <span class='ocrx_word' id='word_1_119' title='bbox 429 1898 513 1970; x_wconf 91' lang='lat' dir='ltr'><strong>Quod</strong></span> <span class='ocrx_word' id='word_1_120' title='bbox 533 1900 626 1978; x_wconf 84' lang='lat' dir='ltr'><strong>magni</strong></span> <span class='ocrx_word' id='word_1_121' title='bbox 646 1901 730 1957; x_wconf 89' lang='lat' dir='ltr'><strong>etiam</strong></span> <span class='ocrx_word' id='word_1_122' title='bbox 749 1898 805 1959; x_wconf 81' lang='lat' dir='ltr'><strong>viri</strong></span> <span class='ocrx_word' id='word_1_123' title='bbox 823 1891 1017 1971; x_wconf 85' lang='lat' dir='ltr'><strong>admiserunt,</strong></span> <span class='ocrx_word' id='word_1_124' title='bbox 1030 1897 1099 1978; x_wconf 87' lang='lat' dir='ltr'><strong>ipse</strong></span> <span class='ocrx_word' id='word_1_125' title='bbox 1121 1897 1192 1957; x_wconf 89' lang='lat' dir='ltr'><strong>adeo</strong></span> <span class='ocrx_word' id='word_1_126' title='bbox 1213 1895 1385 1977; x_wconf 84' lang='lat' dir='ltr'><strong>geographo-</strong></span> 
     </span>
    </p>
   </div>
   <div class='ocr_carea' id='block_1_11' title="bbox 152 1951 1457 2078">
    <p class='ocr_par' dir='ltr' id='par_1_11' title="bbox 152 1951 1457 2078">
     <span class='ocr_line' id='line_1_16' title="bbox 152 1951 1457 2078; baseline -0.008 -23"><span class='ocrx_word' id='word_1_127' title='bbox 152 2019 216 2055; x_wconf 89' lang='lat' dir='ltr'><strong>rum</strong></span> <span class='ocrx_word' id='word_1_128' title='bbox 243 1996 394 2077; x_wconf 88' lang='lat' dir='ltr'><strong>princeps‚</strong></span> <span class='ocrx_word' id='word_1_129' title='bbox 423 1995 554 2074; x_wconf 89' lang='lat' dir='ltr'><strong>idemque</strong></span> <span class='ocrx_word' id='word_1_130' title='bbox 577 1996 783 2078; x_wconf 89' lang='lat' dir='ltr'><strong>philosophus,</strong></span> <span class='ocrx_word' id='word_1_131' title='bbox 811 1995 929 2055; x_wconf 87' lang='lat' dir='ltr'><strong>Strabo:</strong></span> <span class='ocrx_word' id='word_1_132' title='bbox 961 1993 993 2076; x_wconf 85' lang='lat'><strong>2)</strong></span> <span class='ocrx_word' id='word_1_133' title='bbox 1015 2016 1068 2054; x_wconf 91' lang='lat' dir='ltr'><strong>nec</strong></span> <span class='ocrx_word' id='word_1_134' title='bbox 1093 1994 1241 2056; x_wconf 89' lang='lat' dir='ltr'><strong>dubitavit</strong></span> <span class='ocrx_word' id='word_1_135' title='bbox 1260 1992 1385 2052; x_wconf 86' lang='lat' dir='ltr'><strong>subinde</strong></span> <span class='ocrx_word' id='word_1_136' title='bbox 1448 1951 1457 2044; x_wconf 86' lang='lat' dir='ltr'><strong>l</strong></span> 
     </span>
    </p>
   </div>
   <div class='ocr_carea' id='block_1_12' title="bbox 152 2087 1386 2470">
    <p class='ocr_par' dir='ltr' id='par_1_12' title="bbox 152 2087 1385 2176">
     <span class='ocr_line' id='line_1_17' title="bbox 152 2087 1385 2176; baseline -0.006 -22"><span class='ocrx_word' id='word_1_137' title='bbox 152 2094 279 2168; x_wconf 86' lang='lat' dir='ltr'><strong>Seneca,</strong></span> <span class='ocrx_word' id='word_1_138' title='bbox 300 2115 370 2172; x_wconf 92' lang='lat' dir='ltr'><strong>quae</strong></span> <span class='ocrx_word' id='word_1_139' title='bbox 388 2093 548 2152; x_wconf 89' lang='lat' dir='ltr'><strong>Stoicorum</strong></span> <span class='ocrx_word' id='word_1_140' title='bbox 567 2108 627 2152; x_wconf 90' lang='lat' dir='ltr'><strong>erat</strong></span> <span class='ocrx_word' id='word_1_141' title='bbox 640 2096 800 2169; x_wconf 88' lang='lat' dir='ltr'><strong>temeritas,</strong></span> <span class='ocrx_word' id='word_1_142' title='bbox 822 2094 1008 2176; x_wconf 89' lang='lat' dir='ltr'><strong>philosophos</strong></span> <span class='ocrx_word' id='word_1_143' title='bbox 1025 2091 1171 2176; x_wconf 79' lang='lat' dir='ltr'><strong>appellare</strong></span> <span class='ocrx_word' id='word_1_144' title='bbox 1181 2101 1344 2170; x_wconf 78' lang='lat' dir='ltr'><strong>sopientes.</strong></span> <span class='ocrx_word' id='word_1_145' title='bbox 1357 2087 1385 2169; x_wconf 87' lang='lat'><strong>3)</strong></span> 
     </span>
    </p>

    <p class='ocr_par' dir='ltr' id='par_1_13' title="bbox 152 2187 1386 2470">
     <span class='ocr_line' id='line_1_18' title="bbox 193 2187 1386 2273; baseline -0.006 -22"><span class='ocrx_word' id='word_1_146' title='bbox 193 2191 301 2268; x_wconf 89' lang='lat' dir='ltr'><strong>Quodsi</strong></span> <span class='ocrx_word' id='word_1_147' title='bbox 322 2213 353 2250; x_wconf 90' lang='lat' dir='ltr'><strong>ea</strong></span> <span class='ocrx_word' id='word_1_148' title='bbox 372 2193 539 2271; x_wconf 89' lang='lat' dir='ltr'><strong>respicimus</strong></span> <span class='ocrx_word' id='word_1_149' title='bbox 558 2205 703 2272; x_wconf 89' lang='lat' dir='ltr'><strong>tempora,</strong></span> <span class='ocrx_word' id='word_1_150' title='bbox 724 2193 830 2272; x_wconf 92' lang='lat' dir='ltr'><strong>quibus</strong></span> <span class='ocrx_word' id='word_1_151' title='bbox 850 2191 948 2251; x_wconf 89' lang='lat' dir='ltr'><strong>floruit</strong></span> <span class='ocrx_word' id='word_1_152' title='bbox 962 2189 1041 2272; x_wconf 92' lang='lat' dir='ltr'><strong>apud</strong></span> <span class='ocrx_word' id='word_1_153' title='bbox 1060 2187 1182 2249; x_wconf 89' lang='lat' dir='ltr'><strong>Graecos</strong></span> <span class='ocrx_word' id='word_1_154' title='bbox 1200 2189 1386 2273; x_wconf 91' lang='lat' dir='ltr'><strong>philosophia</strong></span> 
     </span>
     <span class='ocr_line' id='line_1_19' title="bbox 153 2273 1386 2371; baseline -0.002 -21"><span class='ocrx_word' id='word_1_155' title='bbox 153 2305 182 2350; x_wconf 93' lang='lat' dir='ltr'><strong>et</strong></span> <span class='ocrx_word' id='word_1_156' title='bbox 209 2291 303 2370; x_wconf 79' lang='lat' dir='ltr'><strong>viguit</strong></span> <span class='ocrx_word' id='word_1_157' title='bbox 320 2290 460 2363; x_wconf 86' lang='lat' dir='ltr'><strong>maxime,</strong></span> <span class='ocrx_word' id='word_1_158' title='bbox 491 2289 537 2347; x_wconf 92' lang='lat' dir='ltr'><strong>his</strong></span> <span class='ocrx_word' id='word_1_159' title='bbox 560 2311 622 2348; x_wconf 91' lang='lat' dir='ltr'><strong>eam</strong></span> <span class='ocrx_word' id='word_1_160' title='bbox 645 2291 820 2371; x_wconf 88' lang='lat' dir='ltr'><strong>reperiemus</strong></span> <span class='ocrx_word' id='word_1_161' title='bbox 839 2273 1004 2349; x_wconf 52' lang='lat' dir='ltr'><strong>accurate&#39;a</strong></span> <span class='ocrx_word' id='word_1_162' title='bbox 1022 2307 1117 2346; x_wconf 86' lang='lat' dir='ltr'><strong>rerum</strong></span> <span class='ocrx_word' id='word_1_163' title='bbox 1141 2289 1265 2347; x_wconf 88' lang='lat' dir='ltr'><strong>scientia</strong></span> <span class='ocrx_word' id='word_1_164' title='bbox 1285 2302 1313 2347; x_wconf 91' lang='lat' dir='ltr'><strong>et</strong></span> <span class='ocrx_word' id='word_1_165' title='bbox 1333 2287 1386 2347; x_wconf 92' lang='lat' dir='ltr'><strong>do-</strong></span> 
     </span>
     <span class='ocr_line' id='line_1_20' title="bbox 152 2385 1385 2470; baseline -0.003 -22"><span class='ocrx_word' id='word_1_166' title='bbox 152 2389 262 2448; x_wconf 85' lang='lat' dir='ltr'><strong>ctrinae</strong></span> <span class='ocrx_word' id='word_1_167' title='bbox 280 2388 391 2464; x_wconf 89' lang='lat' dir='ltr'><strong>ratione</strong></span> <span class='ocrx_word' id='word_1_168' title='bbox 411 2385 585 2447; x_wconf 82' lang='lat' dir='ltr'><strong>distinctam</strong></span> <span class='ocrx_word' id='word_1_169' title='bbox 628 2390 739 2446; x_wconf 89' lang='lat' dir='ltr'><strong>Primus</strong></span> <span class='ocrx_word' id='word_1_170' title='bbox 758 2388 850 2448; x_wconf 87' lang='lat' dir='ltr'><strong>veluti</strong></span> <span class='ocrx_word' id='word_1_171' title='bbox 866 2389 980 2468; x_wconf 82' lang='lat' dir='ltr'><strong>signum</strong></span> <span class='ocrx_word' id='word_1_172' title='bbox 994 2385 1111 2446; x_wconf 84' lang='lat' dir='ltr'><strong>sustulit</strong></span> <span class='ocrx_word' id='word_1_173' title='bbox 1123 2387 1320 2470; x_wconf 77' lang='lat' dir='ltr'><strong>Pythagoras,</strong></span> <span class='ocrx_word' id='word_1_174' title='bbox 1339 2407 1385 2444; x_wconf 91' lang='lat' dir='ltr'><strong>re-</strong></span> 
     </span>
    </p>
   </div>
   <div class='ocr_carea' id='block_1_13' title="bbox 153 2473 1458 2570">
    <p class='ocr_par' dir='ltr' id='par_1_14' title="bbox 153 2473 1458 2570">
     <span class='ocr_line' id='line_1_21' title="bbox 153 2473 1458 2570; baseline -0.002 -26"><span class='ocrx_word' id='word_1_175' title='bbox 153 2484 285 2546; x_wconf 85' lang='lat' dir='ltr'><strong>conditae</strong></span> <span class='ocrx_word' id='word_1_176' title='bbox 303 2487 350 2548; x_wconf 84' lang='lat' dir='ltr'><strong>vir</strong></span> <span class='ocrx_word' id='word_1_177' title='bbox 374 2484 539 2560; x_wconf 84' lang='lat' dir='ltr'><strong>doctrinae,</strong></span> <span class='ocrx_word' id='word_1_178' title='bbox 560 2507 612 2544; x_wconf 85' lang='lat' dir='ltr'><strong>nec</strong></span> <span class='ocrx_word' id='word_1_179' title='bbox 642 2487 696 2544; x_wconf 93' lang='lat' dir='ltr'><strong>ulli</strong></span> <span class='ocrx_word' id='word_1_180' title='bbox 720 2488 900 2570; x_wconf 89' lang='lat' dir='ltr'><strong>sapientum,</strong></span> <span class='ocrx_word' id='word_1_181' title='bbox 921 2486 972 2564; x_wconf 93' lang='lat' dir='ltr'><strong>qui</strong></span> <span class='ocrx_word' id='word_1_182' title='bbox 1000 2485 1041 2544; x_wconf 90' lang='lat' dir='ltr'><strong>sic</strong></span> <span class='ocrx_word' id='word_1_183' title='bbox 1069 2484 1319 2566; x_wconf 86' lang='lat' dir='ltr'><strong>appellabantur,</strong></span> <span class='ocrx_word' id='word_1_184' title='bbox 1341 2505 1385 2543; x_wconf 91' lang='lat' dir='ltr'><strong>sa·</strong></span> <span class='ocrx_word' id='word_1_185' title='bbox 1457 2473 1458 2488; x_wconf 49' lang='lat'><em>³</em></span> 
     </span>
    </p>
   </div>
   <div class='ocr_carea' id='block_1_14' title="bbox 72 2580 1385 2670">
    <p class='ocr_par' dir='ltr' id='par_1_15' title="bbox 72 2580 1385 2670">
     <span class='ocr_line' id='line_1_22' title="bbox 72 2580 1385 2670; baseline -0.003 -28"><span class='ocrx_word' id='word_1_186' title='bbox 72 2663 80 2670; x_wconf 92' lang='lat'><strong>.</strong></span> <span class='ocrx_word' id='word_1_187' title='bbox 152 2581 263 2666; x_wconf 78' lang='lat' dir='ltr'><strong>pientii</strong></span> <span class='ocrx_word' id='word_1_188' title='bbox 286 2583 410 2644; x_wconf 87' lang='lat' dir='ltr'><strong>cedens:</strong></span> <span class='ocrx_word' id='word_1_189' title='bbox 430 2584 482 2662; x_wconf 90' lang='lat' dir='ltr'><strong>qui</strong></span> <span class='ocrx_word' id='word_1_190' title='bbox 508 2585 574 2644; x_wconf 87' lang='lat' dir='ltr'><strong>aliis</strong></span> <span class='ocrx_word' id='word_1_191' title='bbox 602 2584 763 2648; x_wconf 88' lang='lat' dir='ltr'><strong>concedens</strong></span> <span class='ocrx_word' id='word_1_192' title='bbox 786 2599 815 2645; x_wconf 88' lang='lat' dir='ltr'><strong>et</strong></span> <span class='ocrx_word' id='word_1_193' title='bbox 843 2605 948 2644; x_wconf 89' lang='lat' dir='ltr'><strong>nomen</strong></span> <span class='ocrx_word' id='word_1_194' title='bbox 978 2580 1076 2662; x_wconf 79' lang='grc' dir='ltr'><strong>σοφοῦ</strong></span> <span class='ocrx_word' id='word_1_195' title='bbox 1102 2595 1129 2642; x_wconf 92' lang='lat' dir='ltr'><strong>et</strong></span> <span class='ocrx_word' id='word_1_196' title='bbox 1149 2582 1310 2658; x_wconf 85' lang='lat' dir='ltr'><strong>honorem,</strong></span> <span class='ocrx_word' id='word_1_197' title='bbox 1331 2581 1385 2642; x_wconf 90' lang='lat' dir='ltr'><strong>sibi</strong></span> 
     </span>
    </p>
   </div>
   <div class='ocr_carea' id='block_1_15' title="bbox 88 2829 1384 4563">
    <p class='ocr_par' dir='ltr' id='par_1_16' title="bbox 88 2829 1384 4270">
     <span class='ocr_line' id='line_1_23' title="bbox 187 2829 1383 2901; baseline -0.002 -19"><span class='ocrx_word' id='word_1_198' title='bbox 187 2829 218 2896; x_wconf 88' lang='grc'><strong>1)</strong></span> <span class='ocrx_word' id='word_1_199' title='bbox 235 2830 306 2883; x_wconf 87' lang='lat' dir='ltr'><strong>hoca</strong></span> <span class='ocrx_word' id='word_1_200' title='bbox 326 2830 360 2882; x_wconf 82' lang='lat' dir='ltr'><strong>de</strong></span> <span class='ocrx_word' id='word_1_201' title='bbox 373 2829 425 2882; x_wconf 89' lang='lat' dir='ltr'><strong>boc</strong></span> <span class='ocrx_word' id='word_1_202' title='bbox 438 2839 590 2901; x_wconf 78' lang='lat' dir='ltr'><strong>argumento</strong></span> <span class='ocrx_word' id='word_1_203' title='bbox 605 2829 713 2883; x_wconf 82' lang='lat' dir='ltr'><strong>classica</strong></span> <span class='ocrx_word' id='word_1_204' title='bbox 728 2839 787 2884; x_wconf 87' lang='lat' dir='ltr'><strong>suut</strong></span> <span class='ocrx_word' id='word_1_205' title='bbox 801 2831 908 2883; x_wconf 83' lang='lat' dir='ltr'><strong>Phaedr.</strong></span> <span class='ocrx_word' id='word_1_206' title='bbox 923 2829 974 2884; x_wconf 84' lang='grc'><strong>276</strong></span> <span class='ocrx_word' id='word_1_207' title='bbox 988 2832 1019 2884; x_wconf 84' lang='grc' dir='ltr'><strong>Α.</strong></span> <span class='ocrx_word' id='word_1_208' title='bbox 1038 2849 1094 2901; x_wconf 91' lang='lat' dir='ltr'><strong>sqq.</strong></span> <span class='ocrx_word' id='word_1_209' title='bbox 1110 2833 1202 2884; x_wconf 77' lang='lat' dir='ltr'><strong>Pitoed.</strong></span> <span class='ocrx_word' id='word_1_210' title='bbox 1219 2831 1263 2884; x_wconf 83' lang='grc'><strong>61.</strong></span> <span class='ocrx_word' id='word_1_211' title='bbox 1281 2833 1312 2884; x_wconf 81' lang='grc' dir='ltr'><strong>Α.</strong></span> <span class='ocrx_word' id='word_1_212' title='bbox 1329 2847 1383 2899; x_wconf 88' lang='lat' dir='ltr'><strong>sqq.</strong></span> 
     </span>
     <span class='ocr_line' id='line_1_24' title="bbox 153 2915 1382 2988; baseline -0.002 -20"><span class='ocrx_word' id='word_1_213' title='bbox 153 2919 184 2968; x_wconf 83' lang='lat' dir='ltr'><strong>do</strong></span> <span class='ocrx_word' id='word_1_214' title='bbox 203 2917 265 2985; x_wconf 69' lang='lat' dir='ltr'><strong>usp.</strong></span> <span class='ocrx_word' id='word_1_215' title='bbox 287 2915 329 2968; x_wconf 86' lang='lat' dir='ltr'><strong>Vl.</strong></span> <span class='ocrx_word' id='word_1_216' title='bbox 350 2915 403 2968; x_wconf 76' lang='lat' dir='ltr'><strong>vu</strong></span> <span class='ocrx_word' id='word_1_217' title='bbox 426 2916 499 2985; x_wconf 70' lang='lat' dir='ltr'><strong>Gor-q.</strong></span> <span class='ocrx_word' id='word_1_218' title='bbox 519 2916 571 2968; x_wconf 79' lang='grc'><strong>182</strong></span> <span class='ocrx_word' id='word_1_219' title='bbox 592 2917 623 2970; x_wconf 83' lang='grc' dir='ltr'><strong>Α.</strong></span> <span class='ocrx_word' id='word_1_220' title='bbox 645 2933 701 2986; x_wconf 76' lang='lat' dir='ltr'><strong>sqq.</strong></span> <span class='ocrx_word' id='word_1_221' title='bbox 721 2918 816 2968; x_wconf 76' lang='lat' dir='ltr'><strong>l&#39;lseoet</strong></span> <span class='ocrx_word' id='word_1_222' title='bbox 832 2916 888 2968; x_wconf 84' lang='grc'><strong>172.</strong></span> <span class='ocrx_word' id='word_1_223' title='bbox 906 2917 999 2986; x_wconf 38' lang='grc' dir='ltr'><strong>(Ξμοιιο</strong></span> <span class='ocrx_word' id='word_1_224' title='bbox 1015 2918 1096 2970; x_wconf 79' lang='lat' dir='ltr'><strong>Amat.</strong></span> <span class='ocrx_word' id='word_1_225' title='bbox 1112 2916 1169 2969; x_wconf 80' lang='grc'><strong>133</strong></span> <span class='ocrx_word' id='word_1_226' title='bbox 1186 2917 1214 2969; x_wconf 84' lang='lat' dir='ltr'><strong>G.</strong></span> <span class='ocrx_word' id='word_1_227' title='bbox 1231 2935 1288 2988; x_wconf 85' lang='lat' dir='ltr'><strong>sqq.</strong></span> <span class='ocrx_word' id='word_1_228' title='bbox 1306 2918 1382 2985; x_wconf 80' lang='lat' dir='ltr'><strong>Epist</strong></span> 
     </span>
     <span class='ocr_line' id='line_1_25' title="bbox 143 2999 1384 3093; baseline 0.002 -41"><span class='ocrx_word' id='word_1_229' title='bbox 143 2999 302 3054; x_wconf 74' lang='lat' dir='ltr'><strong>-v11.3r013.</strong></span> <span class='ocrx_word' id='word_1_230' title='bbox 324 3000 472 3054; x_wconf 84' lang='lat' dir='ltr'><strong>Doctrinam</strong></span> <span class='ocrx_word' id='word_1_231' title='bbox 493 3002 1300 3093; x_wconf 66' lang='lat' dir='ltr'><strong>Platonicummamexposueruntmoero,aeaut.4-10</strong></span> <span class='ocrx_word' id='word_1_232' title='bbox 1316 3003 1384 3084; x_wconf 70' lang='lat' dir='ltr'><strong>Dico</strong></span> 
     </span>
     <span class='ocr_line' id='line_1_26' title="bbox 154 3061 1382 3157; baseline -0.003 -17"><span class='ocrx_word' id='word_1_233' title='bbox 154 3084 238 3140; x_wconf 78' lang='lat' dir='ltr'><strong>baert.</strong></span> <span class='ocrx_word' id='word_1_234' title='bbox 263 3087 305 3138; x_wconf 89' lang='lat'><strong>111.</strong></span> <span class='ocrx_word' id='word_1_235' title='bbox 329 3087 351 3140; x_wconf 91' lang='grc'><strong>1.</strong></span> <span class='ocrx_word' id='word_1_236' title='bbox 380 3087 430 3140; x_wconf 85' lang='grc'><strong>67-</strong></span> <span class='ocrx_word' id='word_1_237' title='bbox 433 3086 489 3140; x_wconf 88' lang='grc'><strong>199.</strong></span> <span class='ocrx_word' id='word_1_238' title='bbox 511 3087 646 3152; x_wconf 72' lang='lat' dir='ltr'><strong>Alcinosts,</strong></span> <span class='ocrx_word' id='word_1_239' title='bbox 670 3077 720 3152; x_wconf 73' lang='grc' dir='ltr'><strong>εἰς</strong></span> <span class='ocrx_word' id='word_1_240' title='bbox 736 3069 774 3136; x_wconf 76' lang='lat' dir='ltr'><strong>ad</strong></span> <span class='ocrx_word' id='word_1_241' title='bbox 802 3078 856 3138; x_wconf 81' lang='grc' dir='ltr'><strong>τοῦ</strong></span> <span class='ocrx_word' id='word_1_242' title='bbox 881 3071 1045 3152; x_wconf 78' lang='grc' dir='ltr'><strong>Πλάτωνος</strong></span> <span class='ocrx_word' id='word_1_243' title='bbox 1073 3070 1210 3157; x_wconf 77' lang='grc' dir='ltr'><em>δόγματα</em></span> <span class='ocrx_word' id='word_1_244' title='bbox 1238 3061 1382 3156; x_wconf 73' lang='lat' dir='ltr'><strong>sioaycqu&#39;</strong></span> 
     </span>
     <span class='ocr_line' id='line_1_27' title="bbox 154 3158 1383 3242; baseline -0.006 -18"><span class='ocrx_word' id='word_1_245' title='bbox 154 3173 228 3241; x_wconf 83' lang='lat' dir='ltr'><strong>(Plat</strong></span> <span class='ocrx_word' id='word_1_246' title='bbox 244 3171 318 3224; x_wconf 86' lang='lat' dir='ltr'><strong>Diali.</strong></span> <span class='ocrx_word' id='word_1_247' title='bbox 335 3191 387 3226; x_wconf 90' lang='lat' dir='ltr'><strong>cur.</strong></span> <span class='ocrx_word' id='word_1_248' title='bbox 403 3175 513 3226; x_wconf 78' lang='lat' dir='ltr'><strong>Fischer.</strong></span> <span class='ocrx_word' id='word_1_249' title='bbox 529 3173 586 3225; x_wconf 88' lang='lat' dir='ltr'><strong>Vol.</strong></span> <span class='ocrx_word' id='word_1_250' title='bbox 601 3169 780 3242; x_wconf 68' lang='lat' dir='ltr'><strong>hlalpalejus,</strong></span> <span class='ocrx_word' id='word_1_251' title='bbox 797 3171 830 3224; x_wconf 89' lang='lat' dir='ltr'><strong>dc</strong></span> <span class='ocrx_word' id='word_1_252' title='bbox 845 3158 993 3224; x_wconf 82' lang='lat' dir='ltr'><strong>hebitudine</strong></span> <span class='ocrx_word' id='word_1_253' title='bbox 1011 3171 1309 3226; x_wconf 83' lang='lat' dir='ltr'><strong>doctrinarumetnativ.</strong></span> <span class='ocrx_word' id='word_1_254' title='bbox 1324 3167 1383 3220; x_wconf 83' lang='lat' dir='ltr'><strong>Pla-</strong></span> 
     </span>
     <span class='ocr_line' id='line_1_28' title="bbox 153 3235 1384 3328; baseline -0.009 -17"><span class='ocrx_word' id='word_1_255' title='bbox 153 3260 238 3311; x_wconf 79' lang='lat' dir='ltr'><strong>touis:</strong></span> <span class='ocrx_word' id='word_1_256' title='bbox 250 3262 343 3328; x_wconf 81' lang='lat' dir='ltr'><strong>partim</strong></span> <span class='ocrx_word' id='word_1_257' title='bbox 358 3235 417 3326; x_wconf 83' lang='lat' dir='ltr'><strong>alii,</strong></span> <span class='ocrx_word' id='word_1_258' title='bbox 434 3260 557 3327; x_wconf 88' lang='lat' dir='ltr'><strong>deinceps</strong></span> <span class='ocrx_word' id='word_1_259' title='bbox 573 3258 648 3310; x_wconf 89' lang='lat' dir='ltr'><strong>uobis</strong></span> <span class='ocrx_word' id='word_1_260' title='bbox 663 3254 794 3308; x_wconf 87' lang='lat' dir='ltr'><strong>laudandi.</strong></span> <span class='ocrx_word' id='word_1_261' title='bbox 812 3255 851 3307; x_wconf 89' lang='lat' dir='ltr'><strong>De</strong></span> <span class='ocrx_word' id='word_1_262' title='bbox 861 3257 1047 3309; x_wconf 86' lang='lat' dir='ltr'><strong>recentioribus</strong></span> <span class='ocrx_word' id='word_1_263' title='bbox 1059 3275 1082 3307; x_wconf 86' lang='grc' dir='ltr'><strong>ο.</strong></span> <span class='ocrx_word' id='word_1_264' title='bbox 1091 3256 1181 3319; x_wconf 77' lang='lat' dir='ltr'><strong>Belle,</strong></span> <span class='ocrx_word' id='word_1_265' title='bbox 1194 3253 1331 3307; x_wconf 88' lang='lat' dir='ltr'><strong>Lehrbueh</strong></span> <span class='ocrx_word' id='word_1_266' title='bbox 1340 3253 1384 3302; x_wconf 86' lang='lat' dir='ltr'><strong>der</strong></span> 
     </span>
     <span class='ocr_line' id='line_1_29' title="bbox 88 3334 1376 3408; baseline -0.009 -11"><span class='ocrx_word' id='word_1_267' title='bbox 88 3391 92 3402; x_wconf 84' lang='lat'><strong>.</strong></span> <span class='ocrx_word' id='word_1_268' title='bbox 155 3341 308 3397; x_wconf 88' lang='lat' dir='ltr'><strong>Geschichte</strong></span> <span class='ocrx_word' id='word_1_269' title='bbox 329 3345 375 3396; x_wconf 89' lang='lat' dir='ltr'><strong>der</strong></span> <span class='ocrx_word' id='word_1_270' title='bbox 396 3343 492 3397; x_wconf 83' lang='lat' dir='ltr'><strong>Philos.</strong></span> <span class='ocrx_word' id='word_1_271' title='bbox 519 3343 550 3395; x_wconf 90' lang='lat'><strong>11.</strong></span> <span class='ocrx_word' id='word_1_272' title='bbox 572 3345 626 3396; x_wconf 91' lang='lat' dir='ltr'><strong>init.</strong></span> <span class='ocrx_word' id='word_1_273' title='bbox 642 3350 669 3394; x_wconf 86' lang='lat' dir='ltr'><strong>et</strong></span> <span class='ocrx_word' id='word_1_274' title='bbox 683 3334 966 3408; x_wconf 74' lang='lat' dir='ltr'><strong>Teanensonn,·Sys&#39;tem</strong></span> <span class='ocrx_word' id='word_1_275' title='bbox 982 3341 1028 3393; x_wconf 90' lang='lat' dir='ltr'><strong>der</strong></span> <span class='ocrx_word' id='word_1_276' title='bbox 1043 3339 1107 3393; x_wconf 90' lang='lat' dir='ltr'><strong>Plat.</strong></span> <span class='ocrx_word' id='word_1_277' title='bbox 1123 3339 1187 3391; x_wconf 88' lang='lat' dir='ltr'><strong>Phil.</strong></span> <span class='ocrx_word' id='word_1_278' title='bbox 1203 3341 1278 3392; x_wconf 86' lang='lat' dir='ltr'><strong>Vorr.</strong></span> <span class='ocrx_word' id='word_1_279' title='bbox 1295 3357 1320 3407; x_wconf 89' lang='lat' dir='ltr'><strong>p.</strong></span> <span class='ocrx_word' id='word_1_280' title='bbox 1336 3337 1376 3388; x_wconf 86' lang='lat'><strong>28.</strong></span> 
     </span>
     <span class='ocr_line' id='line_1_30' title="bbox 156 3421 1379 3498; baseline -0.007 -17"><span class='ocrx_word' id='word_1_281' title='bbox 156 3430 289 3498; x_wconf 84' lang='lat' dir='ltr'><strong>Principes</strong></span> <span class='ocrx_word' id='word_1_282' title='bbox 312 3439 371 3483; x_wconf 86' lang='lat' dir='ltr'><strong>suut</strong></span> <span class='ocrx_word' id='word_1_283' title='bbox 385 3447 442 3483; x_wconf 90' lang='lat' dir='ltr'><strong>cum</strong></span> <span class='ocrx_word' id='word_1_284' title='bbox 457 3432 483 3482; x_wconf 94' lang='lat' dir='ltr'><strong>hi</strong></span> <span class='ocrx_word' id='word_1_285' title='bbox 498 3433 548 3498; x_wconf 88' lang='lat' dir='ltr'><strong>ipsi</strong></span> <span class='ocrx_word' id='word_1_286' title='bbox 563 3429 662 3481; x_wconf 87' lang='lat' dir='ltr'><strong>Platon.</strong></span> <span class='ocrx_word' id='word_1_287' title='bbox 678 3427 773 3495; x_wconf 89' lang='lat' dir='ltr'><strong>philos.</strong></span> <span class='ocrx_word' id='word_1_288' title='bbox 788 3425 889 3495; x_wconf 85' lang='lat' dir='ltr'><strong>intpp,</strong></span> <span class='ocrx_word' id='word_1_289' title='bbox 907 3435 959 3479; x_wconf 89' lang='lat' dir='ltr'><strong>tum</strong></span> <span class='ocrx_word' id='word_1_290' title='bbox 980 3427 1096 3493; x_wconf 74' lang='lat' dir='ltr'><strong>Wytteab.</strong></span> <span class='ocrx_word' id='word_1_291' title='bbox 1112 3425 1206 3494; x_wconf 83' lang='lat' dir='ltr'><strong>Opusc.</strong></span> <span class='ocrx_word' id='word_1_292' title='bbox 1222 3425 1241 3478; x_wconf 91' lang='lat' dir='ltr'><strong>l.</strong></span> <span class='ocrx_word' id='word_1_293' title='bbox 1257 3425 1317 3477; x_wconf 85' lang='grc'><strong>392.</strong></span> <span class='ocrx_word' id='word_1_294' title='bbox 1333 3421 1379 3474; x_wconf 87' lang='grc'><strong>571</strong></span> 
     </span>
     <span class='ocr_line' id='line_1_31' title="bbox 154 3510 1383 3586; baseline -0.01 -16"><span class='ocrx_word' id='word_1_295' title='bbox 154 3533 228 3586; x_wconf 78' lang='lat' dir='ltr'><strong>sqq,</strong></span> <span class='ocrx_word' id='word_1_296' title='bbox 251 3518 277 3567; x_wconf 91' lang='lat' dir='ltr'><strong>in</strong></span> <span class='ocrx_word' id='word_1_297' title='bbox 299 3517 388 3584; x_wconf 88' lang='lat' dir='ltr'><strong>primis</strong></span> <span class='ocrx_word' id='word_1_298' title='bbox 411 3518 443 3568; x_wconf 90' lang='lat' dir='ltr'><strong>ad</strong></span> <span class='ocrx_word' id='word_1_299' title='bbox 465 3515 639 3570; x_wconf 88' lang='lat' dir='ltr'><strong>Phaedonem.</strong></span> <span class='ocrx_word' id='word_1_300' title='bbox 663 3514 786 3576; x_wconf 75' lang='lat' dir='ltr'><strong>Creuser,</strong></span> <span class='ocrx_word' id='word_1_301' title='bbox 807 3511 899 3580; x_wconf 88' lang='lat' dir='ltr'><strong>Praep.</strong></span> <span class='ocrx_word' id='word_1_302' title='bbox 923 3522 950 3566; x_wconf 86' lang='lat' dir='ltr'><strong>ct</strong></span> <span class='ocrx_word' id='word_1_303' title='bbox 973 3521 1059 3566; x_wconf 80' lang='lat' dir='ltr'><strong>annot.</strong></span> <span class='ocrx_word' id='word_1_304' title='bbox 1083 3513 1115 3564; x_wconf 87' lang='lat' dir='ltr'><strong>ad</strong></span> <span class='ocrx_word' id='word_1_305' title='bbox 1137 3511 1230 3563; x_wconf 87' lang='lat' dir='ltr'><strong>Plotio.</strong></span> <span class='ocrx_word' id='word_1_306' title='bbox 1255 3513 1289 3563; x_wconf 89' lang='lat' dir='ltr'><strong>de</strong></span> <span class='ocrx_word' id='word_1_307' title='bbox 1304 3510 1383 3578; x_wconf 82' lang='lat' dir='ltr'><strong>puter.</strong></span> 
     </span>
     <span class='ocr_line' id='line_1_32' title="bbox 155 3595 1383 3666; baseline -0.009 -11"><span class='ocrx_word' id='word_1_308' title='bbox 155 3603 379 3666; x_wconf 76' lang='lat' dir='ltr'><strong>Selleiermaoier,</strong></span> <span class='ocrx_word' id='word_1_309' title='bbox 396 3603 501 3654; x_wconf 86' lang='lat' dir='ltr'><strong>Platous</strong></span> <span class='ocrx_word' id='word_1_310' title='bbox 517 3602 620 3654; x_wconf 88' lang='lat' dir='ltr'><strong>Werke.</strong></span> <span class='ocrx_word' id='word_1_311' title='bbox 643 3599 748 3650; x_wconf 63' lang='lat' dir='ltr'><strong>Einleit.</strong></span> <span class='ocrx_word' id='word_1_312' title='bbox 766 3597 849 3650; x_wconf 86' lang='lat' dir='ltr'><strong>Porro</strong></span> <span class='ocrx_word' id='word_1_313' title='bbox 864 3599 986 3661; x_wconf 68' lang='lat' dir='ltr'><strong>lldners,</strong></span> <span class='ocrx_word' id='word_1_314' title='bbox 1009 3596 1102 3650; x_wconf 80' lang='lat' dir='ltr'><strong>Gesch.</strong></span> <span class='ocrx_word' id='word_1_315' title='bbox 1125 3597 1150 3648; x_wconf 84' lang='lat' dir='ltr'><strong>d</strong></span> <span class='ocrx_word' id='word_1_316' title='bbox 1166 3599 1241 3650; x_wconf 86' lang='lat' dir='ltr'><strong>Wiss.</strong></span> <span class='ocrx_word' id='word_1_317' title='bbox 1257 3600 1285 3648; x_wconf 86' lang='lat' dir='ltr'><strong>in</strong></span> <span class='ocrx_word' id='word_1_318' title='bbox 1302 3595 1345 3648; x_wconf 86' lang='lat' dir='ltr'><strong>Gr.</strong></span> <span class='ocrx_word' id='word_1_319' title='bbox 1359 3611 1383 3644; x_wconf 92' lang='grc' dir='ltr'><strong>ιι.</strong></span> 
     </span>
     <span class='ocr_line' id='line_1_33' title="bbox 155 3682 1382 3763; baseline -0.011 -21"><span class='ocrx_word' id='word_1_320' title='bbox 155 3689 229 3742; x_wconf 79' lang='lat' dir='ltr'><strong>Rom.</strong></span> <span class='ocrx_word' id='word_1_321' title='bbox 252 3687 326 3741; x_wconf 82' lang='grc'><strong>1783.</strong></span> <span class='ocrx_word' id='word_1_322' title='bbox 346 3689 377 3740; x_wconf 89' lang='grc'><strong>11.</strong></span> <span class='ocrx_word' id='word_1_323' title='bbox 395 3687 448 3763; x_wconf 84' lang='grc' dir='ltr'><strong>Ι1183</strong></span> <span class='ocrx_word' id='word_1_324' title='bbox 462 3705 517 3756; x_wconf 88' lang='lat' dir='ltr'><strong>sqq.</strong></span> <span class='ocrx_word' id='word_1_325' title='bbox 535 3689 571 3738; x_wconf 77' lang='lat' dir='ltr'><strong>Et</strong></span> <span class='ocrx_word' id='word_1_326' title='bbox 559 3687 678 3748; x_wconf 79' lang='lat' dir='ltr'><strong>i›‚eriord</strong></span> <span class='ocrx_word' id='word_1_327' title='bbox 696 3684 761 3737; x_wconf 82' lang='lat' dir='ltr'><strong>iiber</strong></span> <span class='ocrx_word' id='word_1_328' title='bbox 781 3684 832 3734; x_wconf 87' lang='lat' dir='ltr'><strong>deu</strong></span> <span class='ocrx_word' id='word_1_329' title='bbox 849 3683 948 3736; x_wconf 84' lang='lat' dir='ltr'><strong>Zwech</strong></span> <span class='ocrx_word' id='word_1_330' title='bbox 966 3683 1014 3736; x_wconf 85' lang='lat' dir='ltr'><strong>der</strong></span> <span class='ocrx_word' id='word_1_331' title='bbox 1030 3683 1096 3736; x_wconf 88' lang='lat' dir='ltr'><strong>Phil.</strong></span> <span class='ocrx_word' id='word_1_332' title='bbox 1116 3684 1163 3736; x_wconf 83' lang='lat' dir='ltr'><strong>dos</strong></span> <span class='ocrx_word' id='word_1_333' title='bbox 1181 3683 1265 3734; x_wconf 84' lang='lat' dir='ltr'><strong>Plato.</strong></span> <span class='ocrx_word' id='word_1_334' title='bbox 1285 3682 1382 3746; x_wconf 78' lang='lat' dir='ltr'><strong>(Versa.</strong></span> 
     </span>
     <span class='ocr_line' id='line_1_34' title="bbox 156 3748 1382 3839; baseline -0.007 -13"><span class='ocrx_word' id='word_1_335' title='bbox 156 3775 227 3826; x_wconf 81' lang='lat' dir='ltr'><strong>Scir.</strong></span> <span class='ocrx_word' id='word_1_336' title='bbox 243 3773 332 3839; x_wconf 91' lang='grc'><strong>1788.)</strong></span> <span class='ocrx_word' id='word_1_337' title='bbox 347 3748 463 3839; x_wconf 75' lang='lat' dir='ltr'><strong>Schiche,</strong></span> <span class='ocrx_word' id='word_1_338' title='bbox 486 3773 518 3824; x_wconf 89' lang='lat' dir='ltr'><strong>de</strong></span> <span class='ocrx_word' id='word_1_339' title='bbox 537 3787 635 3824; x_wconf 88' lang='lat' dir='ltr'><strong>summo</strong></span> <span class='ocrx_word' id='word_1_340' title='bbox 654 3786 707 3822; x_wconf 83' lang='lat' dir='ltr'><strong>sec.</strong></span> <span class='ocrx_word' id='word_1_341' title='bbox 726 3768 863 3821; x_wconf 85' lang='lat' dir='ltr'><strong>Platonem</strong></span> <span class='ocrx_word' id='word_1_342' title='bbox 880 3768 1062 3836; x_wconf 85' lang='lat' dir='ltr'><strong>philosophiae</strong></span> <span class='ocrx_word' id='word_1_343' title='bbox 1077 3767 1210 3820; x_wconf 86' lang='grc' dir='ltr'><strong>11ιιιι1789.</strong></span> <span class='ocrx_word' id='word_1_344' title='bbox 1222 3769 1382 3824; x_wconf 69' lang='lat' dir='ltr'><strong>Platanona,</strong></span> 
     </span>
     <span class='ocr_line' id='line_1_35' title="bbox 157 3851 1380 3930; baseline -0.007 -18"><span class='ocrx_word' id='word_1_345' title='bbox 157 3851 262 3930; x_wconf 80' lang='lat' dir='ltr'><strong>Argum.</strong></span> <span class='ocrx_word' id='word_1_346' title='bbox 283 3860 351 3912; x_wconf 90' lang='lat' dir='ltr'><strong>diall.</strong></span> <span class='ocrx_word' id='word_1_347' title='bbox 373 3859 437 3911; x_wconf 88' lang='lat' dir='ltr'><strong>Plat.</strong></span> <span class='ocrx_word' id='word_1_348' title='bbox 461 3857 533 3910; x_wconf 88' lang='grc'><strong>1786.</strong></span> <span class='ocrx_word' id='word_1_349' title='bbox 562 3867 588 3910; x_wconf 84' lang='grc' dir='ltr'><strong>ο1</strong></span> <span class='ocrx_word' id='word_1_350' title='bbox 604 3855 715 3908; x_wconf 88' lang='lat' dir='ltr'><strong>Geistd.</strong></span> <span class='ocrx_word' id='word_1_351' title='bbox 734 3870 805 3921; x_wconf 86' lang='lat' dir='ltr'><strong>spec.</strong></span> <span class='ocrx_word' id='word_1_352' title='bbox 819 3853 916 3906; x_wconf 91' lang='lat' dir='ltr'><strong>Philos.</strong></span> <span class='ocrx_word' id='word_1_353' title='bbox 932 3853 1006 3905; x_wconf 90' lang='grc'><strong>1791</strong></span> <span class='ocrx_word' id='word_1_354' title='bbox 1021 3855 1051 3930; x_wconf 88' lang='lat' dir='ltr'><strong>ll.</strong></span> <span class='ocrx_word' id='word_1_355' title='bbox 1066 3853 1108 3906; x_wconf 93' lang='grc'><strong>63</strong></span> <span class='ocrx_word' id='word_1_356' title='bbox 1123 3870 1178 3924; x_wconf 88' lang='lat' dir='ltr'><strong>sqq.</strong></span> <span class='ocrx_word' id='word_1_357' title='bbox 1197 3855 1380 3924; x_wconf 59' lang='lat' dir='ltr'><strong>idomeneum,</strong></span> 
     </span>
     <span class='ocr_line' id='line_1_36' title="bbox 160 3921 1383 4013; baseline -0.01 -15"><span class='ocrx_word' id='word_1_358' title='bbox 160 3946 257 3999; x_wconf 87' lang='lat' dir='ltr'><strong>Comm.</strong></span> <span class='ocrx_word' id='word_1_359' title='bbox 281 3945 382 3999; x_wconf 85' lang='lat' dir='ltr'><strong>tresde</strong></span> <span class='ocrx_word' id='word_1_360' title='bbox 408 3945 472 4013; x_wconf 84' lang='lat' dir='ltr'><strong>Rep.</strong></span> <span class='ocrx_word' id='word_1_361' title='bbox 495 3943 558 3995; x_wconf 87' lang='lat' dir='ltr'><strong>Plat</strong></span> <span class='ocrx_word' id='word_1_362' title='bbox 588 3941 662 3993; x_wconf 85' lang='grc'><strong>1791.</strong></span> <span class='ocrx_word' id='word_1_363' title='bbox 688 3921 811 4004; x_wconf 72' lang='lat' dir='ltr'><strong>beroart,</strong></span> <span class='ocrx_word' id='word_1_364' title='bbox 833 3939 865 3991; x_wconf 92' lang='lat' dir='ltr'><strong>de</strong></span> <span class='ocrx_word' id='word_1_365' title='bbox 887 3940 951 3992; x_wconf 90' lang='lat' dir='ltr'><strong>Plat.</strong></span> <span class='ocrx_word' id='word_1_366' title='bbox 967 3941 1035 4008; x_wconf 76' lang='lat' dir='ltr'><strong>Syst</strong></span> <span class='ocrx_word' id='word_1_367' title='bbox 1056 3940 1168 3992; x_wconf 83' lang='grc' dir='ltr'><strong>1ιιιιι1ιιιιι.</strong></span> <span class='ocrx_word' id='word_1_368' title='bbox 1195 3939 1268 3991; x_wconf 83' lang='grc'><strong>1805.</strong></span> <span class='ocrx_word' id='word_1_369' title='bbox 1291 3940 1383 3994; x_wconf 68' lang='lat' dir='ltr'><strong>muta,</strong></span> 
     </span>
     <span class='ocr_line' id='line_1_37' title="bbox 156 4023 1376 4096; baseline -0.012 -11"><span class='ocrx_word' id='word_1_370' title='bbox 156 4029 250 4085; x_wconf 76' lang='lat' dir='ltr'><strong>iissch.</strong></span> <span class='ocrx_word' id='word_1_371' title='bbox 274 4033 298 4084; x_wconf 92' lang='lat' dir='ltr'><strong>d.</strong></span> <span class='ocrx_word' id='word_1_372' title='bbox 319 4032 415 4084; x_wconf 89' lang='lat' dir='ltr'><strong>Philos.</strong></span> <span class='ocrx_word' id='word_1_373' title='bbox 439 4028 513 4082; x_wconf 91' lang='grc'><strong>1839.</strong></span> <span class='ocrx_word' id='word_1_374' title='bbox 534 4029 563 4080; x_wconf 93' lang='lat' dir='ltr'><strong>ll.</strong></span> <span class='ocrx_word' id='word_1_375' title='bbox 584 4027 634 4080; x_wconf 87' lang='grc'><strong>179</strong></span> <span class='ocrx_word' id='word_1_376' title='bbox 655 4043 711 4096; x_wconf 89' lang='lat' dir='ltr'><strong>sqq.</strong></span> <span class='ocrx_word' id='word_1_377' title='bbox 749 4025 775 4078; x_wconf 80' lang='lat' dir='ltr'><strong>C.</strong></span> <span class='ocrx_word' id='word_1_378' title='bbox 792 4027 820 4086; x_wconf 75' lang='grc' dir='ltr'><strong>Ε.</strong></span> <span class='ocrx_word' id='word_1_379' title='bbox 833 4025 971 4092; x_wconf 82' lang='lat' dir='ltr'><strong>Hermann,</strong></span> <span class='ocrx_word' id='word_1_380' title='bbox 992 4023 1083 4078; x_wconf 85' lang='lat' dir='ltr'><strong>Geseh.</strong></span> <span class='ocrx_word' id='word_1_381' title='bbox 1100 4025 1151 4076; x_wconf 89' lang='lat' dir='ltr'><strong>und</strong></span> <span class='ocrx_word' id='word_1_382' title='bbox 1168 4026 1235 4091; x_wconf 75' lang='lat' dir='ltr'><strong>Syst.</strong></span> <span class='ocrx_word' id='word_1_383' title='bbox 1251 4027 1299 4078; x_wconf 89' lang='lat' dir='ltr'><strong>der</strong></span> <span class='ocrx_word' id='word_1_384' title='bbox 1314 4023 1376 4074; x_wconf 85' lang='lat' dir='ltr'><strong>Plat</strong></span> 
     </span>
     <span class='ocr_line' id='line_1_38' title="bbox 161 4110 1380 4178; baseline -0.011 -7"><span class='ocrx_word' id='word_1_385' title='bbox 161 4117 255 4171; x_wconf 85' lang='lat' dir='ltr'><strong>Philos.</strong></span> <span class='ocrx_word' id='word_1_386' title='bbox 283 4115 357 4170; x_wconf 86' lang='grc'><strong>1838.</strong></span> <span class='ocrx_word' id='word_1_387' title='bbox 406 4115 469 4168; x_wconf 83' lang='grc' dir='ltr'><strong>Τιιιιι</strong></span> <span class='ocrx_word' id='word_1_388' title='bbox 497 4122 712 4166; x_wconf 83' lang='lat' dir='ltr'><strong>commentatores</strong></span> <span class='ocrx_word' id='word_1_389' title='bbox 743 4111 825 4176; x_wconf 84' lang='lat' dir='ltr'><strong>Plat,</strong></span> <span class='ocrx_word' id='word_1_390' title='bbox 858 4113 966 4164; x_wconf 83' lang='lat' dir='ltr'><strong>maxime</strong></span> <span class='ocrx_word' id='word_1_391' title='bbox 1000 4111 1078 4178; x_wconf 69' lang='lat' dir='ltr'><strong>Wolf,</strong></span> <span class='ocrx_word' id='word_1_392' title='bbox 1109 4110 1207 4175; x_wconf 67' lang='lat' dir='ltr'><strong>aaut,</strong></span> <span class='ocrx_word' id='word_1_393' title='bbox 1234 4112 1380 4166; x_wconf 70' lang='lat' dir='ltr'><strong>coemam.</strong></span> 
     </span>
     <span class='ocr_line' id='line_1_39' title="bbox 161 4199 919 4270; baseline -0.009 -13"><span class='ocrx_word' id='word_1_394' title='bbox 161 4205 219 4268; x_wconf 81' lang='lat' dir='ltr'><strong>Ast,</strong></span> <span class='ocrx_word' id='word_1_395' title='bbox 241 4205 390 4266; x_wconf 57' lang='lat' dir='ltr'><strong>Stailuco,</strong></span> <span class='ocrx_word' id='word_1_396' title='bbox 414 4203 473 4267; x_wconf 85' lang='lat' dir='ltr'><strong>alii,</strong></span> <span class='ocrx_word' id='word_1_397' title='bbox 491 4216 555 4270; x_wconf 90' lang='lat' dir='ltr'><strong>quos</strong></span> <span class='ocrx_word' id='word_1_398' title='bbox 572 4201 696 4267; x_wconf 84' lang='lat' dir='ltr'><strong>deinceps</strong></span> <span class='ocrx_word' id='word_1_399' title='bbox 713 4199 919 4251; x_wconf 89' lang='lat' dir='ltr'><strong>memorabimus.</strong></span> 
     </span>
    </p>

    <p class='ocr_par' dir='ltr' id='par_1_17' title="bbox 158 4275 1381 4563">
     <span class='ocr_line' id='line_1_40' title="bbox 195 4275 1381 4370; baseline -0.011 -22"><span class='ocrx_word' id='word_1_400' title='bbox 195 4296 330 4367; x_wconf 56' lang='grc'><strong>21111191.</strong></span> <span class='ocrx_word' id='word_1_401' title='bbox 355 4298 408 4348; x_wconf 85' lang='lat' dir='ltr'><strong>init.</strong></span> <span class='ocrx_word' id='word_1_402' title='bbox 444 4280 496 4370; x_wconf 74' lang='grc' dir='ltr'><strong>ἤτε</strong></span> <span class='ocrx_word' id='word_1_403' title='bbox 517 4280 706 4364; x_wconf 75' lang='grc' dir='ltr'><strong>πολομάθεια</strong></span> <span class='ocrx_word' id='word_1_404' title='bbox 734 4325 766 4334; x_wconf 93' lang='grc'><strong>-</strong></span> <span class='ocrx_word' id='word_1_405' title='bbox 787 4278 941 4345; x_wconf 70' lang='grc' dir='ltr'><strong>οιῖκᾶλλου</strong></span> <span class='ocrx_word' id='word_1_406' title='bbox 956 4277 1035 4356; x_wconf 85' lang='grc' dir='ltr'><strong>τινός</strong></span> <span class='ocrx_word' id='word_1_407' title='bbox 1051 4277 1143 4357; x_wconf 71' lang='grc' dir='ltr'><strong>ἐστιν,</strong></span> <span class='ocrx_word' id='word_1_408' title='bbox 1159 4275 1297 4363; x_wconf 66' lang='grc' dir='ltr'><strong>11τούτὰ</strong></span> <span class='ocrx_word' id='word_1_409' title='bbox 1314 4280 1381 4338; x_wconf 67' lang='lat' dir='ltr'><strong>sato</strong></span> 
     </span>
     <span class='ocr_line' id='line_1_41' title="bbox 158 4376 1380 4474; baseline -0.009 -20"><span class='ocrx_word' id='word_1_410' title='bbox 158 4390 207 4453; x_wconf 73' lang='lat' dir='ltr'><strong>aot</strong></span> <span class='ocrx_word' id='word_1_411' title='bbox 226 4385 265 4454; x_wconf 80' lang='grc' dir='ltr'><strong>τοὶ</strong></span> <span class='ocrx_word' id='word_1_412' title='bbox 285 4384 459 4474; x_wconf 69' lang='grc' dir='ltr'><strong>ἀνθρώπινα</strong></span> <span class='ocrx_word' id='word_1_413' title='bbox 479 4383 688 4468; x_wconf 75' lang='grc' dir='ltr'><strong>ἐπιβλέποντος·</strong></span> <span class='ocrx_word' id='word_1_414' title='bbox 712 4378 806 4468; x_wconf 77' lang='grc' dir='ltr'><em>ὦνπερ</em></span> <span class='ocrx_word' id='word_1_415' title='bbox 828 4382 883 4468; x_wconf 65' lang='grc' dir='ltr'><strong>τήν</strong></span> <span class='ocrx_word' id='word_1_416' title='bbox 905 4382 1081 4466; x_wconf 76' lang='grc' dir='ltr'><strong>φιλοσοφίαν</strong></span> <span class='ocrx_word' id='word_1_417' title='bbox 1102 4379 1268 4465; x_wconf 73' lang='grc' dir='ltr'><strong>ι”πιστήμην</strong></span> <span class='ocrx_word' id='word_1_418' title='bbox 1285 4376 1380 4462; x_wconf 65' lang='grc' dir='ltr'><em>φασίν·</em></span> 
     </span>
     <span class='ocr_line' id='line_1_42' title="bbox 169 4495 660 4563; baseline -0.008 -15"><span class='ocrx_word' id='word_1_419' title='bbox 169 4515 172 4522; x_wconf 83' lang='grc'>’</span> <span class='ocrx_word' id='word_1_420' title='bbox 195 4495 226 4560; x_wconf 91' lang='grc'><strong>3)</strong></span> <span class='ocrx_word' id='word_1_421' title='bbox 245 4513 269 4547; x_wconf 85' lang='lat' dir='ltr'><strong>v.</strong></span> <span class='ocrx_word' id='word_1_422' title='bbox 285 4513 307 4546; x_wconf 89' lang='lat' dir='ltr'><strong>o.</strong></span> <span class='ocrx_word' id='word_1_423' title='bbox 329 4496 366 4546; x_wconf 84' lang='lat' dir='ltr'><strong>De</strong></span> <span class='ocrx_word' id='word_1_424' title='bbox 384 4503 457 4546; x_wconf 77' lang='lat' dir='ltr'><strong>const.</strong></span> <span class='ocrx_word' id='word_1_425' title='bbox 475 4496 593 4563; x_wconf 58' lang='lat' dir='ltr'><strong>sopiatis</strong></span> <span class='ocrx_word' id='word_1_426' title='bbox 606 4495 660 4544; x_wconf 80' lang='lat' dir='ltr'><strong>init</strong></span> 
     </span>
    </p>
   </div>
   <div class='ocr_carea' id='block_1_16' title="bbox 0 0 1492 5134">
    <p class='ocr_par' dir='ltr' id='par_1_18' title="bbox 0 0 1492 5134">
     <span class='ocr_line' id='line_1_43' title="bbox 0 0 1492 5134; baseline 0 0"><span class='ocrx_word' id='word_1_427' title='bbox 0 0 1492 5134; x_wconf 95' lang='lat' dir='ltr'><strong> </strong></span> 
     </span>
    </p>
   </div>
  </div>
 </body>
</html>
