2886 5118
665 323 721 381 481

68 491 240 570 corrumpi,
269 503 450 569 corruptores
477 508 545 549 vero
573 509 670 546 eorum
700 487 842 568 sophistas
870 489 1007 568 quosdam
1035 510 1094 549 esse
1114 492 1259 572 privatos,
1280 516 1312 554 ac

71 611 134 648 raon
157 610 204 648 eos
221 588 335 668 potius,
356 588 406 664 qui
429 587 468 645 ita
489 586 669 664 loquuntur,
690 587 832 646 maximos
850 607 910 645 esse
926 587 1083 669 sophistas,
1104 591 1315 670 maximamque
1386 628 1400 662 0

68 708 132 746 esse
164 685 321 746 eorundem
350 684 545 743 institutionis
576 685 655 759 vim,
685 684 795 765 quippe
822 685 874 763 qui
891 687 1017 762 juvenes
1036 706 1069 744 ac
1086 687 1232 764 seniores,
1252 688 1316 748 foe-

68 786 168 843 minas
198 803 230 842 ac
259 783 335 843 viros
361 781 433 841 tales
463 783 641 858 informant,
670 781 770 860 quales
791 803 850 842 esse
870 803 916 842 eos
942 782 1062 844 velint?
1082 825 1118 836 -
1139 784 1264 857 Quando
1284 784 1322 848 id.

70 883 280 962 potissimum?
301 921 335 930 -
356 879 481 954 Quando
507 879 673 959 frequentes
693 879 778 939 multi
801 879 849 940 vel
866 880 898 938 in
920 880 1110 940 concionibus
1130 881 1179 942 vel
1192 882 1317 960 judiciis
1357 889 1360 896 ’

70 980 121 1038 vel
152 979 271 1038 theatris
300 979 347 1038 vel
377 979 478 1036 castris
507 977 556 1038 vel
583 978 642 1038 alio
669 977 793 1056 quodam
821 977 972 1036 hominum
1001 991 1084 1037 coetu
1113 979 1316 1054 considentes,

69 1097 193 1150 corum,
214 1098 286 1154 quae
313 1075 391 1135 dicta
422 1075 535 1135 laetave
566 1088 652 1150 sunt,
684 1075 741 1134 alia
772 1075 958 1155 vituperant,
979 1074 1037 1134 alia
1061 1075 1203 1151 laudant,
1224 1091 1253 1136 et
1279 1076 1317 1138 ad

70 1187 196 1251 utraque
224 1175 336 1253 ingenti
367 1193 432 1232 cum
463 1173 590 1232 tumultu
612 1173 707 1232 acrius
726 1174 902 1247 efferuntur,
924 1172 1115 1252 erplodeutes
1134 1173 1319 1255 applauden-

68 1285 173 1348 tesque
203 1291 312 1330 summo
338 1271 461 1352 strepitu
492 1285 520 1330 et
548 1270 689 1347 clamore,
716 1285 749 1330 ut
775 1292 844 1331 saxa
865 1271 1051 1330 circumcirca
1071 1285 1099 1330 et
1120 1271 1184 1331 loca
1205 1274 1237 1331 in
1257 1274 1320 1352 qui·

67 1368 128 1428 bus
158 1367 282 1445 adsunt,
313 1372 477 1430 resonantia
507 1367 599 1450 duplo
617 1372 754 1448 majorem
774 1369 862 1429 edant
881 1368 1058 1442 tumultum,
1079 1390 1165 1448 quam
1182 1371 1233 1447 qui
1253 1370 1320 1430 lau·

68 1465 148 1526 dant
165 1488 198 1525 ac
216 1468 394 1548 vituperant.
436 1467 493 1526 Hie
507 1469 647 1545 juvenem
667 1489 726 1548 quo
745 1489 804 1526 esse
825 1469 922 1527 auimo
942 1468 1112 1526 existimes?
1135 1467 1184 1527 vel
1203 1468 1319 1546 qualem

68 1563 144 1621 huic
174 1563 310 1644 publicae
340 1564 513 1644 disciplinae
548 1565 693 1646 privatam
731 1564 919 1646 disciplinam
949 1564 1085 1624 obsistere
1114 1586 1216 1645 posse,
1246 1567 1320 1644 quin

69 1660 126 1719 tali
148 1662 361 1741 vituperatione
382 1683 414 1720 ac
434 1662 604 1722 laudatione
626 1661 747 1737 obruta,
779 1661 850 1721 illuc
871 1661 987 1721 labatur
1012 1684 1069 1741 quo
1096 1661 1201 1723 fluctus
1219 1663 1318 1724 ferat?

69 1773 106 1817 ut
134 1759 251 1834 eadem,
273 1774 357 1838 atque
382 1760 430 1819 illi
440 1807 449 1836 ,
472 1760 574 1841 pulcra
604 1773 632 1818 et
651 1761 749 1839 turpia
769 1772 903 1834 censeat,
924 1759 1104 1837 iisdemque,
1124 1760 1232 1838 quibus
1251 1761 1299 1820 illi
1309 1805 1319 1835 ,

68 1855 188 1915 studeat
216 1872 244 1917 et
274 1857 341 1916 talis
369 1859 488 1918 omnino
520 1857 594 1918 fiat?
616 1899 650 1910 -
670 1859 791 1916 Necesse
810 1855 843 1916 id
867 1857 986 1916 omnino
1006 1870 1069 1933 est,
1090 1879 1107 1916 o
1125 1857 1263 1917 Socrates.
1286 1897 1320 1910 .-

69 1953 211 2014 Nondum
241 1976 309 2016 vero
335 1955 490 2016 maximam
518 1955 646 2014 diximus
677 1956 886 2014 necessitatem.
907 1986 942 1996 —
963 1955 1151 2028 Quamnam?
1172 1993 1207 2004 -
1227 1957 1320 2030 Quam

70 2053 152 2110 facto
179 2051 362 2133 adjungunt,
390 2075 457 2112 cum
480 2052 579 2118 verbis
605 2051 777 2132 persuadere
808 2053 988 2111 institutores
1008 2052 1056 2110 isti
1077 2065 1231 2130 nequeant.
1274 2057 1320 2114 An

71 2170 144 2208 vero
171 2151 264 2208 nescis
275 2194 283 2225 ,
307 2152 393 2225 istos,
414 2151 438 2210 si
462 2150 528 2228 quis
552 2149 623 2231 ipsis
642 2171 702 2209 non
722 2149 919 2229 obtemperat,
941 2149 1061 2207 infamia
1079 2169 1144 2206 eum
1164 2163 1192 2208 et
1211 2151 1320 2210 mulcta

70 2260 98 2306 et
118 2261 210 2306 morte
229 2247 380 2328 plectere?
402 2277 437 2288 -
456 2247 655 2326 summopere.
676 2282 708 2291 —
731 2247 823 2320 Quem
843 2247 932 2326 igitur
951 2246 1042 2305 alium
1060 2246 1215 2326 sophistam
1230 2261 1319 2329 putas

70 2349 138 2402 aut·
156 2344 255 2422 quales
283 2345 356 2405 alios
385 2347 513 2426 privatos
540 2365 684 2404 sermones
709 2343 858 2403 adversari
878 2345 940 2404 istis
961 2357 989 2403 et
1004 2346 1138 2404 resistere
1158 2347 1264 2425 posse?
1284 2383 1320 2396 -

74 2440 209 2502 Nullum.
240 2477 273 2486 -
304 2443 425 2502 Nullum
456 2463 541 2519 sane,
582 2443 654 2520 quin
686 2455 714 2500 et
744 2442 832 2500 reniti
870 2442 950 2517 illis,
980 2463 1089 2501 summa
1117 2441 1241 2503 stultitia
1267 2457 1318 2503 est.

78 2532 160 2600 Οίίτε
192 2534 249 2622 peip
275 2537 417 2620 γίγνεται,
437 2535 504 2601 οὔτε
533 2534 662 2620 γέγονεν,
694 2533 766 2599 ουδὲ
796 2532 848 2599 οὖν
876 2533 923 2620 μή
951 2533 1070 2619 γίνηται
1099 2533 1317 2622 dilatoriam

70 2636 151 2720 πρδς
184 2635 309 2723 α’ρετὴν,
339 2636 421 2722 nupti
454 2636 510 2724 τήν
540 2635 655 2704 τούτων
687 2636 823 2700 παιδειάν
847 2634 1086 2717 πεπαιδευμένον
1113 2633 1318 2722 ἀνθρώπειον,

73 2736 97 2806 ui
131 2737 238 2825 ἑταῖρε·
269 2747 355 2805 θεῖον
385 2737 502 2822 μέντοι,
532 2737 607 2804 κατὰ
636 2736 693 2824 τήν
721 2739 897 2821 παροιμίαν,
923 2738 1032 2821 ἒξαίριο
1053 2734 1153 2836 λα’γου·
1176 2765 1249 2804 uum
1263 2750 1316 2802 in-

72 2848 153 2906 doles
175 2853 273 2922 juata
301 2855 429 2904 istorum
460 2849 655 2922 disciplinam
674 2847 838 2920 formata,
864 2866 917 2902 nec
944 2845 984 2916 fit
1008 2866 1061 2902 nec
1081 2847 1178 2920 suctu
1198 2854 1242 2902 est
1261 2865 1315 2900 un·

73 2967 187 3024 quam,
216 2966 268 3002 nec
294 2945 367 3018 fieri
396 2956 516 3003 οπιπιπο
542 2953 639 3020 potest
668 2943 708 3001 ud
726 2950 873 3000 virtutem
894 2943 1074 3015 aliusmodi,
1096 2943 1231 2999 λαπιοπα
1251 2947 1317 3019 qui·

73 3046 157 3117 dem,
179 3050 325 3118 cauriae,
348 3062 419 3100 num
438 3045 574 3101 divinum
595 3043 714 3118 quidem
725 3084 735 3114 ,
757 3052 792 3098 ut
806 3042 964 3117 prouerbio
984 3041 1120 3114 dicitur,
1142 3045 1266 3116 excipio.
1284 3036 1314 3117 l)

75 3143 159 3202 Certo
187 3141 264 3199 enim
294 3142 383 3216 scito,
405 3160 594 3219 quaecunque
623 3159 758 3218 generosa
787 3137 902 3197 indoles
932 3138 964 3196 in
993 3136 1047 3196 tali
1076 3138 1227 3197 ciritatum
1241 3155 1315 3194 con-

74 3239 189 3299 ditione
215 3252 346 3298 servetur
375 3260 408 3297 ac
435 3237 531 3317 qualis
556 3257 616 3296 esse
642 3235 748 3312 debet,
770 3237 837 3296 talis
857 3237 921 3312 liat,
942 3235 1047 3297 divino
1065 3235 1141 3296 hanc
1160 3236 1220 3294 fato
1238 3235 1318 3292 inte-

76 3427 335 3442 ——uq———aa

111 3549 134 3610 il
153 3552 229 3602 Ferri
251 3551 316 3602 haec
332 3552 411 3603 lectio
433 3556 466 3601 et
479 3551 532 3602 loci
548 3549 728 3656 interpretatio
747 3555 841 3614 potest
879 3547 979 3608 Quodsi
997 3549 1030 3600 de
1047 3547 1168 3613 discipuli
1184 3533 1316 3610 cujusdam

75 3643 127 3692 mei
145 3643 295 3706 conjectura
317 3621 434 3711 legamus
454 3667 489 3678 —
506 3626 629 3694 ουδὲ
593 3655 646 3693 ουν
657 3625 830 3713 μηγινηται
851 3626 979 3693 τίλεον
999 3625 1081 3714 ηθος
1100 3653 1177 3708 προς
1197 3623 1316 3710 οἷρετην

75 3755 122 3789 sec
146 3741 204 3803 fieri
228 3743 325 3790 manino
345 3748 423 3808 potest
445 3740 480 3788 ud
501 3739 616 3788 semrom
639 3739 770 3804 perfecta,
789 3735 842 3786 vim
861 3735 964 3786 demum
981 3733 1093 3796 habeut,
1112 3747 1187 3800 ουτοι
1207 3731 1317 3783 deside-

76 3839 178 3886 ramus,
204 3825 306 3876 eliatum
336 3824 415 3875 hocce
440 3822 567 3874 solemne.
613 3821 742 3888 Exquisiti
767 3820 840 3872 usis·
856 3829 882 3872 et
909 3819 1041 3871 Platonica
1065 3817 1144 3885 plane
1170 3816 1250 3867 dictio
1277 3824 1319 3868 est

76 3903 177 3981 τέλεος
197 3901 274 3988 πρδς
295 3901 415 3989 α’ρετὴν,
440 3921 468 3964 ut
491 3914 517 4014 ip
546 3928 628 3979 opere
649 3915 679 3964 ie
701 3912 793 3978 lapibus
815 3926 1020 4016 saepenumero:
1045 3909 1134 3961 1647.
1152 3906 1183 3958 D.
1203 3898 1251 3958 δεῖ
1269 3893 1318 3959 τί-

76 3991 244 4058 leovericus
267 3995 420 4077 γίγνεσθαι
445 3990 523 4076 πρδς
547 3991 679 4074 ἀνδρίαν
705 3999 814 4052 111678.
833 4000 862 4052 Β.
898 3985 1115 4107 ἆρονομεθα,
1144 3985 1214 4062 τους
1236 3981 1317 4066 τότε,

75 4086 215 4172 ἀπείρους
242 4118 331 4168 οντας
356 4094 472 4154 πολλῶν
498 4089 555 4182 μὲν
581 4090 681 4152 καλῶν
704 4113 769 4152 των
793 4087 868 4151 aurci
894 4083 931 4151 sci
958 4084 1050 4170 ἄστη,
1072 4086 1190 4150 πολλῶν
1213 4082 1250 4146 δὲ
1269 4084 1319 4145 καλ

77 4193 140 4254 ταῖν
159 4193 310 4272 ἐναντίων,
331 4191 446 4270 τελέους
466 4189 543 4278 πρδς
563 4189 671 4276 οἷρετήν
691 4188 712 4274 ἢ
733 4191 782 4252 καὶ
804 4189 881 4314 πρδς
901 4189 1003 4253 κακίαν
1022 4187 1183 4272 γεγονέναις
1207 4199 1240 4250 tv
1258 4198 1319 4250 ⁷08.

78 4307 107 4357 Ι)
133 4289 239 4357 αλλ”’
221 4322 313 4373 ουτως
336 4295 400 4359 ἐστὶ
424 4295 589 4376 νομοθεσία
615 4293 664 4358 καὶ
690 4289 807 4355 πόλεων
833 4293 975 4374 οἰκισμοὶ,
998 4287 1119 4354 πάντων
1139 4285 1319 4354 τελεώτατον

78 4394 157 4480 πρδς
177 4424 282 4510 νρετρν
306 4396 437 4482 ἀνδρῶν.
482 4390 956 4470 ν11822.Ε.-ου’τέλεοςοτου
944 4390 1175 4477 despicerem
1197 4392 1319 4456 πολίτου

79 4513 157 4573 προς
176 4517 284 4578 αρετην
304 4491 430 4574 γίγνεται
452 4487 577 4564 ἔπαινος.

1115 4591 1148 4649 31
