2838 5120
65 445 134 506 simis
159 441 361 522 facillimisqtte
390 436 510 524 syllabis
531 455 607 502 recte
627 441 758 521 assequi,
780 441 811 500 in
831 439 896 500 aliis
915 451 1008 500 auteto
1029 439 1151 521 syllabis
1167 443 1278 503 easdem

64 563 110 604 uec
134 543 240 622 assequi
268 555 296 602 et
324 540 488 602 dubitando
518 540 745 620 haesitandoque
776 539 852 600 salli.
899 540 979 614 Quae
1007 540 1094 620 igitur
1120 539 1279 616 facillima,

63 663 126 720 quae
150 641 323 723 pulcerrima
350 640 424 700 ratio
445 654 503 715 est,
524 661 582 719 qua
599 659 645 699 cos
662 639 700 698 ad
719 639 804 713 illas,
825 659 895 718 quas
914 636 1045 698 nondum
1064 653 1279 720 cognoverunt,

63 739 251 800 adducamus?
277 740 381 799 Nonne
410 738 479 798 haec
511 740 575 800 est?
607 731 775 818 Ἀναγαγιῒν
799 734 919 817 πρῶτον
945 731 990 796 ἐπ’
1015 733 1108 798 έκιῖνα
1135 741 1281 817 στοιχεῖα,

61 829 148 912 droit
167 831 261 900 ταότιὶ
281 837 376 898 ταῦτα
397 830 505 920 όρθιός
527 831 684 913 ἐδόξαζον·
707 833 907 928 α’νογαγόντας
928 835 977 916 δὲ,
1003 833 1118 902 τιθέναι
1141 835 1223 922 παραὶ
1242 835 1280 908 τά

59 935 142 1022 μήπω
167 932 401 1022 γιγνωσκόμενα·
427 937 476 1002 καί
506 935 765 1021 παραβάλλοντας,
778 933 962 1008 ,ἐνδεοινόναι
983 937 1039 1023 τήν
1060 936 1153 1025 adesir
1174 937 1277 1022 όμοιό-

58 1065 125 1123 epto
153 1042 201 1105 καί
233 1036 321 1124 priver
352 1039 385 1104 ἐν
415 1036 598 1122 ἀμφοτέραις
624 1037 716 1108 οὖσαν
744 1047 938 1123 συμπλοκαῖς·
968 1039 1115 1126 μέχριπερ
1145 1039 1182 1107 δν
1209 1046 1281 1108 πᾶσι

58 1148 112 1220 τοῖς
133 1140 337 1227 ἀγνοουμένοις
359 1138 397 1206 τοὶ
421 1138 610 1224 δοξαζόμενα
634 1141 761 1230 σῖληθιιῖς
789 1142 1015 1226 παρατιθέμενα
1041 1148 1173 1234 δειχθῇ·
1198 1149 1281 1230 δειχ-

58 1243 143 1310 θέντα
160 1244 209 1323 δέ,
235 1241 460 1330 παραδείγμαθ’
480 1240 574 1322 οὕτως
595 1244 763 1331 γιγνόμενα,
784 1244 896 1336 ποιήσῃ
914 1250 975 1311 τοῖν
995 1248 1147 1331 στοιχείων
1161 1248 1282 1314 ἕκαστον

57 1344 164 1412 πόντων
182 1345 215 1412 έν
239 1344 347 1425 πόσαις
372 1353 438 1424 ταῖς
458 1353 628 1430 συλλαβαΐς,
655 1347 692 1415 τό
717 1349 774 1431 μέν
796 1349 906 1430 ἕτερον,
931 1346 972 1428 eir
989 1353 1050 1441 teir
1070 1346 1167 1414 όλλσιν
1183 1351 1282 1434 έτιρον

57 1447 99 1512 όν·
124 1448 159 1515 τό
186 1450 223 1515 δὲ
241 1447 365 1527 caverit,
393 1446 434 1526 οἷς
458 1448 568 1514 ταυτόν
593 1449 638 1516 olel
661 1449 735 1517 κατιὶ
758 1449 852 1517 coorti
877 1450 975 1539 ἑαυτῷ
995 1450 1282 1537 προσαγορεύεσθαι

58 1559 170 1616 educere
198 1579 245 1616 eoa
268 1563 406 1634 primum
425 1559 465 1615 ad
483 1559 556 1616 ι’ίίαι
574 1560 701 1633 litaret,
722 1566 757 1616 e'rr
779 1561 886 1637 quidue
906 1559 978 1617 ίισιι
998 1561 1098 1619 ιαιίιια
1117 1569 1281 1638 recteopa'-

58 1664 117 1714 noti
137 1659 286 1732 suerent:
320 1641 532 1734 educendosque
554 1672 713 1735 'opponere
744 1658 793 1716 dir
822 1659 924 1716 literae
949 1679 1017 1732 ιαι,
1048 1681 1124 1737 quoe
1150 1662 1281 1720 ποπιίιιπι

56 1763 257 1836 cognoverint,
286 1765 340 1830 ut,
372 1757 590 1832 comparando,
620 1765 654 1814 ιἰι
683 1763 822 1835 utrisque
842 1758 1031 1816 ostendamur
1051 1760 1174 1817 eosdem
1193 1767 1281 1818 rimi-

56 1855 206 1913 litodinem
236 1876 272 1912 αι·
301 1864 467 1927 naturam,
496 1855 585 1912 donec
617 1857 771 1930 omnibus,
803 1877 879 1934 quor
907 1857 1037 1915 ruendum
1061 1866 1305 1938 cognorerunt,⁰

55 1953 135 2026 illae,
165 1974 243 2032 ρααι
263 1961 334 2030 jam
361 1959 497 2030 opinione
527 1963 768 2028 asscenderunt,
790 1963 961 2033 oppositae,
982 1953 1279 2031 oetensoeille'rfne·

56 2061 132 2108 tant:
161 2062 297 2111 ostensor
316 2053 432 2109 scilicet
450 2051 520 2126 λοι,
542 2059 650 2130 quippe
671 2073 747 2132 quoe
778 2055 938 2131 exempl
945 2077 964 2112 ιι
993 2057 1144 2113 eruntod
1160 2062 1280 2136 ignotos

57 2153 282 2232 cognoscendae,
303 2149 453 2230 efficient,
475 2159 511 2208 ut
532 2157 664 2210 omnium
684 2153 849 2211 literarum
870 2174 1112 2231 unamquamque
1130 2163 1164 2212 in
1183 2162 1280 2213 mnni-

57 2249 102 2307 lur
130 2252 272 2328 syllabis,
303 2257 331 2308 ιι·
361 2251 480 2308 δίαιται
508 2260 571 2324 ιιι,
593 2239 740 2329 tanquam
761 2273 781 2309 α
797 2259 927 2311 coeteris
947 2254 1115 2326 diversam,
1136 2260 1164 2311 ri
1179 2254 1281 2311 ιαόινιι

57 2357 112 2422 ιιι,
133 2359 279 2428 tanquam
300 2349 423 2406 eandem
445 2350 557 2428 tibique
582 2360 768 2410 constantem
784 2359 999 2429 pronuncient.
1040 2350 1089 2411 Sic
1108 2352 1191 2432 pueri
1212 2351 1282 2410 lite·

58 2465 96 2504 ras
113 2447 244 2521 discunt,
266 2460 294 2506 ct
312 2448 352 2505 sic
373 2447 485 2506 exsistit
503 2447 687 2530 exemplum,
709 2470 817 2530 quum,
838 2449 919 2529 quod
938 2449 1015 2510 idem
1035 2464 1077 2510 cst
1095 2451 1127 2509 in
1142 2445 1281 2510 alterutr‘o

56 2545 193 2620 sejuncto,
227 2559 305 2604 recta
324 2545 463 2626 opinione
484 2553 675 2629 conceptum,
697 2546 751 2609 hoc
773 2551 887 2630 utrique
907 2549 1171 2624 accommodatum,
1193 2568 1281 2608 unam

60 2643 194 2703 amborum
223 2644 415 2704 communiter
444 2659 549 2704 rectam
577 2647 746 2727 opinionem
767 2649 855 2729 parit.
901 2650 981 2723 Quae
1000 2669 1065 2707 cum
1085 2648 1125 2706 ita
1146 2647 1222 2721 sint,
1244 2644 1281 2706 ad

60 2759 96 2798 res
111 2743 218 2820 ignotas
239 2741 452 2822 cognoscendas
471 2742 612 2825 exemplis
630 2745 759 2821 utimur,
780 2761 809 2805 et
829 2747 900 2828 ipsis
921 2746 1079 2828 exemplis,
1095 2737 1157 2825 ¹quo
1176 2747 1282 2806 rectius

63 2837 271 2920 intelligantur,
302 2840 434 2921 exempla
462 2841 634 2902 adhibemus
662 2863 698 2901 ex
728 2843 890 2905 minorihus
910 2846 1008 2905 'etiam
1036 2835 1219 2919 rebus,'ut,
1240 2846 1281 2906 sie

60 2939 196 3014 patefactis
224 2938 331 3015 rebus,
361 2930 442 3020 ὕπαρ
480 2933 543 3000 ἄντ’
573 2934 741 3023 ὀνείρατος,
782 2962 834 3023 pro
853 2943 972 3005 'somnio
989 2943 1154 3003 ¹veritatem
1179 2963 1282 3004 conse-

57 3053 199 3112 quantur.»
229 3037 259 3119 l)
284 3035 289 3046 ’
774 3047 789 3078 ⁰
1248 3043 1251 3052 ’

90 3135 161 3196 Ηιιο
181 3159 252 3216 sanc
272 3137 429 3219 diligenter
448 3139 623 3216 attendisse,
651 3141 675 3201 si
696 3141 819 3202 interius
837 3141 961 3200 velimus
980 3138 1154 3204 Socraticam
1174 3139 1281 3200 metho-

54 3229 114 3291 dum
141 3237 322 3317 perspicere,
353 3259 413 3298 uon
443 3237 563 3321 pigebit.
606 3239 664 3300 Sed
691 3255 770 3322 patet
795 3242 835 3301 ita
856 3239 959 3314 nohis,
981 3239 1059 3318 quod
1077 3239 1193 3321 proprie
1210 3237 1281 3300 hinc

55 3329 232 3395 efficiendum
270 3336 326 3395 rati
364 3357 480 3414 sumus,
510 3359 575 3398 cum
603 3339 741 3401 methodo
759 3329 822 3399 'illa
851 3338 933 3421 apud
961 3338 1109 3399 Platonem
1137 3339 1282 3418 onolyic'n

54 3432 231 3508 conjunctam
256 3454 335 3509 csse,
363 3433 440 3495 hauc
470 3451 564 3497 autem
595 3437 731 3497 similiter
760 3458 810 3519 per
839 3437 974 3518 exempla
1001 3434 1165 3518 procedere.
1206 3437 1281 3498 Sunt
1318 3508 1324 3519 ‚

53 3548 113 3589 vero
142 3530 228 3591 nohis
255 3531 311 3591 alia
341 3534 426 3592 etiam
456 3549 484 3595 et
507 3556 592 3615 quam
620 3535 746 3617 plurima
766 3557 802 3595 ex
823 3535 925 3596 iisdem
946 3533 1070 3617 hospitis
1087 3537 1120 3594 in
1139 3525 1292 3613 Sophiste

53 3631 242 3705 sermonibus,
279 3630 317 3690 ad
352 3630 512 3693 Socraticae
547 3634 629 3695 illius
664 3633 845 3695 inductionis
874 3635 1014 3694 rationem
1045 3633 1280 3715 percipiendam,

52 3725 315 3789 animadvertenda.
338 3729 376 3791 Et
394 3731 520 3812 primum
540 3733 659 3811 quidem
684 3733 859 3792 hilaritatem
881 3731 1082 3805 attendamus,
1104 3732 1280 3810 quaenulla

52 3823 103 3882 lere
131 3841 172 3886 est
199 3829 233 3886 in
261 3829 452 3888 recentiorum
489 3829 737 3913 disputationibus
764 3831 944 3905 dialecticis,
977 3828 1028 3889 sed
1054 3850 1107 3910 per
1136 3850 1281 3891 sermones

52 3918 128 3982 hosce
157 3925 348 4004 aequabiliter
378 3926 481 3988 diffusa
507 3943 558 3988 cst.
600 3930 670 3988 Nam
691 3929 770 4010 quod
788 3931 819 3989 in
838 3925 991 3990 Socraticis
1009 3927 1139 3988 Platonis
1157 3929 1281 4009 dialogis
1373 3995 1382 4015 ὓ

52 4037 247 4100 saepenumero
275 4027 419 4085 cernimus
430 4072 438 4100 ,
460 4027 492 4086 in
512 4025 597 4087 rebus
619 4049 683 4086 eum
705 4029 786 4087 seriis
802 4029 869 4105 joco
890 4025 1015 4086 subinde
1035 4041 1063 4086 et
1082 4028 1196 4087 facetiis
1215 4028 1258 4086 uti
1269 4073 1279 4102 ,

51 4137 115 4194 quae
142 4122 309 4184 exhilarant
339 4126 416 4184 inter
442 4125 598 4205 legendum
626 4127 773 4202 animum,
805 4147 858 4185 noc
886 4140 982 4184 tamen
1009 4139 1158 4185 accuratae
1183 4146 1279 4183 rerum

52 4213 240 4296 disquisitioni
267 4236 295 4281 et
313 4222 509 4304 'explicationi
537 4223 685 4301 officiunt,
716 4223 748 4284 id
775 4226 808 4284 in
836 4224 937 4304 primis
965 4224 998 4282 in
1029 4223 1085 4283 hac
1104 4237 1162 4284 tota
1179 4222 1216 4282 de
1235 4245 1277 4282 so·

52 4311 137 4390 phista
164 4317 373 4400 disceptatione
393 4320 623 4387 animadvertere
639 4323 717 4385 licet.
759 4322 932 4403 Exemplum
952 4315 1121 4403 piscatoris,
1141 4321 1219 4399 quod
1239 4321 1278 4382 ad

52 4431 298 4454 h———u-—a-

82 4489 105 4554 l)
122 4491 219 4546 raon.
236 4493 294 4548 att.
315 4496 346 4550 Ε.
364 4495 424 4549 278.
440 4498 471 4550 Α.
485 4498 514 4550 B.
532 4497 562 4550 E.
