<?xml version="1.0" encoding="UTF-8"?>
<!DOCTYPE html PUBLIC "-//W3C//DTD XHTML 1.0 Transitional//EN"
    "http://www.w3.org/TR/xhtml1/DTD/xhtml1-transitional.dtd">
<html xmlns="http://www.w3.org/1999/xhtml" xml:lang="en" lang="en">
 <head>
  <title>
</title>
<meta http-equiv="Content-Type" content="text/html;charset=utf-8" />
  <meta name='ocr-system' content='tesseract 3.04.00' />
  <meta name='ocr-capabilities' content='ocr_page ocr_carea ocr_par ocr_line ocrx_word'/>
</head>
<body>
  <div class='ocr_page' id='page_1' title='image "./initiaphilosoph02heusgoog_0205.png"; bbox 0 0 2832 5120; ppageno 0'>
   <div class='ocr_carea' id='block_1_1' title="bbox 642 191 784 280">
    <p class='ocr_par' dir='ltr' id='par_1_1' title="bbox 642 191 784 280">
     <span class='ocr_line' id='line_1_1' title="bbox 642 191 784 280; baseline 0 -1"><span class='ocrx_word' id='word_1_1' title='bbox 642 191 647 206; x_wconf 78' lang='lat'>&#39;</span> <span class='ocrx_word' id='word_1_2' title='bbox 728 221 784 280; x_wconf 81' lang='lat' dir='ltr'><strong>rat</strong></span> 
     </span>
    </p>
   </div>
   <div class='ocr_carea' id='block_1_2' title="bbox 78 379 1404 4307">
    <p class='ocr_par' dir='ltr' id='par_1_2' title="bbox 145 379 1342 661">
     <span class='ocr_line' id='line_1_2' title="bbox 145 379 1341 466; baseline -0.007 -22"><span class='ocrx_word' id='word_1_3' title='bbox 145 387 252 466; x_wconf 80' lang='lat' dir='ltr'>Operae</span> <span class='ocrx_word' id='word_1_4' title='bbox 272 387 394 465; x_wconf 87' lang='lat' dir='ltr'><strong>pretium</strong></span> <span class='ocrx_word' id='word_1_5' title='bbox 414 383 547 459; x_wconf 79' lang='lat' dir='ltr'><strong>videtur‘,</strong></span> <span class='ocrx_word' id='word_1_6' title='bbox 567 385 603 443; x_wconf 91' lang='lat' dir='ltr'><strong>ad</strong></span> <span class='ocrx_word' id='word_1_7' title='bbox 624 397 754 442; x_wconf 90' lang='lat' dir='ltr'><strong>naturam</strong></span> <span class='ocrx_word' id='word_1_8' title='bbox 780 379 1009 461; x_wconf 78' lang='lat' dir='ltr'><strong>investigandam</strong></span> <span class='ocrx_word' id='word_1_9' title='bbox 1023 381 1165 442; x_wconf 78' lang='lat' dir='ltr'>Platonici</span> <span class='ocrx_word' id='word_1_10' title='bbox 1184 379 1299 459; x_wconf 78' lang='lat' dir='ltr'>dialogi,</span> <span class='ocrx_word' id='word_1_11' title='bbox 1314 379 1341 440; x_wconf 86' lang='lat' dir='ltr'><strong>de</strong></span> 
     </span>
     <span class='ocr_line' id='line_1_3' title="bbox 145 475 1342 563; baseline -0.004 -23"><span class='ocrx_word' id='word_1_12' title='bbox 145 483 191 540; x_wconf 92' lang='lat' dir='ltr'><strong>his</strong></span> <span class='ocrx_word' id='word_1_13' title='bbox 210 483 309 563; x_wconf 87' lang='lat' dir='ltr'><strong>paullo</strong></span> <span class='ocrx_word' id='word_1_14' title='bbox 328 483 488 542; x_wconf 83' lang='lat' dir='ltr'><strong>accuratius</strong></span> <span class='ocrx_word' id='word_1_15' title='bbox 506 501 595 561; x_wconf 84' lang='lat' dir='ltr'><strong>agere.</strong></span> <span class='ocrx_word' id='word_1_16' title='bbox 637 480 858 562; x_wconf 81' lang='lat' dir='ltr'><strong>Explieabimus</strong></span> <span class='ocrx_word' id='word_1_17' title='bbox 877 481 917 538; x_wconf 92' lang='lat' dir='ltr'><strong>ita</strong></span> <span class='ocrx_word' id='word_1_18' title='bbox 942 479 1027 538; x_wconf 90' lang='lat' dir='ltr'><strong>simul</strong></span> <span class='ocrx_word' id='word_1_19' title='bbox 1051 477 1102 552; x_wconf 86' lang='lat' dir='ltr'><strong>id,</strong></span> <span class='ocrx_word' id='word_1_20' title='bbox 1124 475 1203 556; x_wconf 90' lang='lat' dir='ltr'><strong>quod</strong></span> <span class='ocrx_word' id='word_1_21' title='bbox 1222 477 1296 538; x_wconf 89' lang='lat' dir='ltr'><strong>modo</strong></span> <span class='ocrx_word' id='word_1_22' title='bbox 1315 477 1342 536; x_wconf 88' lang='lat' dir='ltr'><strong>de</strong></span> 
     </span>
     <span class='ocr_line' id='line_1_4' title="bbox 146 579 873 661; baseline -0.001 -22"><span class='ocrx_word' id='word_1_23' title='bbox 146 580 346 660; x_wconf 79' lang='lat' dir='ltr'><strong>Xenophontis</strong></span> <span class='ocrx_word' id='word_1_24' title='bbox 365 580 513 661; x_wconf 87' lang='lat' dir='ltr'><strong>Symposio</strong></span> <span class='ocrx_word' id='word_1_25' title='bbox 532 580 621 639; x_wconf 92' lang='lat' dir='ltr'><strong>verbo</strong></span> <span class='ocrx_word' id='word_1_26' title='bbox 640 579 873 660; x_wconf 84' lang='lat' dir='ltr'><strong>significavimus.</strong></span> 
     </span>
    </p>

    <p class='ocr_par' dir='ltr' id='par_1_3' title="bbox 78 673 1404 4307">
     <span class='ocr_line' id='line_1_5' title="bbox 186 673 1340 764; baseline -0.006 -28"><span class='ocrx_word' id='word_1_27' title='bbox 186 679 230 736; x_wconf 86' lang='lat' dir='ltr'><strong>Ex</strong></span> <span class='ocrx_word' id='word_1_28' title='bbox 258 699 313 758; x_wconf 90' lang='lat' dir='ltr'><strong>quo</strong></span> <span class='ocrx_word' id='word_1_29' title='bbox 344 679 422 736; x_wconf 84' lang='lat' dir='ltr'><strong>fonte</strong></span> <span class='ocrx_word' id='word_1_30' title='bbox 451 677 532 736; x_wconf 90' lang='lat' dir='ltr'><strong>Plato</strong></span> <span class='ocrx_word' id='word_1_31' title='bbox 558 677 716 764; x_wconf 80' lang='lat' dir='ltr'><strong>plurimum</strong></span> <span class='ocrx_word' id='word_1_32' title='bbox 746 676 857 750; x_wconf 89' lang='lat' dir='ltr'><strong>hausit,</strong></span> <span class='ocrx_word' id='word_1_33' title='bbox 888 695 924 734; x_wconf 78' lang='lat' dir='ltr'><strong>ex</strong></span> <span class='ocrx_word' id='word_1_34' title='bbox 950 674 1049 734; x_wconf 90' lang='lat' dir='ltr'><strong>eodem</strong></span> <span class='ocrx_word' id='word_1_35' title='bbox 1078 675 1181 734; x_wconf 78' lang='lat' dir='ltr'><strong>hausit</strong></span> <span class='ocrx_word' id='word_1_36' title='bbox 1201 673 1340 732; x_wconf 61' lang='lat' dir='ltr'><strong>humanust</strong></span> 
     </span>
     <span class='ocr_line' id='line_1_6' title="bbox 148 771 1345 856; baseline -0.005 -22"><span class='ocrx_word' id='word_1_37' title='bbox 148 778 294 855; x_wconf 91' lang='lat' dir='ltr'><strong>utriusque</strong></span> <span class='ocrx_word' id='word_1_38' title='bbox 320 776 427 856; x_wconf 82' lang='lat' dir='ltr'><strong>dialogi</strong></span> <span class='ocrx_word' id='word_1_39' title='bbox 451 775 549 833; x_wconf 90' lang='lat' dir='ltr'><strong>multis</strong></span> <span class='ocrx_word' id='word_1_40' title='bbox 569 775 640 834; x_wconf 91' lang='lat' dir='ltr'><strong>locis</strong></span> <span class='ocrx_word' id='word_1_41' title='bbox 659 776 831 833; x_wconf 82' lang='lat' dir='ltr'><strong>comicorum</strong></span> <span class='ocrx_word' id='word_1_42' title='bbox 855 775 1001 848; x_wconf 86' lang='lat' dir='ltr'><strong>referunt,</strong></span> <span class='ocrx_word' id='word_1_43' title='bbox 1024 773 1057 833; x_wconf 90' lang='lat' dir='ltr'><strong>in</strong></span> <span class='ocrx_word' id='word_1_44' title='bbox 1077 773 1179 854; x_wconf 92' lang='lat' dir='ltr'><strong>primis</strong></span> <span class='ocrx_word' id='word_1_45' title='bbox 1197 771 1345 852; x_wconf 85' lang='lat' dir='ltr'><strong>Aristopha-</strong></span> 
     </span>
     <span class='ocr_line' id='line_1_7' title="bbox 147 870 1398 952; baseline -0.006 -19"><span class='ocrx_word' id='word_1_46' title='bbox 147 875 208 949; x_wconf 89' lang='lat' dir='ltr'><strong>nis,</strong></span> <span class='ocrx_word' id='word_1_47' title='bbox 237 875 359 934; x_wconf 85' lang='lat' dir='ltr'><strong>fabulas.</strong></span> <span class='ocrx_word' id='word_1_48' title='bbox 401 875 596 932; x_wconf 79' lang='lat' dir='ltr'><strong>Veruntamen</strong></span> <span class='ocrx_word' id='word_1_49' title='bbox 626 873 707 931; x_wconf 88' lang='lat' dir='ltr'><strong>Plato</strong></span> <span class='ocrx_word' id='word_1_50' title='bbox 727 892 792 930; x_wconf 90' lang='lat' dir='ltr'><strong>eum</strong></span> <span class='ocrx_word' id='word_1_51' title='bbox 824 870 971 952; x_wconf 89' lang='lat' dir='ltr'><strong>leporibus</strong></span> <span class='ocrx_word' id='word_1_52' title='bbox 997 870 1161 949; x_wconf 85' lang='lat' dir='ltr'><strong>salibusque</strong></span> <span class='ocrx_word' id='word_1_53' title='bbox 1182 870 1280 930; x_wconf 83' lang='lat' dir='ltr'><strong>Atticis</strong></span> <span class='ocrx_word' id='word_1_54' title='bbox 1300 890 1346 926; x_wconf 87' lang='lat' dir='ltr'><strong>ean</strong></span> <span class='ocrx_word' id='word_1_55' title='bbox 1397 927 1398 942; x_wconf 17' lang='grc' dir='ltr'><em>ρ</em></span> 
     </span>
     <span class='ocr_line' id='line_1_8' title="bbox 147 967 1399 1052; baseline -0.004 -23"><span class='ocrx_word' id='word_1_56' title='bbox 147 970 216 1029; x_wconf 90' lang='lat' dir='ltr'><strong>inde</strong></span> <span class='ocrx_word' id='word_1_57' title='bbox 241 977 418 1050; x_wconf 52' lang='lat' dir='ltr'><strong>wnustatem</strong></span> <span class='ocrx_word' id='word_1_58' title='bbox 448 972 621 1052; x_wconf 83' lang='lat' dir='ltr'><strong>gratiamque</strong></span> <span class='ocrx_word' id='word_1_59' title='bbox 650 970 814 1044; x_wconf 85' lang='lat' dir='ltr'><strong>delibavit,</strong></span> <span class='ocrx_word' id='word_1_60' title='bbox 845 989 918 1048; x_wconf 85' lang='lat' dir='ltr'><strong>quae</strong></span> <span class='ocrx_word' id='word_1_61' title='bbox 945 970 1015 1027; x_wconf 90' lang='lat' dir='ltr'><strong>mire</strong></span> <span class='ocrx_word' id='word_1_62' title='bbox 1043 968 1163 1028; x_wconf 87' lang='lat' dir='ltr'><strong>decebat</strong></span> <span class='ocrx_word' id='word_1_63' title='bbox 1195 967 1345 1028; x_wconf 83' lang='lat' dir='ltr'><strong>Socraticam</strong></span> <span class='ocrx_word' id='word_1_64' title='bbox 1396 1018 1399 1045; x_wconf 47' lang='grc' dir='ltr'><em>ρ</em></span> 
     </span>
     <span class='ocr_line' id='line_1_9' title="bbox 147 1049 1399 1153; baseline -0.005 -25"><span class='ocrx_word' id='word_1_65' title='bbox 147 1070 378 1153; x_wconf 76' lang='lat' dir='ltr'><strong>philosophiam,</strong></span> <span class='ocrx_word' id='word_1_66' title='bbox 409 1071 567 1128; x_wconf 79' lang='lat' dir='ltr'><strong>Lucienum</strong></span> <span class='ocrx_word' id='word_1_67' title='bbox 591 1089 658 1130; x_wconf 89' lang='lat' dir='ltr'><strong>vero</strong></span> <span class='ocrx_word' id='word_1_68' title='bbox 678 1068 758 1128; x_wconf 86' lang='lat' dir='ltr'><strong>dicas</strong></span> <span class='ocrx_word' id='word_1_69' title='bbox 784 1069 874 1149; x_wconf 91' lang='lat' dir='ltr'><strong>ipsius</strong></span> <span class='ocrx_word' id='word_1_70' title='bbox 898 1066 1097 1148; x_wconf 75' lang='lat' dir='ltr'><strong>Aristophanis</strong></span> <span class='ocrx_word' id='word_1_71' title='bbox 1124 1066 1255 1125; x_wconf 87' lang='lat' dir='ltr'><strong>habitum</strong></span> <span class='ocrx_word' id='word_1_72' title='bbox 1273 1087 1347 1145; x_wconf 91' lang='lat' dir='ltr'><strong>perso·</strong></span> <span class='ocrx_word' id='word_1_73' title='bbox 1397 1049 1399 1064; x_wconf 65' lang='grc'><em>’</em></span> 
     </span>
     <span class='ocr_line' id='line_1_10' title="bbox 148 1158 1348 1250; baseline -0.004 -25"><span class='ocrx_word' id='word_1_74' title='bbox 148 1189 270 1247; x_wconf 88' lang='lat' dir='ltr'><strong>namque</strong></span> <span class='ocrx_word' id='word_1_75' title='bbox 297 1168 434 1228; x_wconf 89' lang='lat' dir='ltr'><strong>induisse.</strong></span> <span class='ocrx_word' id='word_1_76' title='bbox 485 1169 616 1228; x_wconf 87' lang='lat' dir='ltr'><strong>Comicus</strong></span> <span class='ocrx_word' id='word_1_77' title='bbox 644 1166 692 1225; x_wconf 89' lang='lat' dir='ltr'><strong>hie</strong></span> <span class='ocrx_word' id='word_1_78' title='bbox 721 1188 778 1226; x_wconf 90' lang='lat' dir='ltr'><strong>esse</strong></span> <span class='ocrx_word' id='word_1_79' title='bbox 804 1158 889 1225; x_wconf 92' lang='lat' dir='ltr'><strong>simul</strong></span> <span class='ocrx_word' id='word_1_80' title='bbox 920 1179 947 1224; x_wconf 88' lang='lat' dir='ltr'><strong>et</strong></span> <span class='ocrx_word' id='word_1_81' title='bbox 974 1164 1165 1245; x_wconf 89' lang='lat' dir='ltr'><strong>philosophus</strong></span> <span class='ocrx_word' id='word_1_82' title='bbox 1190 1163 1305 1250; x_wconf 84' lang='lat' dir='ltr'><strong>voluit,</strong></span> <span class='ocrx_word' id='word_1_83' title='bbox 1329 1177 1348 1221; x_wconf 90' lang='lat' dir='ltr'><strong>et</strong></span> 
     </span>
     <span class='ocr_line' id='line_1_11' title="bbox 148 1244 1400 1347; baseline -0.003 -23"><span class='ocrx_word' id='word_1_84' title='bbox 148 1263 269 1324; x_wconf 76' lang='lat' dir='ltr'><strong>Stoicam</strong></span> <span class='ocrx_word' id='word_1_85' title='bbox 289 1289 429 1347; x_wconf 91' lang='lat' dir='ltr'><strong>usurpans</strong></span> <span class='ocrx_word' id='word_1_86' title='bbox 454 1268 485 1326; x_wconf 92' lang='lat' dir='ltr'><strong>in</strong></span> <span class='ocrx_word' id='word_1_87' title='bbox 505 1287 549 1325; x_wconf 87' lang='lat' dir='ltr'><strong>res</strong></span> <span class='ocrx_word' id='word_1_88' title='bbox 568 1267 706 1324; x_wconf 87' lang='lat' dir='ltr'><strong>humanas</strong></span> <span class='ocrx_word' id='word_1_89' title='bbox 729 1262 967 1345; x_wconf 86' lang='lat' dir='ltr'><strong>despicientiam,</strong></span> <span class='ocrx_word' id='word_1_90' title='bbox 989 1263 1091 1322; x_wconf 83' lang='lat' dir='ltr'><strong>festive</strong></span> <span class='ocrx_word' id='word_1_91' title='bbox 1121 1244 1187 1321; x_wconf 85' lang='lat' dir='ltr'><strong>illas</strong></span> <span class='ocrx_word' id='word_1_92' title='bbox 1217 1273 1247 1322; x_wconf 90' lang='lat' dir='ltr'><strong>et&#39;</strong></span> <span class='ocrx_word' id='word_1_93' title='bbox 1261 1263 1347 1322; x_wconf 87' lang='lat' dir='ltr'><strong>Aristo·</strong></span> <span class='ocrx_word' id='word_1_94' title='bbox 1396 1287 1400 1338; x_wconf 64' lang='grc' dir='ltr'><strong>χ</strong></span> 
     </span>
     <span class='ocr_line' id='line_1_12' title="bbox 149 1361 1400 1467; baseline -0.003 -45"><span class='ocrx_word' id='word_1_95' title='bbox 149 1363 262 1444; x_wconf 81' lang='lat' dir='ltr'><strong>phanea</strong></span> <span class='ocrx_word' id='word_1_96' title='bbox 282 1384 357 1424; x_wconf 91' lang='lat' dir='ltr'><strong>more</strong></span> <span class='ocrx_word' id='word_1_97' title='bbox 376 1365 540 1444; x_wconf 79' lang='lat' dir='ltr'><strong>exagitavit.</strong></span> <span class='ocrx_word' id='word_1_98' title='bbox 570 1364 655 1438; x_wconf 88' lang='lat' dir='ltr'><strong>Quod</strong></span> <span class='ocrx_word' id='word_1_99' title='bbox 675 1364 736 1443; x_wconf 90' lang='lat' dir='ltr'><strong>ipse</strong></span> <span class='ocrx_word' id='word_1_100' title='bbox 756 1364 787 1421; x_wconf 91' lang='lat' dir='ltr'><strong>in</strong></span> <span class='ocrx_word' id='word_1_101' title='bbox 807 1361 972 1421; x_wconf 86' lang='lat' dir='ltr'><strong>Prometheo</strong></span> <span class='ocrx_word' id='word_1_102' title='bbox 997 1362 1122 1441; x_wconf 88' lang='lat' dir='ltr'><strong>ingenue</strong></span> <span class='ocrx_word' id='word_1_103' title='bbox 1139 1362 1287 1448; x_wconf 70' lang='lat' dir='ltr'><strong>confessus</strong></span> <span class='ocrx_word' id='word_1_104' title='bbox 1305 1373 1351 1432; x_wconf 88' lang='lat' dir='ltr'><strong>est,</strong></span> <span class='ocrx_word' id='word_1_105' title='bbox 1393 1393 1400 1467; x_wconf 65' lang='grc' dir='ltr'><em>ρ</em></span> 
     </span>
     <span class='ocr_line' id='line_1_13' title="bbox 150 1460 1400 1543; baseline -0.002 -24"><span class='ocrx_word' id='word_1_106' title='bbox 150 1482 206 1540; x_wconf 90' lang='lat' dir='ltr'><strong>quo</strong></span> <span class='ocrx_word' id='word_1_107' title='bbox 225 1462 287 1520; x_wconf 91' lang='lat' dir='ltr'><strong>loco</strong></span> <span class='ocrx_word' id='word_1_108' title='bbox 305 1462 411 1543; x_wconf 81' lang='lat' dir='ltr'><strong>dialogi</strong></span> <span class='ocrx_word' id='word_1_109' title='bbox 432 1477 460 1522; x_wconf 90' lang='lat' dir='ltr'><strong>et</strong></span> <span class='ocrx_word' id='word_1_110' title='bbox 480 1462 641 1522; x_wconf 89' lang='lat' dir='ltr'><strong>comoediae</strong></span> <span class='ocrx_word' id='word_1_111' title='bbox 660 1460 814 1520; x_wconf 88' lang='lat' dir='ltr'><strong>discrimen</strong></span> <span class='ocrx_word' id='word_1_112' title='bbox 833 1460 954 1520; x_wconf 87' lang='lat' dir='ltr'><strong>notavit.</strong></span> <span class='ocrx_word' id='word_1_113' title='bbox 1000 1460 1123 1537; x_wconf 81' lang='lat' dir='ltr'><strong>«Neque</strong></span> <span class='ocrx_word' id='word_1_114' title='bbox 1141 1460 1219 1517; x_wconf 91' lang='lat' dir='ltr'><strong>enim</strong></span> <span class='ocrx_word' id='word_1_115' title='bbox 1237 1460 1352 1530; x_wconf 88' lang='lat' dir='ltr'><strong>omniuo,</strong></span> <span class='ocrx_word' id='word_1_116' title='bbox 1394 1472 1400 1516; x_wconf 73' lang='grc'><strong>“,</strong></span> 
     </span>
     <span class='ocr_line' id='line_1_14' title="bbox 78 1547 1353 1638; baseline -0.004 -20"><span class='ocrx_word' id='word_1_117' title='bbox 78 1581 82 1590; x_wconf 92' lang='grc'><em>·</em></span> <span class='ocrx_word' id='word_1_118' title='bbox 150 1560 208 1632; x_wconf 88' lang='lat' dir='ltr'><strong>ait,</strong></span> <span class='ocrx_word' id='word_1_119' title='bbox 230 1574 363 1619; x_wconf 88' lang='lat' dir='ltr'><strong>consueta</strong></span> <span class='ocrx_word' id='word_1_120' title='bbox 391 1562 467 1619; x_wconf 91' lang='lat' dir='ltr'><strong>inter</strong></span> <span class='ocrx_word' id='word_1_121' title='bbox 485 1581 513 1618; x_wconf 90' lang='lat' dir='ltr'><strong>se</strong></span> <span class='ocrx_word' id='word_1_122' title='bbox 533 1574 616 1638; x_wconf 90' lang='lat' dir='ltr'><strong>atque</strong></span> <span class='ocrx_word' id='word_1_123' title='bbox 635 1556 735 1628; x_wconf 87' lang='lat' dir='ltr'><strong>affinia</strong></span> <span class='ocrx_word' id='word_1_124' title='bbox 755 1557 791 1618; x_wconf 91' lang='lat' dir='ltr'><strong>ab</strong></span> <span class='ocrx_word' id='word_1_125' title='bbox 812 1558 896 1616; x_wconf 88' lang='lat' dir='ltr'><strong>initio</strong></span> <span class='ocrx_word' id='word_1_126' title='bbox 916 1559 1055 1637; x_wconf 82' lang='lat' dir='ltr'><strong>dialogus</strong></span> <span class='ocrx_word' id='word_1_127' title='bbox 1083 1571 1112 1615; x_wconf 91' lang='lat' dir='ltr'><strong>et</strong></span> <span class='ocrx_word' id='word_1_128' title='bbox 1139 1547 1285 1619; x_wconf 82' lang='lat' dir='ltr'><strong>comoedia</strong></span> <span class='ocrx_word' id='word_1_129' title='bbox 1302 1558 1353 1615; x_wconf 87' lang='lat' dir='ltr'><strong>fue·</strong></span> 
     </span>
     <span class='ocr_line' id='line_1_15' title="bbox 150 1655 1401 1737; baseline -0.003 -21"><span class='ocrx_word' id='word_1_130' title='bbox 150 1671 237 1733; x_wconf 70' lang='lat' dir='ltr'><strong>runt,</strong></span> <span class='ocrx_word' id='word_1_131' title='bbox 260 1656 400 1736; x_wconf 89' lang='lat' dir='ltr'><strong>siquidem</strong></span> <span class='ocrx_word' id='word_1_132' title='bbox 421 1658 472 1716; x_wconf 89' lang='lat' dir='ltr'><strong>ille</strong></span> <span class='ocrx_word' id='word_1_133' title='bbox 491 1658 568 1716; x_wconf 89' lang='lat' dir='ltr'><strong>domi</strong></span> <span class='ocrx_word' id='word_1_134' title='bbox 588 1671 615 1716; x_wconf 89' lang='lat' dir='ltr'><strong>et</strong></span> <span class='ocrx_word' id='word_1_135' title='bbox 635 1677 776 1726; x_wconf 88' lang='lat' dir='ltr'><strong>seorsum,</strong></span> <span class='ocrx_word' id='word_1_136' title='bbox 798 1655 954 1729; x_wconf 86' lang='lat' dir='ltr'><strong>mehercle,</strong></span> <span class='ocrx_word' id='word_1_137' title='bbox 976 1657 1008 1714; x_wconf 91' lang='lat' dir='ltr'><strong>in</strong></span> <span class='ocrx_word' id='word_1_138' title='bbox 1027 1655 1201 1731; x_wconf 74' lang='lat' dir='ltr'><strong>ambulacris</strong></span> <span class='ocrx_word' id='word_1_139' title='bbox 1220 1678 1284 1716; x_wconf 88' lang='lat' dir='ltr'><strong>cum</strong></span> <span class='ocrx_word' id='word_1_140' title='bbox 1301 1676 1355 1737; x_wconf 91' lang='lat' dir='ltr'><strong>pau·</strong></span> <span class='ocrx_word' id='word_1_141' title='bbox 1400 1701 1401 1708; x_wconf 37' lang='grc' dir='ltr'><em>ι</em></span> 
     </span>
     <span class='ocr_line' id='line_1_16' title="bbox 151 1752 1356 1837; baseline -0.002 -25"><span class='ocrx_word' id='word_1_142' title='bbox 151 1755 192 1813; x_wconf 91' lang='lat' dir='ltr'><strong>cis</strong></span> <span class='ocrx_word' id='word_1_143' title='bbox 212 1753 383 1833; x_wconf 90' lang='lat' dir='ltr'><strong>quibusdam</strong></span> <span class='ocrx_word' id='word_1_144' title='bbox 402 1755 609 1835; x_wconf 87' lang='lat' dir='ltr'><strong>disputationes</strong></span> <span class='ocrx_word' id='word_1_145' title='bbox 636 1777 700 1814; x_wconf 91' lang='lat' dir='ltr'><strong>suas</strong></span> <span class='ocrx_word' id='word_1_146' title='bbox 726 1753 867 1837; x_wconf 80' lang='lat' dir='ltr'><strong>habebat:</strong></span> <span class='ocrx_word' id='word_1_147' title='bbox 900 1752 968 1812; x_wconf 87' lang='lat' dir='ltr'><strong>haec</strong></span> <span class='ocrx_word' id='word_1_148' title='bbox 990 1775 1058 1812; x_wconf 86' lang='lat' dir='ltr'><strong>vero</strong></span> <span class='ocrx_word' id='word_1_149' title='bbox 1087 1775 1115 1821; x_wconf 83' lang='lat' dir='ltr'><strong>se</strong></span> <span class='ocrx_word' id='word_1_150' title='bbox 1144 1755 1256 1815; x_wconf 90' lang='lat' dir='ltr'><strong>Baccho</strong></span> <span class='ocrx_word' id='word_1_151' title='bbox 1283 1768 1356 1814; x_wconf 88' lang='lat' dir='ltr'><strong>totan</strong></span> 
     </span>
     <span class='ocr_line' id='line_1_17' title="bbox 152 1850 1356 1930; baseline -0.001 -20"><span class='ocrx_word' id='word_1_152' title='bbox 152 1852 287 1925; x_wconf 88' lang='lat' dir='ltr'><strong>tradens,</strong></span> <span class='ocrx_word' id='word_1_153' title='bbox 308 1853 340 1909; x_wconf 94' lang='lat' dir='ltr'><strong>in</strong></span> <span class='ocrx_word' id='word_1_154' title='bbox 367 1851 484 1910; x_wconf 88' lang='lat' dir='ltr'><strong>theatris</strong></span> <span class='ocrx_word' id='word_1_155' title='bbox 513 1853 695 1927; x_wconf 86' lang='lat' dir='ltr'><strong>versabatur,</strong></span> <span class='ocrx_word' id='word_1_156' title='bbox 717 1851 858 1930; x_wconf 88' lang='lat' dir='ltr'><strong>simulque</strong></span> <span class='ocrx_word' id='word_1_157' title='bbox 885 1850 1023 1924; x_wconf 88' lang='lat' dir='ltr'><strong>ludebat,</strong></span> <span class='ocrx_word' id='word_1_158' title='bbox 1048 1865 1076 1910; x_wconf 90' lang='lat' dir='ltr'><strong>et</strong></span> <span class='ocrx_word' id='word_1_159' title='bbox 1103 1854 1193 1912; x_wconf 88' lang='lat' dir='ltr'><strong>risum</strong></span> <span class='ocrx_word' id='word_1_160' title='bbox 1221 1853 1356 1922; x_wconf 88' lang='lat' dir='ltr'><strong>movebat,</strong></span> 
     </span>
     <span class='ocr_line' id='line_1_18' title="bbox 152 1931 1398 2028; baseline 0.002 -22"><span class='ocrx_word' id='word_1_161' title='bbox 152 1948 349 2028; x_wconf 87' lang='lat' dir='ltr'><strong>gaudebatque</strong></span> <span class='ocrx_word' id='word_1_162' title='bbox 366 1949 474 2008; x_wconf 87' lang='lat' dir='ltr'><strong>salibus</strong></span> <span class='ocrx_word' id='word_1_163' title='bbox 494 1963 521 2008; x_wconf 90' lang='lat' dir='ltr'><strong>et</strong></span> <span class='ocrx_word' id='word_1_164' title='bbox 541 1950 706 2024; x_wconf 87' lang='lat' dir='ltr'><strong>dicacitate,</strong></span> <span class='ocrx_word' id='word_1_165' title='bbox 728 1948 812 2008; x_wconf 88' lang='lat' dir='ltr'><strong>etad</strong></span> <span class='ocrx_word' id='word_1_166' title='bbox 834 1969 967 2008; x_wconf 88' lang='lat' dir='ltr'><strong>numeros</strong></span> <span class='ocrx_word' id='word_1_167' title='bbox 985 1949 1074 2010; x_wconf 89' lang='lat' dir='ltr'><strong>tibiae</strong></span> <span class='ocrx_word' id='word_1_168' title='bbox 1094 1951 1261 2011; x_wconf 89' lang='lat' dir='ltr'><strong>incedebat:</strong></span> <span class='ocrx_word' id='word_1_169' title='bbox 1283 1950 1356 2008; x_wconf 89' lang='lat' dir='ltr'><strong>inter·</strong></span> <span class='ocrx_word' id='word_1_170' title='bbox 1397 1931 1398 1950; x_wconf 33' lang='lat' dir='ltr'><strong>l</strong></span> 
     </span>
     <span class='ocr_line' id='line_1_19' title="bbox 153 2047 1355 2130; baseline -0.001 -23"><span class='ocrx_word' id='word_1_171' title='bbox 153 2048 222 2111; x_wconf 92' lang='lat' dir='ltr'><strong>dum</strong></span> <span class='ocrx_word' id='word_1_172' title='bbox 241 2049 325 2106; x_wconf 88' lang='lat' dir='ltr'><strong>etiam</strong></span> <span class='ocrx_word' id='word_1_173' title='bbox 344 2048 531 2129; x_wconf 87' lang='lat' dir='ltr'><strong>anapaesticis</strong></span> <span class='ocrx_word' id='word_1_174' title='bbox 551 2047 681 2108; x_wconf 89' lang='lat' dir='ltr'><strong>versibus</strong></span> <span class='ocrx_word' id='word_1_175' title='bbox 698 2068 812 2128; x_wconf 92' lang='lat' dir='ltr'><strong>prorsus</strong></span> <span class='ocrx_word' id='word_1_176' title='bbox 832 2061 911 2108; x_wconf 88' lang='lat' dir='ltr'><strong>vecta</strong></span> <span class='ocrx_word' id='word_1_177' title='bbox 922 2093 931 2120; x_wconf 93' lang='lat'><strong>,</strong></span> <span class='ocrx_word' id='word_1_178' title='bbox 950 2047 1058 2126; x_wconf 87' lang='lat' dir='ltr'><strong>dialogi</strong></span> <span class='ocrx_word' id='word_1_179' title='bbox 1079 2061 1229 2108; x_wconf 86' lang='lat' dir='ltr'><strong>sectatores</strong></span> <span class='ocrx_word' id='word_1_180' title='bbox 1249 2063 1281 2108; x_wconf 89' lang='lat' dir='ltr'><strong>ut</strong></span> <span class='ocrx_word' id='word_1_181' title='bbox 1307 2049 1355 2130; x_wconf 92' lang='lat' dir='ltr'><strong>plu·</strong></span> 
     </span>
     <span class='ocr_line' id='line_1_20' title="bbox 154 2140 1358 2226; baseline -0.004 -17"><span class='ocrx_word' id='word_1_182' title='bbox 154 2154 258 2210; x_wconf 83' lang='lat' dir='ltr'><strong>nimum</strong></span> <span class='ocrx_word' id='word_1_183' title='bbox 282 2147 495 2219; x_wconf 83' lang='lat' dir='ltr'><strong>subsannabat,</strong></span> <span class='ocrx_word' id='word_1_184' title='bbox 516 2141 691 2226; x_wconf 70' lang='grc' dir='ltr'><strong><em>φροντισταῖς</em></strong></span> <span class='ocrx_word' id='word_1_185' title='bbox 711 2146 759 2207; x_wconf 76' lang='grc' dir='ltr'><strong>καὶ</strong></span> <span class='ocrx_word' id='word_1_186' title='bbox 776 2140 1016 2226; x_wconf 73' lang='grc' dir='ltr'><em>μετεωρολέσχας</em></span> <span class='ocrx_word' id='word_1_187' title='bbox 1038 2160 1065 2204; x_wconf 91' lang='lat' dir='ltr'><strong>et</strong></span> <span class='ocrx_word' id='word_1_188' title='bbox 1085 2146 1116 2206; x_wconf 85' lang='lat' dir='ltr'><strong>id</strong></span> <span class='ocrx_word' id='word_1_189' title='bbox 1134 2167 1224 2226; x_wconf 89' lang='lat' dir='ltr'><strong>genus</strong></span> <span class='ocrx_word' id='word_1_190' title='bbox 1243 2148 1300 2205; x_wconf 90' lang='lat' dir='ltr'><strong>alia</strong></span> <span class='ocrx_word' id='word_1_191' title='bbox 1318 2168 1358 2206; x_wconf 88' lang='lat' dir='ltr'><strong>vo-</strong></span> 
     </span>
     <span class='ocr_line' id='line_1_21' title="bbox 155 2246 1403 2333; baseline -0.005 -25"><span class='ocrx_word' id='word_1_192' title='bbox 155 2249 289 2308; x_wconf 89' lang='lat' dir='ltr'><strong>citando:</strong></span> <span class='ocrx_word' id='word_1_193' title='bbox 320 2249 401 2326; x_wconf 92' lang='lat' dir='ltr'><strong>eique</strong></span> <span class='ocrx_word' id='word_1_194' title='bbox 430 2246 462 2305; x_wconf 90' lang='lat' dir='ltr'><strong>id</strong></span> <span class='ocrx_word' id='word_1_195' title='bbox 485 2248 565 2306; x_wconf 91' lang='lat' dir='ltr'><strong>cordi</strong></span> <span class='ocrx_word' id='word_1_196' title='bbox 594 2263 671 2324; x_wconf 89' lang='lat' dir='ltr'><strong>erat,</strong></span> <span class='ocrx_word' id='word_1_197' title='bbox 702 2263 733 2307; x_wconf 91' lang='lat' dir='ltr'><strong>ut</strong></span> <span class='ocrx_word' id='word_1_198' title='bbox 762 2267 809 2306; x_wconf 89' lang='lat' dir='ltr'><strong>eos</strong></span> <span class='ocrx_word' id='word_1_199' title='bbox 838 2247 987 2333; x_wconf 85' lang='lat' dir='ltr'><strong>sugillaret</strong></span> <span class='ocrx_word' id='word_1_200' title='bbox 1012 2260 1040 2305; x_wconf 89' lang='lat' dir='ltr'><strong>et</strong></span> <span class='ocrx_word' id='word_1_201' title='bbox 1062 2246 1265 2325; x_wconf 84' lang='lat' dir='ltr'><strong>Dionysiacam</strong></span> <span class='ocrx_word' id='word_1_202' title='bbox 1290 2247 1357 2304; x_wconf 85' lang='lat' dir='ltr'><strong>istam</strong></span> <span class='ocrx_word' id='word_1_203' title='bbox 1402 2313 1403 2317; x_wconf 8' lang='grc' dir='ltr'><em>ς</em></span> 
     </span>
     <span class='ocr_line' id='line_1_22' title="bbox 157 2325 1360 2427; baseline -0.001 -23"><span class='ocrx_word' id='word_1_204' title='bbox 157 2348 318 2405; x_wconf 85' lang='lat' dir='ltr'><strong>libertatem</strong></span> <span class='ocrx_word' id='word_1_205' title='bbox 343 2349 374 2405; x_wconf 90' lang='lat' dir='ltr'><strong>in</strong></span> <span class='ocrx_word' id='word_1_206' title='bbox 397 2367 444 2404; x_wconf 91' lang='lat' dir='ltr'><strong>eos</strong></span> <span class='ocrx_word' id='word_1_207' title='bbox 469 2325 644 2420; x_wconf 72' lang='lat' dir='ltr'><strong>effunderet,</strong></span> <span class='ocrx_word' id='word_1_208' title='bbox 670 2370 749 2406; x_wconf 91' lang='lat' dir='ltr'><strong>nunc</strong></span> <span class='ocrx_word' id='word_1_209' title='bbox 772 2339 1002 2427; x_wconf 68' lang='grc' dir='ltr'><em>ἀεροβατοῦντας</em></span> <span class='ocrx_word' id='word_1_210' title='bbox 1019 2333 1220 2423; x_wconf 76' lang='grc' dir='ltr'><em>καίνεφὲλαις</em></span> <span class='ocrx_word' id='word_1_211' title='bbox 1237 2337 1360 2415; x_wconf 77' lang='grc' dir='ltr'><em>ξυνόντας</em></span> 
     </span>
     <span class='ocr_line' id='line_1_23' title="bbox 157 2440 1401 2526; baseline -0.003 -22"><span class='ocrx_word' id='word_1_212' title='bbox 157 2446 224 2504; x_wconf 93' lang='lat' dir='ltr'><strong>illos</strong></span> <span class='ocrx_word' id='word_1_213' title='bbox 243 2446 403 2519; x_wconf 83' lang='lat' dir='ltr'><strong>exhibens,</strong></span> <span class='ocrx_word' id='word_1_214' title='bbox 424 2468 503 2504; x_wconf 81' lang='lat' dir='ltr'><strong>nrrne</strong></span> <span class='ocrx_word' id='word_1_215' title='bbox 522 2444 643 2519; x_wconf 78' lang='grc' dir='ltr'><em>ψυλλῶν</em></span> <span class='ocrx_word' id='word_1_216' title='bbox 662 2440 826 2524; x_wconf 74' lang='grc' dir='ltr'><em>πηδήματα</em></span> <span class='ocrx_word' id='word_1_217' title='bbox 845 2446 1087 2526; x_wconf 69' lang='grc' dir='ltr'><em>διαμετροῦντας,</em></span> <span class='ocrx_word' id='word_1_218' title='bbox 1110 2461 1142 2505; x_wconf 94' lang='lat' dir='ltr'><strong>ut</strong></span> <span class='ocrx_word' id='word_1_219' title='bbox 1161 2447 1212 2524; x_wconf 93' lang='lat' dir='ltr'><strong>qui</strong></span> <span class='ocrx_word' id='word_1_220' title='bbox 1231 2445 1267 2504; x_wconf 88' lang='lat' dir='ltr'><strong>de</strong></span> <span class='ocrx_word' id='word_1_221' title='bbox 1287 2444 1360 2504; x_wconf 79' lang='lat' dir='ltr'><strong>aereis</strong></span> <span class='ocrx_word' id='word_1_222' title='bbox 1400 2449 1401 2523; x_wconf 63' lang='lat' dir='ltr'><strong>l</strong></span> 
     </span>
     <span class='ocr_line' id='line_1_24' title="bbox 157 2544 1360 2628; baseline -0.002 -26"><span class='ocrx_word' id='word_1_223' title='bbox 157 2558 185 2602; x_wconf 86' lang='lat' dir='ltr'><strong>et</strong></span> <span class='ocrx_word' id='word_1_224' title='bbox 205 2544 376 2602; x_wconf 89' lang='lat' dir='ltr'><strong>sublimibus</strong></span> <span class='ocrx_word' id='word_1_225' title='bbox 396 2546 456 2604; x_wconf 90' lang='lat' dir='ltr'><strong>istis</strong></span> <span class='ocrx_word' id='word_1_226' title='bbox 474 2546 562 2605; x_wconf 89' lang='lat' dir='ltr'><strong>rebus</strong></span> <span class='ocrx_word' id='word_1_227' title='bbox 579 2547 665 2604; x_wconf 89' lang='lat' dir='ltr'><strong>nimis</strong></span> <span class='ocrx_word' id='word_1_228' title='bbox 680 2548 794 2607; x_wconf 84' lang='lat' dir='ltr'><strong>exiliter</strong></span> <span class='ocrx_word' id='word_1_229' title='bbox 812 2563 1021 2628; x_wconf 87' lang='lat' dir='ltr'><strong>argutarentur.</strong></span> <span class='ocrx_word' id='word_1_230' title='bbox 1052 2547 1203 2627; x_wconf 80' lang='lat' dir='ltr'><strong>Dialogus</strong></span> <span class='ocrx_word' id='word_1_231' title='bbox 1230 2566 1297 2604; x_wconf 88' lang='lat' dir='ltr'><strong>vero</strong></span> <span class='ocrx_word' id='word_1_232' title='bbox 1313 2563 1360 2623; x_wconf 86' lang='lat' dir='ltr'><strong>gra·</strong></span> 
     </span>
     <span class='ocr_line' id='line_1_25' title="bbox 159 2642 1362 2726; baseline -0.003 -24"><span class='ocrx_word' id='word_1_233' title='bbox 159 2644 288 2702; x_wconf 88' lang='lat' dir='ltr'><strong>vissimas</strong></span> <span class='ocrx_word' id='word_1_234' title='bbox 313 2643 520 2723; x_wconf 87' lang='lat' dir='ltr'><strong>disputationes</strong></span> <span class='ocrx_word' id='word_1_235' title='bbox 545 2643 686 2718; x_wconf 87' lang='lat' dir='ltr'><strong>habebat,</strong></span> <span class='ocrx_word' id='word_1_236' title='bbox 713 2643 748 2702; x_wconf 92' lang='lat' dir='ltr'><strong>de</strong></span> <span class='ocrx_word' id='word_1_237' title='bbox 776 2659 876 2704; x_wconf 88' lang='lat' dir='ltr'><strong>natura</strong></span> <span class='ocrx_word' id='word_1_238' title='bbox 898 2667 993 2705; x_wconf 89' lang='lat' dir='ltr'><strong>rerum</strong></span> <span class='ocrx_word' id='word_1_239' title='bbox 1010 2647 1101 2726; x_wconf 90' lang='lat' dir='ltr'><strong>deque</strong></span> <span class='ocrx_word' id='word_1_240' title='bbox 1120 2647 1228 2705; x_wconf 89' lang='lat' dir='ltr'><strong>virtute</strong></span> <span class='ocrx_word' id='word_1_241' title='bbox 1247 2642 1362 2725; x_wconf 92' lang='lat' dir='ltr'><strong>philoso-</strong></span> 
     </span>
     <span class='ocr_line' id='line_1_26' title="bbox 157 2732 1404 2822; baseline -0.003 -22"><span class='ocrx_word' id='word_1_242' title='bbox 157 2732 251 2822; x_wconf 75' lang='lat' dir='ltr'><strong>phalas</strong></span> <span class='ocrx_word' id='word_1_243' title='bbox 261 2788 269 2816; x_wconf 97' lang='lat'><strong>,</strong></span> <span class='ocrx_word' id='word_1_244' title='bbox 290 2744 330 2800; x_wconf 88' lang='lat' dir='ltr'><strong>ita</strong></span> <span class='ocrx_word' id='word_1_245' title='bbox 348 2756 380 2800; x_wconf 90' lang='lat' dir='ltr'><strong>ut</strong></span> <span class='ocrx_word' id='word_1_246' title='bbox 398 2743 568 2802; x_wconf 86' lang='lat' dir='ltr'><strong>musicorum</strong></span> <span class='ocrx_word' id='word_1_247' title='bbox 583 2742 660 2801; x_wconf 92' lang='lat' dir='ltr'><strong>illud</strong></span> <span class='ocrx_word' id='word_1_248' title='bbox 666 2743 740 2816; x_wconf 85' lang='lat' dir='ltr'><strong>„his</strong></span> <span class='ocrx_word' id='word_1_249' title='bbox 757 2763 808 2822; x_wconf 89' lang='lat' dir='ltr'><strong>per</strong></span> <span class='ocrx_word' id='word_1_250' title='bbox 827 2765 923 2803; x_wconf 88' lang='lat' dir='ltr'><strong>omnes</strong></span> <span class='ocrx_word' id='word_1_251' title='bbox 942 2743 1078 2819; x_wconf 84' lang='lat' dir='ltr'><strong>chordas,</strong></span> <span class='ocrx_word' id='word_1_252' title='bbox 1099 2743 1136 2803; x_wconf 90' lang='lat' dir='ltr'><strong>ab</strong></span> <span class='ocrx_word' id='word_1_253' title='bbox 1156 2743 1317 2802; x_wconf 88' lang='lat' dir='ltr'><strong>acutissimo</strong></span> <span class='ocrx_word' id='word_1_254' title='bbox 1334 2736 1362 2796; x_wconf 84' lang='lat' dir='ltr'><strong>atl</strong></span> <span class='ocrx_word' id='word_1_255' title='bbox 1403 2773 1404 2786; x_wconf 49' lang='grc' dir='ltr'><em>ι</em></span> 
     </span>
     <span class='ocr_line' id='line_1_27' title="bbox 159 2823 1363 2922; baseline 0 -26"><span class='ocrx_word' id='word_1_256' title='bbox 159 2839 355 2919; x_wconf 84' lang='lat' dir='ltr'><strong>gravissimum</strong></span> <span class='ocrx_word' id='word_1_257' title='bbox 383 2861 468 2918; x_wconf 90' lang='lat' dir='ltr'><strong>usque</strong></span> <span class='ocrx_word' id='word_1_258' title='bbox 480 2885 488 2913; x_wconf 94' lang='lat'><strong>,</strong></span> <span class='ocrx_word' id='word_1_259' title='bbox 512 2823 588 2899; x_wconf 88' lang='lat' dir='ltr'><strong>inter</strong></span> <span class='ocrx_word' id='word_1_260' title='bbox 613 2862 659 2900; x_wconf 91' lang='lat' dir='ltr'><strong>eos</strong></span> <span class='ocrx_word' id='word_1_261' title='bbox 683 2854 763 2922; x_wconf 87' lang='lat' dir='ltr'><strong>esset.</strong></span> <span class='ocrx_word' id='word_1_262' title='bbox 804 2841 868 2900; x_wconf 79' lang='lat' dir='ltr'><strong>Kal</strong></span> <span class='ocrx_word' id='word_1_263' title='bbox 887 2834 969 2919; x_wconf 80' lang='grc' dir='ltr'><em>ὅμως</em></span> <span class='ocrx_word' id='word_1_264' title='bbox 989 2835 1193 2922; x_wconf 76' lang='grc' dir='ltr'><em>ἐτολμήσαμεν</em></span> <span class='ocrx_word' id='word_1_265' title='bbox 1214 2864 1233 2921; x_wconf 86' lang='grc' dir='ltr'><em>η</em></span> <span class='ocrx_word' id='word_1_266' title='bbox 1241 2841 1315 2918; x_wconf 86' lang='grc' dir='ltr'><strong>μεῖς</strong></span> <span class='ocrx_word' id='word_1_267' title='bbox 1334 2827 1363 2896; x_wconf 75' lang='lat' dir='ltr'><strong>tal</strong></span> 
     </span>
     <span class='ocr_line' id='line_1_28' title="bbox 159 2929 1404 3024; baseline 0.002 -27"><span class='ocrx_word' id='word_1_268' title='bbox 159 2929 253 3011; x_wconf 70' lang='grc' dir='ltr'><em>οὕτως</em></span> <span class='ocrx_word' id='word_1_269' title='bbox 277 2929 384 3016; x_wconf 76' lang='grc' dir='ltr'><em>ἔχοντα</em></span> <span class='ocrx_word' id='word_1_270' title='bbox 409 2933 484 3018; x_wconf 77' lang='grc' dir='ltr'><em>προς</em></span> <span class='ocrx_word' id='word_1_271' title='bbox 506 2931 617 3018; x_wconf 68' lang='grc' dir='ltr'><em>ἄλληλα</em></span> <span class='ocrx_word' id='word_1_272' title='bbox 641 2939 810 3020; x_wconf 68' lang='grc' dir='ltr'><em>ξσνσμαγεῖν</em></span> <span class='ocrx_word' id='word_1_273' title='bbox 827 2942 875 3001; x_wconf 84' lang='grc' dir='ltr'><strong>καὶ</strong></span> <span class='ocrx_word' id='word_1_274' title='bbox 896 2939 1089 3024; x_wconf 77' lang='grc' dir='ltr'><em>συναρμόσαι,</em></span> <span class='ocrx_word' id='word_1_275' title='bbox 1117 2939 1153 3004; x_wconf 76' lang='grc' dir='ltr'><strong>ον’</strong></span> <span class='ocrx_word' id='word_1_276' title='bbox 1173 2935 1250 3002; x_wconf 81' lang='grc' dir='ltr'><em>πάνυ</em></span> <span class='ocrx_word' id='word_1_277' title='bbox 1270 2931 1363 3004; x_wconf 43' lang='grc' dir='ltr'><em>πειθοῖ</em></span> <span class='ocrx_word' id='word_1_278' title='bbox 1403 2995 1404 3000; x_wconf 73' lang='grc'>,</span> 
     </span>
     <span class='ocr_line' id='line_1_29' title="bbox 159 3025 1404 3122; baseline -0.006 -20"><span class='ocrx_word' id='word_1_279' title='bbox 159 3063 232 3120; x_wconf 83' lang='grc' dir='ltr'><em>μενα</em></span> <span class='ocrx_word' id='word_1_280' title='bbox 256 3037 326 3102; x_wconf 72' lang='grc' dir='ltr'><strong>οὐδὲ</strong></span> <span class='ocrx_word' id='word_1_281' title='bbox 357 3034 493 3121; x_wconf 69' lang='grc' dir='ltr'><em>εὐμαρῶς</em></span> <span class='ocrx_word' id='word_1_282' title='bbox 523 3033 685 3119; x_wconf 76' lang='grc' dir='ltr'><em>α’νεχόμενα</em></span> <span class='ocrx_word' id='word_1_283' title='bbox 710 3036 765 3122; x_wconf 71' lang='grc' dir='ltr'><strong>τήν</strong></span> <span class='ocrx_word' id='word_1_284' title='bbox 787 3041 942 3104; x_wconf 84' lang='grc' dir='ltr'><em>κοινωνίαν·</em></span> <span class='ocrx_word' id='word_1_285' title='bbox 978 3059 1007 3106; x_wconf 81' lang='lat' dir='ltr'><strong>at</strong></span> <span class='ocrx_word' id='word_1_286' title='bbox 1036 3060 1137 3106; x_wconf 83' lang='lat' dir='ltr'><strong>tamen</strong></span> <span class='ocrx_word' id='word_1_287' title='bbox 1165 3053 1235 3104; x_wconf 78' lang='lat' dir='ltr'><strong>ausi</strong></span> <span class='ocrx_word' id='word_1_288' title='bbox 1254 3047 1364 3120; x_wconf 76' lang='lat' dir='ltr'><strong>suimus</strong></span> <span class='ocrx_word' id='word_1_289' title='bbox 1402 3025 1404 3102; x_wconf 83' lang='lat' dir='ltr'><strong>l</strong></span> 
     </span>
     <span class='ocr_line' id='line_1_30' title="bbox 118 3145 1404 3227; baseline -0.003 -25"><span class='ocrx_word' id='word_1_290' title='bbox 118 3165 119 3176; x_wconf 60' lang='lat'>¹</span> <span class='ocrx_word' id='word_1_291' title='bbox 160 3167 247 3218; x_wconf 80' lang='lat' dir='ltr'><strong>mos,</strong></span> <span class='ocrx_word' id='word_1_292' title='bbox 276 3147 347 3202; x_wconf 85' lang='lat' dir='ltr'><strong>haec</strong></span> <span class='ocrx_word' id='word_1_293' title='bbox 375 3152 421 3202; x_wconf 81' lang='lat' dir='ltr'><strong>ita</strong></span> <span class='ocrx_word' id='word_1_294' title='bbox 449 3165 509 3202; x_wconf 77' lang='lat' dir='ltr'><strong>soce</strong></span> <span class='ocrx_word' id='word_1_295' title='bbox 535 3145 675 3202; x_wconf 77' lang='lat' dir='ltr'><strong>habentia</strong></span> <span class='ocrx_word' id='word_1_296' title='bbox 701 3152 784 3202; x_wconf 80' lang='lat' dir='ltr'><strong>inter</strong></span> <span class='ocrx_word' id='word_1_297' title='bbox 807 3168 836 3203; x_wconf 86' lang='lat' dir='ltr'><strong>se</strong></span> <span class='ocrx_word' id='word_1_298' title='bbox 860 3155 1038 3227; x_wconf 80' lang='lat' dir='ltr'><strong>conjungere</strong></span> <span class='ocrx_word' id='word_1_299' title='bbox 1071 3156 1100 3203; x_wconf 86' lang='lat' dir='ltr'><strong>et</strong></span> <span class='ocrx_word' id='word_1_300' title='bbox 1134 3153 1291 3220; x_wconf 83' lang='lat' dir='ltr'><strong>coaptare,</strong></span> <span class='ocrx_word' id='word_1_301' title='bbox 1317 3160 1363 3198; x_wconf 82' lang='lat' dir='ltr'><strong>noa</strong></span> <span class='ocrx_word' id='word_1_302' title='bbox 1403 3189 1404 3218; x_wconf 35' lang='grc' dir='ltr'><em>ι</em></span> 
     </span>
     <span class='ocr_line' id='line_1_31' title="bbox 160 3239 1365 3321; baseline -0.002 -23"><span class='ocrx_word' id='word_1_303' title='bbox 160 3242 315 3298; x_wconf 83' lang='lat' dir='ltr'><strong>admodum</strong></span> <span class='ocrx_word' id='word_1_304' title='bbox 344 3245 531 3320; x_wconf 81' lang='lat' dir='ltr'><strong>obsequentia</strong></span> <span class='ocrx_word' id='word_1_305' title='bbox 558 3265 651 3320; x_wconf 81' lang='lat' dir='ltr'><strong>acqua</strong></span> <span class='ocrx_word' id='word_1_306' title='bbox 670 3246 773 3318; x_wconf 85' lang='lat' dir='ltr'><strong>focile</strong></span> <span class='ocrx_word' id='word_1_307' title='bbox 801 3251 969 3303; x_wconf 80' lang='lat' dir='ltr'><strong>societatem</strong></span> <span class='ocrx_word' id='word_1_308' title='bbox 994 3248 1203 3304; x_wconf 65' lang='lat' dir='ltr'><strong>mstdraonto‘an</strong></span> <span class='ocrx_word' id='word_1_309' title='bbox 1234 3239 1264 3321; x_wconf 91' lang='lat' dir='ltr'><strong>l)</strong></span> <span class='ocrx_word' id='word_1_310' title='bbox 1302 3239 1365 3298; x_wconf 85' lang='lat' dir='ltr'><strong>Gra-</strong></span> 
     </span>
     <span class='ocr_line' id='line_1_32' title="bbox 162 3339 1365 3422; baseline -0.002 -25"><span class='ocrx_word' id='word_1_311' title='bbox 162 3340 294 3398; x_wconf 90' lang='lat' dir='ltr'><strong>vissimus</strong></span> <span class='ocrx_word' id='word_1_312' title='bbox 323 3361 390 3396; x_wconf 89' lang='lat' dir='ltr'><strong>sanc</strong></span> <span class='ocrx_word' id='word_1_313' title='bbox 412 3339 463 3398; x_wconf 88' lang='lat' dir='ltr'><strong>hic</strong></span> <span class='ocrx_word' id='word_1_314' title='bbox 485 3340 563 3399; x_wconf 94' lang='lat' dir='ltr'><strong>locus</strong></span> <span class='ocrx_word' id='word_1_315' title='bbox 592 3341 800 3414; x_wconf 65' lang='lat' dir='ltr'><strong>Lucianiest,</strong></span> <span class='ocrx_word' id='word_1_316' title='bbox 832 3340 869 3400; x_wconf 88' lang='lat' dir='ltr'><strong>ad</strong></span> <span class='ocrx_word' id='word_1_317' title='bbox 893 3363 982 3422; x_wconf 89' lang='lat' dir='ltr'><strong>genus</strong></span> <span class='ocrx_word' id='word_1_318' title='bbox 1008 3341 1203 3422; x_wconf 83' lang='lat' dir='ltr'><strong>dialogorum,</strong></span> <span class='ocrx_word' id='word_1_319' title='bbox 1232 3361 1289 3418; x_wconf 92' lang='lat' dir='ltr'><strong>quo</strong></span> <span class='ocrx_word' id='word_1_320' title='bbox 1312 3356 1365 3395; x_wconf 85' lang='lat' dir='ltr'><strong>usus</strong></span> 
     </span>
     <span class='ocr_line' id='line_1_33' title="bbox 161 3437 1364 3520; baseline -0.001 -24"><span class='ocrx_word' id='word_1_321' title='bbox 161 3450 220 3510; x_wconf 90' lang='lat' dir='ltr'><strong>est,</strong></span> <span class='ocrx_word' id='word_1_322' title='bbox 242 3437 418 3511; x_wconf 88' lang='lat' dir='ltr'><strong>notandum,</strong></span> <span class='ocrx_word' id='word_1_323' title='bbox 440 3451 499 3496; x_wconf 89' lang='lat' dir='ltr'><strong>tum</strong></span> <span class='ocrx_word' id='word_1_324' title='bbox 520 3441 604 3498; x_wconf 88' lang='lat' dir='ltr'><strong>etiam</strong></span> <span class='ocrx_word' id='word_1_325' title='bbox 615 3485 623 3512; x_wconf 93' lang='lat'><strong>,</strong></span> <span class='ocrx_word' id='word_1_326' title='bbox 646 3453 694 3512; x_wconf 93' lang='lat' dir='ltr'><strong>ut,</strong></span> <span class='ocrx_word' id='word_1_327' title='bbox 715 3439 786 3519; x_wconf 92' lang='lat' dir='ltr'><strong>quid</strong></span> <span class='ocrx_word' id='word_1_328' title='bbox 806 3441 837 3498; x_wconf 89' lang='lat' dir='ltr'><strong>in</strong></span> <span class='ocrx_word' id='word_1_329' title='bbox 861 3462 893 3499; x_wconf 90' lang='lat' dir='ltr'><strong>eo</strong></span> <span class='ocrx_word' id='word_1_330' title='bbox 913 3441 982 3499; x_wconf 78' lang='lat' dir='ltr'><strong>nom&#39;</strong></span> <span class='ocrx_word' id='word_1_331' title='bbox 1001 3439 1166 3520; x_wconf 89' lang='lat' dir='ltr'><strong>protulerit,</strong></span> <span class='ocrx_word' id='word_1_332' title='bbox 1188 3439 1364 3518; x_wconf 84' lang='lat' dir='ltr'><strong>exquiramus·</strong></span> 
     </span>
     <span class='ocr_line' id='line_1_34' title="bbox 161 3533 1366 3618; baseline -0.004 -23"><span class='ocrx_word' id='word_1_333' title='bbox 161 3537 262 3595; x_wconf 89' lang='lat' dir='ltr'><strong>Vereri</strong></span> <span class='ocrx_word' id='word_1_334' title='bbox 283 3557 311 3594; x_wconf 90' lang='lat' dir='ltr'><strong>se</strong></span> <span class='ocrx_word' id='word_1_335' title='bbox 322 3582 330 3609; x_wconf 92' lang='lat'><strong>,</strong></span> <span class='ocrx_word' id='word_1_336' title='bbox 351 3538 391 3594; x_wconf 85' lang='lat' dir='ltr'><strong>ait</strong></span> <span class='ocrx_word' id='word_1_337' title='bbox 411 3536 565 3617; x_wconf 91' lang='lat' dir='ltr'><strong>deinceps,</strong></span> <span class='ocrx_word' id='word_1_338' title='bbox 588 3558 641 3611; x_wconf 92' lang='lat' dir='ltr'><strong>ne,</strong></span> <span class='ocrx_word' id='word_1_339' title='bbox 663 3539 704 3597; x_wconf 89' lang='lat' dir='ltr'><strong>uti</strong></span> <span class='ocrx_word' id='word_1_340' title='bbox 722 3539 925 3597; x_wconf 78' lang='lat' dir='ltr'><strong>Prometheum·</strong></span> <span class='ocrx_word' id='word_1_341' title='bbox 937 3539 1007 3596; x_wconf 84' lang='lat' dir='ltr'><strong>facti</strong></span> <span class='ocrx_word' id='word_1_342' title='bbox 1033 3539 1192 3618; x_wconf 87' lang='lat' dir='ltr'><strong>poenituit,</strong></span> <span class='ocrx_word' id='word_1_343' title='bbox 1213 3533 1290 3614; x_wconf 92' lang='lat' dir='ltr'><strong>quod</strong></span> <span class='ocrx_word' id='word_1_344' title='bbox 1314 3534 1366 3591; x_wconf 87' lang='lat' dir='ltr'><strong>foe-</strong></span> 
     </span>
     <span class='ocr_line' id='line_1_35' title="bbox 161 3628 1365 3725; baseline -0.005 -31"><span class='ocrx_word' id='word_1_345' title='bbox 161 3638 268 3694; x_wconf 67' lang='lat' dir='ltr'><strong>mina&#39;m</strong></span> <span class='ocrx_word' id='word_1_346' title='bbox 288 3655 353 3693; x_wconf 91' lang='lat' dir='ltr'><strong>cum</strong></span> <span class='ocrx_word' id='word_1_347' title='bbox 372 3637 442 3692; x_wconf 88' lang='lat' dir='ltr'><strong>mari</strong></span> <span class='ocrx_word' id='word_1_348' title='bbox 463 3636 677 3710; x_wconf 78' lang='lat' dir='ltr'><strong>conjunxisset,</strong></span> <span class='ocrx_word' id='word_1_349' title='bbox 699 3638 738 3694; x_wconf 90' lang='lat' dir='ltr'><strong>sic</strong></span> <span class='ocrx_word' id='word_1_350' title='bbox 760 3637 837 3725; x_wconf 49' lang='grc' dir='ltr'><strong>ἱρῇ,</strong></span> <span class='ocrx_word' id='word_1_351' title='bbox 859 3635 1022 3716; x_wconf 88' lang='lat' dir='ltr'><strong>disparibus</strong></span> <span class='ocrx_word' id='word_1_352' title='bbox 1046 3637 1206 3694; x_wconf 80' lang='lat' dir='ltr'><strong>commixtis</strong></span> <span class='ocrx_word' id='word_1_353' title='bbox 1233 3628 1365 3692; x_wconf 87' lang='lat' dir='ltr'><strong>scribendi</strong></span> 
     </span>
     <span class='ocr_line' id='line_1_36' title="bbox 161 3729 1364 3815; baseline -0.007 -22"><span class='ocrx_word' id='word_1_354' title='bbox 161 3735 330 3815; x_wconf 88' lang='lat' dir='ltr'><strong>generibus,</strong></span> <span class='ocrx_word' id='word_1_355' title='bbox 352 3755 457 3814; x_wconf 91' lang='lat' dir='ltr'><strong>poenas</strong></span> <span class='ocrx_word' id='word_1_356' title='bbox 476 3732 576 3792; x_wconf 90' lang='lat' dir='ltr'><strong>lueret.</strong></span> <span class='ocrx_word' id='word_1_357' title='bbox 619 3734 683 3792; x_wconf 90' lang='lat' dir='ltr'><strong>Non</strong></span> <span class='ocrx_word' id='word_1_358' title='bbox 704 3755 771 3792; x_wconf 88' lang='lat' dir='ltr'><strong>vero</strong></span> <span class='ocrx_word' id='word_1_359' title='bbox 790 3747 848 3792; x_wconf 86' lang='lat' dir='ltr'><strong>erat</strong></span> <span class='ocrx_word' id='word_1_360' title='bbox 870 3733 948 3812; x_wconf 86' lang='lat' dir='ltr'><strong>quod</strong></span> <span class='ocrx_word' id='word_1_361' title='bbox 976 3746 1129 3792; x_wconf 79' lang='lat' dir='ltr'><strong>vereretur.</strong></span> <span class='ocrx_word' id='word_1_362' title='bbox 1172 3735 1244 3791; x_wconf 89' lang='lat' dir='ltr'><strong>Nam</strong></span> <span class='ocrx_word' id='word_1_363' title='bbox 1269 3751 1302 3788; x_wconf 81' lang='lat' dir='ltr'><strong>en</strong></span> <span class='ocrx_word' id='word_1_364' title='bbox 1320 3729 1364 3786; x_wconf 89' lang='lat' dir='ltr'><strong>hae</strong></span> 
     </span>
     <span class='ocr_line' id='line_1_37' title="bbox 159 3825 1366 3913; baseline -0.01 -21"><span class='ocrx_word' id='word_1_365' title='bbox 159 3833 322 3892; x_wconf 87' lang='lat' dir='ltr'><strong>comoediae</strong></span> <span class='ocrx_word' id='word_1_366' title='bbox 349 3854 414 3890; x_wconf 83' lang='lat' dir='ltr'><strong>euni</strong></span> <span class='ocrx_word' id='word_1_367' title='bbox 443 3830 557 3911; x_wconf 87' lang='lat' dir='ltr'><strong>dialogo</strong></span> <span class='ocrx_word' id='word_1_368' title='bbox 584 3833 787 3910; x_wconf 87' lang='lat' dir='ltr'><strong>conjunctione</strong></span> <span class='ocrx_word' id='word_1_369' title='bbox 814 3845 895 3913; x_wconf 86' lang='lat' dir='ltr'><strong>parta</strong></span> <span class='ocrx_word' id='word_1_370' title='bbox 921 3830 1017 3912; x_wconf 90' lang='lat' dir='ltr'><strong>proles</strong></span> <span class='ocrx_word' id='word_1_371' title='bbox 1043 3845 1102 3904; x_wconf 91' lang='lat' dir='ltr'><strong>est,</strong></span> <span class='ocrx_word' id='word_1_372' title='bbox 1123 3852 1194 3910; x_wconf 87' lang='lat' dir='ltr'><strong>quae</strong></span> <span class='ocrx_word' id='word_1_373' title='bbox 1222 3825 1366 3912; x_wconf 88' lang='lat' dir='ltr'><strong>perplacuit</strong></span> 
     </span>
     <span class='ocr_line' id='line_1_38' title="bbox 163 3921 1365 4010; baseline -0.004 -20"><span class='ocrx_word' id='word_1_374' title='bbox 163 3931 387 4006; x_wconf 87' lang='lat' dir='ltr'><strong>recentioribus,</strong></span> <span class='ocrx_word' id='word_1_375' title='bbox 409 3950 517 3990; x_wconf 88' lang='lat' dir='ltr'><strong>novum</strong></span> <span class='ocrx_word' id='word_1_376' title='bbox 545 3929 692 3990; x_wconf 89' lang='lat' dir='ltr'><strong>scribendi</strong></span> <span class='ocrx_word' id='word_1_377' title='bbox 720 3951 827 4009; x_wconf 83' lang='lat' dir='ltr'><strong>genus,</strong></span> <span class='ocrx_word' id='word_1_378' title='bbox 848 3932 961 4010; x_wconf 69' lang='lat' dir='ltr'><strong>dialogi</strong></span> <span class='ocrx_word' id='word_1_379' title='bbox 989 3941 1184 3989; x_wconf 82' lang='lat' dir='ltr'><strong>mortuorum.</strong></span> <span class='ocrx_word' id='word_1_380' title='bbox 1235 3931 1308 4003; x_wconf 90' lang='lat' dir='ltr'><strong>Quos</strong></span> <span class='ocrx_word' id='word_1_381' title='bbox 1332 3921 1365 3979; x_wconf 78' lang='lat' dir='ltr'><strong>uti</strong></span> 
     </span>
     <span class='ocr_line' id='line_1_39' title="bbox 163 4027 1365 4110; baseline -0.007 -22"><span class='ocrx_word' id='word_1_382' title='bbox 163 4031 279 4110; x_wconf 88' lang='lat' dir='ltr'><strong>ingenio</strong></span> <span class='ocrx_word' id='word_1_383' title='bbox 299 4030 435 4090; x_wconf 88' lang='lat' dir='ltr'><strong>dehemus</strong></span> <span class='ocrx_word' id='word_1_384' title='bbox 455 4030 595 4103; x_wconf 87' lang='lat' dir='ltr'><strong>auctoris,</strong></span> <span class='ocrx_word' id='word_1_385' title='bbox 616 4029 655 4088; x_wconf 87' lang='lat' dir='ltr'><strong>ita</strong></span> <span class='ocrx_word' id='word_1_386' title='bbox 674 4028 752 4088; x_wconf 87' lang='lat' dir='ltr'><strong>haud</strong></span> <span class='ocrx_word' id='word_1_387' title='bbox 770 4029 855 4088; x_wconf 86' lang='lat' dir='ltr'><strong>facile</strong></span> <span class='ocrx_word' id='word_1_388' title='bbox 874 4029 898 4086; x_wconf 92' lang='lat' dir='ltr'><strong>is</strong></span> <span class='ocrx_word' id='word_1_389' title='bbox 917 4027 969 4086; x_wconf 88' lang='lat' dir='ltr'><strong>tali</strong></span> <span class='ocrx_word' id='word_1_390' title='bbox 987 4028 1169 4107; x_wconf 89' lang='lat' dir='ltr'><strong>protulisset,</strong></span> <span class='ocrx_word' id='word_1_391' title='bbox 1190 4027 1269 4107; x_wconf 89' lang='lat' dir='ltr'><strong>quali</strong></span> <span class='ocrx_word' id='word_1_392' title='bbox 1294 4033 1365 4089; x_wconf 87' lang='lat' dir='ltr'><strong>suut,</strong></span> 
     </span>
     <span class='ocr_line' id='line_1_40' title="bbox 162 4124 1366 4207; baseline -0.012 -19"><span class='ocrx_word' id='word_1_393' title='bbox 162 4128 300 4188; x_wconf 74' lang='lat' dir='ltr'><strong>sormh&#39;et</strong></span> <span class='ocrx_word' id='word_1_394' title='bbox 325 4130 453 4202; x_wconf 85' lang='lat' dir='ltr'><strong>ratione,</strong></span> <span class='ocrx_word' id='word_1_395' title='bbox 475 4129 532 4187; x_wconf 90' lang='lat' dir='ltr'><strong>nisi</strong></span> <span class='ocrx_word' id='word_1_396' title='bbox 552 4141 579 4186; x_wconf 90' lang='lat' dir='ltr'><strong>et</strong></span> <span class='ocrx_word' id='word_1_397' title='bbox 598 4127 630 4185; x_wconf 73' lang='lat' dir='ltr'><strong>ea</strong></span> <span class='ocrx_word' id='word_1_398' title='bbox 649 4128 769 4186; x_wconf 82' lang='lat' dir='ltr'><strong>vixisset</strong></span> <span class='ocrx_word' id='word_1_399' title='bbox 793 4140 882 4186; x_wconf 87' lang='lat' dir='ltr'><strong>aetate</strong></span> <span class='ocrx_word' id='word_1_400' title='bbox 889 4172 898 4200; x_wconf 91' lang='lat'><strong>,</strong></span> <span class='ocrx_word' id='word_1_401' title='bbox 918 4146 973 4204; x_wconf 89' lang='lat' dir='ltr'><strong>qua</strong></span> <span class='ocrx_word' id='word_1_402' title='bbox 1001 4125 1094 4184; x_wconf 90' lang='lat' dir='ltr'><strong>Stoica</strong></span> <span class='ocrx_word' id='word_1_403' title='bbox 1122 4124 1300 4207; x_wconf 90' lang='lat' dir='ltr'><strong>philosophia</strong></span> <span class='ocrx_word' id='word_1_404' title='bbox 1317 4134 1366 4177; x_wconf 89' lang='lat' dir='ltr'><strong>ter-</strong></span> 
     </span>
     <span class='ocr_line' id='line_1_41' title="bbox 162 4219 1365 4307; baseline -0.007 -21"><span class='ocrx_word' id='word_1_405' title='bbox 162 4247 258 4286; x_wconf 88' lang='lat' dir='ltr'><strong>rarum</strong></span> <span class='ocrx_word' id='word_1_406' title='bbox 281 4227 378 4286; x_wconf 91' lang='lat' dir='ltr'><strong>orbem</strong></span> <span class='ocrx_word' id='word_1_407' title='bbox 403 4238 609 4307; x_wconf 87' lang='lat' dir='ltr'><strong>occupaverat,</strong></span> <span class='ocrx_word' id='word_1_408' title='bbox 635 4238 665 4283; x_wconf 86' lang='lat' dir='ltr'><strong>et</strong></span> <span class='ocrx_word' id='word_1_409' title='bbox 682 4247 749 4286; x_wconf 89' lang='lat' dir='ltr'><strong>vero</strong></span> <span class='ocrx_word' id='word_1_410' title='bbox 768 4225 988 4306; x_wconf 85' lang='lat' dir='ltr'><strong>Aristophanem</strong></span> <span class='ocrx_word' id='word_1_411' title='bbox 1008 4226 1212 4304; x_wconf 88' lang='lat' dir='ltr'><strong>inprimisque</strong></span> <span class='ocrx_word' id='word_1_412' title='bbox 1237 4226 1294 4301; x_wconf 90' lang='lat' dir='ltr'><strong>ejus</strong></span> <span class='ocrx_word' id='word_1_413' title='bbox 1312 4219 1365 4278; x_wconf 73' lang='lat' dir='ltr'><strong>Ba</strong></span> 
     </span>
    </p>
   </div>
   <div class='ocr_carea' id='block_1_3' title="bbox 198 4427 660 4494">
    <p class='ocr_par' dir='ltr' id='par_1_4' title="bbox 198 4427 660 4494">
     <span class='ocr_line' id='line_1_42' title="bbox 198 4427 660 4494; baseline 0 -16"><span class='ocrx_word' id='word_1_414' title='bbox 198 4428 223 4494; x_wconf 79' lang='lat'><strong>1)</strong></span> <span class='ocrx_word' id='word_1_415' title='bbox 242 4430 345 4482; x_wconf 86' lang='lat' dir='ltr'><strong>Luciao.</strong></span> <span class='ocrx_word' id='word_1_416' title='bbox 366 4429 486 4480; x_wconf 85' lang='lat' dir='ltr'><strong>Prometh.</strong></span> <span class='ocrx_word' id='word_1_417' title='bbox 505 4430 524 4479; x_wconf 89' lang='lat' dir='ltr'><strong>l.</strong></span> <span class='ocrx_word' id='word_1_418' title='bbox 543 4427 583 4479; x_wconf 83' lang='lat'><strong>25.</strong></span> <span class='ocrx_word' id='word_1_419' title='bbox 604 4427 660 4494; x_wconf 86' lang='lat' dir='ltr'><strong>Bip.</strong></span> 
     </span>
    </p>
   </div>
   <div class='ocr_carea' id='block_1_4' title="bbox 0 0 1443 5120">
    <p class='ocr_par' dir='ltr' id='par_1_5' title="bbox 0 0 1443 5120">
     <span class='ocr_line' id='line_1_43' title="bbox 0 0 1443 5120; baseline 0 0"><span class='ocrx_word' id='word_1_420' title='bbox 0 0 1443 5120; x_wconf 95' lang='lat' dir='ltr'><strong> </strong></span> 
     </span>
    </p>
   </div>
  </div>
 </body>
</html>
