2832 5120
633 297 685 356 lui

49 459 159 537 justique
194 458 361 532 vindicem,
384 461 495 536 justum
522 461 718 540 propositique
742 473 889 518 tenacem:
921 459 1103 522 benevolum·
1114 465 1147 522 in
1169 465 1270 544 primis

52 559 78 616 in
94 558 165 618 ciues
185 579 271 634 suos,
293 577 347 616 nec
368 543 469 616 'tamen
493 557 660 616 adulantem
685 557 759 630 illis,
777 558 834 616 imo
852 557 1112 638 reprehendentem
1131 565 1269 641 graviter,

51 655 150 733 siquid
170 655 302 716 socordih
328 657 549 729 commiserunt,
571 655 649 734 quod
675 657 803 715 civitatis
823 656 1004 737 ipsorumque
1024 657 1110 716 saluti
1136 675 1268 720 noceret:

50 768 190 833 pertuterit
219 775 248 812 sc
276 755 383 830 vitam,
405 756 464 828 ait,
485 755 517 814 in
544 755 647 814 mediis
668 753 782 814 civibus
802 755 969 828 viventem,
990 755 1028 816 ad
1048 755 1205 818 honestetis
1224 743 1289 820 cus¹

50 853 163 912 studium
179 854 339 927 excitasse,
358 855 469 932 iisqne,
492 867 523 911 ut
544 854 624 931 equis
642 851 754 931 magnis
773 865 802 910 et
822 852 985 931 generosis,
1006 851 1057 910 sed
1076 853 1175 933 paullo
1194 857 1269 914 iner-

49 951 157 1010 tiorihus
177 950 272 1010 calcar
290 951 475 1010 adhibuisse:
498 951 530 1010 id
551 953 629 1010 enim
649 972 678 1009 se
701 949 758 1008 sibi
777 949 946 1008 mandatum
965 971 982 1008 e
1002 951 1062 1010 Deo
1082 951 1169 1010 luisse
1188 954 1269 1014 arbi

48 1061 148 1109 tratum.
189 1050 289 1110 Refert
307 1050 392 1108 nohis
412 1064 471 1108 tota
489 1051 580 1108 oratio
599 1050 712 1122 virum,
733 1069 818 1128 quem
832 1061 950 1138 propter
969 1049 1031 1107 veri
1047 1051 1175 1129 justique
1191 1073 1270 1112 amo-

48 1167 96 1205 rem
125 1161 151 1205 et
175 1168 240 1228 erga
264 1149 343 1208 cives
370 1132 600 1209 benivolentium
629 1169 772 1222 amemus3
805 1134 981 1206 admiremur
1000 1161 1096 1206 eutem
1125 1150 1212 1209 simul
1242 1166 1271 1211 et

48 1245 222 1325 suspiciemus
240 1261 357 1327 propter
376 1246 504 1306 excelsos
523 1247 648 1327 pectoris
667 1267 766 1305 sensus
784 1245 932 1322 animique
952 1248 1145 1308 constentiam
1155 1294 1165 1323 ,
1186 1271 1270 1328 quum

48 1355 73 1400 ut
89 1343 169 1404 fectis
187 1344 361 1425 probaverat
373 1343 558 1412 ¹turbulentis
571 1333 573 1341 ’
586 1344 764 1425 reipublicae
788 1342 985 1425 temporibus,
1006 1344 1047 1402 itu
1074 1367 1154 1405 nunc
1174 1348 1271 1407 verbis
1360 1389 1361 1397 i

47 1441 194 1520 profitetur.
237 1442 286 1502 Sic
314 1443 412 1518 enim,
437 1443 497 1518 ait,
527 1429 622 1501 seres
638 1441 745 1516 habet,
767 1441 977 1515 Athenienses,
1004 1439 1046 1525 τῇ
1067 1437 1208 1530 ἀληθείᾳ·
1236 1435 1274 1506 οὗ

47 1534 75 1598 ἄν
98 1563 141 1613 τις
168 1535 274 1601 incede
300 1535 394 1626 τάξῃ,
422 1534 613 1621 ἡγησάμενος
627 1534 741 1620 (liberor
762 1534 848 1614 εἶναι,
869 1534 892 1622 ἢ
912 1534 961 1600 ὑπ’
981 1537 1127 1623 ἄρχοντος
1148 1549 1274 1632 ταχθῃ,

47 1639 169 1703 ἐνταῦθα
195 1643 254 1718 δεῖ,
281 1635 323 1716 αἱς
344 1641 413 1722 ἐμοὶ
435 1643 526 1718 δοκεῖ,
548 1639 675 1721 μένοντα
696 1637 879 1716 κινδυνεύειν,
901 1641 999 1725 μηδὲν
1029 1639 1287 1727 ὑπολογιζόμενον·

46 1739 110 1826 μήτε
132 1741 266 1808 θάνατον
286 1740 364 1828 μήτε
385 1740 455 1806 ἄλλο
477 1743 575 1828 μηδὲν
595 1741 666 1825 nori
687 1745 753 1806 τοῦ
779 1745 954 1827 αἰσχροῦ·
984 1773 1040 1828 quo
1069 1757 1192 1829 quisque
1217 1754 1275 1812 loeo

47 1850 84 1904 rel
108 1857 298 1926 semete'ptum
326 1857 504 1924 constituit,
533 1836 706 1908 erbitratue
732 1850 767 1906 id
795 1856 940 1925 optimum
966 1871 1044 1929 esse,
1075 1851 1122 1906 vel
1144 1871 1163 1906 a
1190 1871 1272 1928 supe-

47 1955 116 2004 nore
128 1950 262 2024 Jubetur
276 1956 455 2022 consistere,
477 1956 510 2006 in
530 1969 578 2022 ee,
600 1957 635 2004 ut
654 1950 732 2006 milti
745 1951 867 2006 videtur
877 1969 1084 2026 ,permanere
1104 1971 1172 2006 eum
1190 1971 1271 2028 oper-

11 2097 12 2102 ,
47 2053 82 2102 tet
100 2049 332 2125 periculumque
362 2051 481 2120 subire,
522 2069 575 2106 nec
603 2057 747 2120 mortem,
778 2069 831 2104 nec
861 2049 949 2105 aliud
972 2049 1137 2125 quidquam
1156 2057 1273 2129 magis,

10 2157 12 2190 ὶ
47 2165 143 2254 quem,
163 2148 266 2266 qued
285 2156 405 2222 turpe
427 2155 489 2204 est
498 2147 778 2220 ,reformedentem
799 2143 828 2226 1)
843 2147 1052 2220 Quamobrem
1074 2139 1147 2224 syci,
1159 2149 1275 2226 inquit,

47 2234 129 2318 ὑμᾶς,
102 2264 178 2317 ςω
166 2237 306 2325 ἄνδρες
327 2239 495 2324 Ἀθηναῖοι,
518 2236 690 2320 ἀσπάζομαι
712 2240 769 2322 μὲν
789 2241 837 2303 nul
859 2242 952 2324 φιλῶ,
974 2241 1115 2325 πείσομαι
1137 2243 1174 2307 δὲ
1195 2245 1275 2326 μᾶλ-

48 2347 89 2404 lev
115 2345 162 2430 τῷ
192 2345 260 2430 θεῷ
285 2341 307 2426 ἢ
331 2339 421 2424 ὑμῖν,
448 2343 497 2406 καὶ
526 2342 641 2428 ἕωσπερ
670 2341 706 2406 ἂν
733 2341 850 2425 ἐμπνέω
877 2344 926 2406 καὶ
953 2339 1016 2420 οἶός
1041 2371 1072 2409 τε
1100 2343 1140 2424 nl,
1169 2344 1205 2410 oei
1232 2345 1280 2432 μή

10 2455 12 2468 “
49 2443 188 2528 παύσομαι
221 2448 393 2529 φιλοσνφεῦν
424 2448 472 2508 nel
504 2442 575 2526 ὑμῖν
607 2442 879 2528 παρακελευόμενός
910 2471 941 2509 τε
972 2448 1021 2512 net
1048 2447 1278 2533 ἐνδεικνύμενος,

50 2543 100 2634 iim
136 2547 175 2612 ἂν
212 2547 257 2612 olei
292 2545 460 2631 ἐντυγχάνειν
489 2545 597 2630 ὑμῶν,
635 2546 728 2632 λέγων
762 2543 865 2632 οἵαπερ
894 2547 1009 2614 εἴωθα·
1041 2577 1094 2636 egq
1130 2579 1178 2616 cos
1208 2564 1278 2636 qui·
1350 2597 1352 2608 .

49 2655 121 2728 dem,
144 2656 365 2730 Athenienses,
385 2655 478 2735 diligo
499 2665 528 2712 et
548 2655 728 2732 amplector,
747 2653 810 2713 Deo
831 2675 898 2713 uere
919 2663 1036 2736 magis,
1063 2675 1153 2733 quem
1178 2657 1258 2714 vebis
1268 2701 1277 2730 ,

48 2757 160 2827 perebo:
203 2763 234 2812 et
269 2755 413 2833 quamdiu
439 2757 556 2830 spirabo
588 2757 725 2832 viresque
761 2763 942 2831 suppetent,
976 2749 1186 2834 philoseplture'
1214 2775 1272 2811 nen

10 2845 13 2872 ¹
49 2851 173 2910 desinam
186 2875 201 2923 ,·
238 2854 420 2912 adltertnns'
444 2875 491 2911 vos
527 2863 557 2910 et
580 2859 794 2930 praecipiens,
833 2859 866 2908 in
905 2847 1111 2932 quemcunque
1139 2854 1274 2911 incidere

51 2962 190 3026 cestrum,
223 2972 299 3029 quae
325 2953 425 3008 dicere
452 2958 599 3009 consuevi.
622 2947 654 3030 2)
681 2949 760 3024 Quid
780 2949 891 3030 plura?
919 2950 962 3008 lta
982 2951 1144 3043 Socratem,
1175 2965 1205 3010 ut
1225 2950 1276 3008 ille

10 3041 13 3074 ³
50 3048 99 3120 ait,
128 3071 181 3130 pro
208 3070 239 3108 se
268 3050 362 3130 ipsum
386 3049 530 3108 dicentem
556 3047 709 3124 audimus,
740 3063 772 3108 ut
801 3071 862 3108 non
889 3043 1012 3130 supplex
1041 3065 1090 3108 aut
1111 3069 1195 3122 reus,
1225 3047 1276 3107 sed

51 3149 172 3226 magister
200 3146 250 3207 au't
277 3147 412 3206 dominus
442 3147 577 3207 videatur
596 3147 741 3224 judicum.
795 3147 874 3221 Quid
900 3146 951 3205 alii
981 3147 1125 3221 sentiant,
1158 3147 1276 3225 ignoro,

10 3241 11 3244 '
52 3246 93 3304 sed
119 3269 187 3327 ego,
224 3241 450 3326 quotiescunque
479 3262 507 3305 et
535 3247 610 3305 hanc
644 3245 706 3326 lego
735 3246 859 3307 Socratis
890 3246 968 3326 apud
996 3245 1144 3305 Platonem
1171 3246 1277 3304 oratio-

52 3365 121 3419 nem,
150 3361 178 3410 et
209 3345 282 3456 lecta
309 3345 379 3419 illl,
393 3346 610 3458 Demosthenis
638 3360 741 3426 reputo
773 3344 891 3404 dicendi
919 3367 1027 3425 genus,
1055 3343 1141 3428 quod
1171 3345 1279 3424 pariter

82 3635 103 3698 l)
121 3637 190 3706 Apol.
212 3639 237 3688 S.
259 3635 292 3686 28
309 3637 340 3688 D.

10 3753 11 3756 =
80 3722 103 3781 2)
121 3726 181 3776 End.
200 3723 234 3772 29
252 3723 282 3774 Ι).

11 3843 12 3850 1
82 3807 104 3870 3)
121 3811 247 3879 Exempla
260 3812 335 3877 hujus
352 3813 389 3862 rei
406 3813 432 3862 in
448 3813 572 3879 proximis
590 3811 735 3862 afferemus.
773 3808 873 3868 Quodsi
884 3807 1029 3860 Aeschines
1045 3808 1140 3876 aliique
1160 3809 1186 3860 id
1202 3811 1275 3862 simi·

57 3891 105 3946 liter
122 3897 284 3960 factitarunt,
304 3899 329 3948 in
348 3897 525 3950 Demosthene
549 3899 624 3948 unice
642 3904 713 3963 patet
734 3895 866 3947 Socratica
887 3895 912 3944 in
934 3893 973 3944 his
995 3902 1021 3944 et
1040 3894 1174 3949 Platonica
1200 3899 1274 3948 ratio.

57 3978 144 4032 Platoni
164 3985 227 4034 item
247 3981 340 4034 Cicero
364 3982 472 4046 debuit,
493 3983 563 4050 quod
584 3984 609 4032 in
633 3981 788 4032 Catilinariis
812 3989 907 4030 tentam
926 3981 982 4031 fere
1002 3983 1027 4031 in
1048 3982 1188 4050 legentium
1216 3983 1273 4032 uni·
1296 4043 1299 4048 Ι

58 4079 103 4116 nos
120 4069 169 4120 vim
189 4069 268 4120 habet
286 4085 317 4119 ac
336 4069 412 4134 plane
438 4077 477 4120 est
495 4067 664 4119 Platonicum.
706 4067 779 4116 Nunc
798 4076 820 4116 tc
839 4068 926 4133 putria
945 4095 980 4103 -
1006 4071 1055 4118 odit
1075 4085 1107 4118 cc
1133 4071 1216 4118 eremit
1239 4096 1273 4103 —

59 4167 112 4215 ttae
129 4165 219 4218 tecum,
237 4153 361 4218 emilina,
378 4156 415 4204 sic
432 4157 484 4222 epit
498 4165 521 4206 et
538 4145 712 4222 quodammode
729 4154 807 4202 tacite
826 4152 947 4218 loquitur:
982 4151 1098 4200 «necllum
1115 4152 1209 4218 aliquot
1219 4156 1272 4215 jum

61 4241 121 4288 sums
136 4244 237 4308 sueinus
254 4243 359 4304 asstitit,
379 4242 430 4290 nisi
445 4258 491 4309 per
512 4250 543 4290 tc.
559 4267 594 4276 -
608 4241 745 4307 Ssuperiore
765 4238 825 4300 ille,
847 4253 996 4304 quemqueen
1014 4237 1119 4302 serenda
1140 4253 1190 4286 nen
1211 4239 1271 4300 fuo-

63 4335 120 4388 run,
137 4337 226 4391 tannen,
248 4337 276 4377 ut
290 4327 372 4394 potui,
398 4326 459 4387 tuli5
481 4343 547 4383 nunc
566 4343 626 4376 vere
642 4343 679 4376 me
700 4334 773 4375 totum
791 4341 842 4374 esse
859 4325 886 4372 e'n
904 4332 967 4374 tuctu
983 4333 1083 4392 propter
1105 4332 1128 4372 tc
1144 4339 1220 4372 unuet
1236 4347 1271 4358 —·

64 4425 102 4458 um
121 4422 152 4462 est
170 4415 306 4478 ferendum.
348 4412 508 4475 Quamobrem
529 4399 624 4462 discede
648 4422 720 4478 utque
737 4411 802 4460 haenc
819 4411 880 4460 nite·
903 4413 1012 4461 timorem
1029 4413 1123 4477 eripe.»
1150 4435 1184 4444 -
1201 4407 1271 4458 llaec

65 4495 178 4562 unceis,
200 4509 228 4550 ut
245 4501 314 4562 diei,
329 4499 415 4566 patric
428 4499 550 4564 loquatur.
570 4501 587 4546 1.
607 4496 632 4546 7.
651 4525 684 4534 »ν
703 4497 791 4549 Simile
807 4497 874 4548 euim
889 4497 915 4548 in
934 4496 1049 4550 Platonis
1064 4493 1170 4546 Critone
1184 4493 1270 4562 legum

1134 4581 1166 4636 ll
