2950 5134
126 255 144 293 Χ

125 423 178 478 bus
192 419 286 494 hujus
304 419 378 478 libri
396 379 564 478 hirtutibus
582 419 742 494 disseruit,
764 439 928 479 memorare
948 441 1000 478 noc
1010 421 1119 498 filiam
1139 421 1238 497 decet,
1259 443 1362 502 noque

125 552 218 626 hujus
235 559 279 610 ost
298 553 364 611 loci.
403 549 523 610 Addere
546 561 647 610 tamon
674 547 783 627 celim,
804 573 879 630 quae
898 559 961 630 ipse
981 545 1145 632 aliquando
1164 575 1199 612 oa
1219 561 1285 630 ejus
1303 577 1362 614 ore

126 690 244 760 accepi,
265 705 396 764 quasque
420 691 544 762 paritor
566 685 606 742 od
633 689 693 742 rito
721 691 788 761 ejus
814 686 1043 766 intelligendam
1066 693 1195 742 mantem
1216 688 1358 761 saciant.

125 813 204 876 Nam
231 826 269 875 ut
295 816 530 875 instaurabatur
551 817 629 902 mihi
645 802 789 896 perpetub
814 793 1064 877 desideratissimi
1089 825 1152 876 oiri
1169 825 1283 900 imago,
1306 828 1361 878 ita
1418 803 1421 808 Ι

127 950 306 1008 recordabar
335 957 454 1028 sponte,
484 949 560 1026 quod
587 949 640 1006 illc
665 939 764 1007 animo
794 951 913 1009 rolucus
932 971 1045 1008 msaum
1071 957 1359 1010 communicaverat.

132 1082 265 1140 «Mirati
281 1091 354 1141 sunt
372 1082 602 1158 saepe,ajebat,
624 1088 676 1161 qui
694 1082 766 1140 haec
785 1103 850 1140 ensa
870 1084 1035 1196 studiosips
1054 1091 1223 1160 quaerunt,
1244 1103 1301 1140 aur
1319 1091 1359 1140 in

126 1214 311 1292 philosophia
320 1182 528 1311 cori-tamdiu
540 1213 686 1271 haessrim
692 1257 701 1288 ,
712 1212 827 1272 duabus
835 1235 903 1274 voro
912 1217 1041 1294 reliquis
1047 1215 1248 1292 philosophiae
1256 1223 1357 1274 ratio·

130 1345 233 1422 nibus,
250 1347 542 1424 quarumalteraad
553 1333 789 1424 pulcrum,ad
800 1354 965 1428 justum,
986 1357 1152 1407 sanctum
1171 1348 1358 1407 divinum-

131 1501 195 1558 que
214 1479 314 1536 altera
328 1482 486 1556 refertur,
500 1486 688 1538 cistertium
699 1479 1139 1558 siugulismoramopsnamque
1155 1482 1355 1552 tribuerim.»

130 1609 176 1670 Ac
193 1600 304 1670 leniter
318 1597 488 1672 subridens:
514 1631 529 1665 α
538 1605 600 1672 Ois
611 1601 807 1694 ἀπειροκάλως
822 1612 940 1688 quidem
948 1614 1004 1708 illi
1012 1659 1021 1689 ,
1042 1604 1117 1671 ἀλλά
1127 1604 1255 1696 ’σφόδρα
1266 1607 1359 1696 solaq-
1384 1640 1388 1646 ·

130 1739 255 1854 uccslap
275 1736 445 1825 οἷγαπῶντος
474 1755 504 1804 et
533 1769 601 1806 coro
623 1755 745 1826 proprio
773 1747 909 1807 uocabulo
936 1752 1005 1804 usi:
1028 1755 1188 1826 ¹uerissima
1215 1757 1295 1807 enim
1319 1756 1359 1807 in

83 1943 86 1948 ,
130 1883 187 1940 illa
205 1889 285 1942 omni
299 1883 334 1940 de
348 1882 507 1940 dialectica
521 1882 782 1959 metaphysicaque
798 1887 969 1959 quaestione
985 1880 1102 1955 hassi,
1123 1902 1177 1938 nec
1196 1883 1271 1939 mihi
1289 1901 1360 1940 eans

83 1979 84 1988 ἵ
130 2024 187 2073 aut
204 2023 267 2095 ipse
284 2017 370 2094 plens
386 2021 564 2093 penitusque
579 1980 796 2092 pcrspecturus
806 2057 815 2087 ,
836 2021 893 2070 aut
910 2013 982 2070 aliis
1001 2015 1197 2087 manifestam
1219 2013 1359 2072 redditu·

131 2169 187 2206 rus
219 2149 354 2223 uidebar,
385 2153 447 2205 nisi
471 2153 505 2203 in
533 2146 679 2204 cernendo
698 2145 912 2224 jungendoque
938 2151 1187 2204 accuratissimus
1211 2144 1302 2204 essene
1326 2157 1360 2204 st

132 2287 261 2338 ueritati
280 2299 393 2360 omnem
412 2280 518 2336 nubem
538 2248 713 2336 subtrahere
733 2297 868 2335 conarer.
900 2273 1000 2354 Quid?
1022 2278 1098 2353 quod
1117 2299 1151 2335 oa
1165 2279 1274 2354 susior
1291 2279 1359 2338 dis-

126 2418 248 2492 putatio
275 2419 372 2489 ipsam
402 2417 483 2468 aori
509 2411 725 2488 philosophiam
740 2418 828 2468 unice
847 2409 978 2484 decebat,
1004 2415 1111 2486 quippe
1135 2411 1219 2490 longe
1239 2411 1358 2488 latoque

12 2613 18 2624 Ι
127 2554 295 2622 patentem,
316 2551 504 2622 cujusquoin
524 2563 558 2602 ca
563 2543 752 2622 philosophia
760 2548 904 2620 princeps
922 2541 1002 2598 locus
1012 2548 1102 2615 osset,
1122 2562 1197 2618 quae
1213 2549 1357 2618 optimam

131 2678 260 2737 hominis
277 2682 502 2735 institutionem
522 2685 551 2733 et
569 2676 609 2733 ad
622 2681 827 2733 ceritatem
842 2680 1059 2734 conversionem
1070 2668 1229 2750 spectabat.
1253 2673 1356 2754 Quare

130 2813 230 2876 nolint
248 2811 324 2869 mihi
344 2830 514 2868 succensere
527 2815 712 2888 graviusque
731 2829 776 2866 me
791 2828 935 2867 accusare
940 2827 954 2876 ,·
976 2813 1117 2863 accusent
1139 2813 1304 2884 potius„si
1320 2815 1357 2865 in
1447 2835 1461 2852 ··

130 2944 299 3021 seponenda
317 2944 453 3001 Platonis
473 2942 634 3000 dialectica
657 2947 787 3000 nimium
817 2963 862 2998 mo
881 2942 975 3016 hujus
1000 2929 1128 3019 ἐραστήν
1158 2940 1354 3016 probaverim.

131 3075 290 3156 Garoigam
310 3084 410 3134 tamon
439 3074 585 3153 quidquid
602 3093 779 3152 peccavero,
807 3079 834 3130 si
861 3073 942 3130 moda
965 3094 1135 3153 peccavero.
1169 3072 1200 3131 V
1197 3073 1239 3132 clo
1258 3081 1356 3130 eastst

130 3217 224 3268 totius
253 3217 348 3287 operis
378 3217 565 3286 conspectus,
603 3229 661 3265 non
689 3207 845 3283 inficetum
876 3208 1080 3282 compendium
1114 3167 1276 3286 quoddam,
1306 3205 1357 3264 sed

129 3351 300 3420 conspectus
326 3341 398 3400 talis
422 3341 523 3418 qualis
543 3321 604 3398 nec
624 3337 741 3398 dedecet
763 3338 900 3396 Platonis
924 3340 1144 3418 philosophiam
1168 3349 1197 3397 ct
1215 3347 1249 3397 in
1269 3359 1354 3416 quem

130 3471 268 3536 derivata
289 3480 353 3532 sint
375 3469 559 3550 praecipua,
580 3469 656 3552 quae
682 3478 749 3548 ejus
769 3471 887 3529 aditum
914 3492 1027 3552 parare
1053 3472 1186 3531 discendi
1215 3471 1356 3530 studiosis

128 3613 253 3685 possint.
282 3605 336 3665 lta
356 3615 385 3663 st
404 3606 570 3668 multorum
590 3605 741 3664 uoluntati
760 3623 938 3680 occurrero,
959 3625 1051 3682 noque
1078 3605 1258 3683 impetivere
1285 3604 1355 3660 dili·

126 3747 296 3822 gentianae,
317 3745 490 3816 quominus,
512 3745 665 3815 si.sapere
694 3738 806 3812 uelint,
827 3757 862 3795 eu
889 3744 967 3815 ipsis
993 3735 1105 3796 Initiis
1132 3744 1232 3824 cetera
1246 3743 1355 3814 potant
1378 3729 1382 3737 ’

130 3839 292 3951 antequam
310 3871 422 3929 adeant
438 3829 625 3932 Platonsm.»
659 3869 742 3929 Hace
760 3871 813 3928 ills
834 3879 863 3928 et
884 3870 948 3926 alia
967 3869 1065 3928 multa
1090 3870 1150 3928 alto
1167 3870 1267 3930 relata
1286 3877 1317 3926 st
1336 3888 1357 3924 a

129 4013 230 4082 uitas,
251 4007 326 4083 quod
339 4013 520 4083 perpetuum
536 4005 656 4080 habuit,
671 4011 813 4063 instituto
824 4003 906 4060 haud
924 4003 1035 4064 alisna.
1069 3965 1202 4080 Quorum
1222 4001 1356 4082 squidem

130 4139 324 4198 consiliorum
354 4158 481 4212 memor,
512 4158 550 4195 no
577 4138 650 4216 quid
676 4137 804 4210 deesset,
830 4158 885 4214 quo
915 4138 1069 4196 subuenire
1093 4135 1226 4192 aliorum
1245 4111 1373 4193 studiis*

126 4293 257 4350 possem,
278 4279 460 4350 argumenta
478 4272 717 4349 disquisitionis,
738 4286 864 4348 quorum
889 4277 1010 4326 tantum
1031 4274 1174 4328 successio
1200 4274 1234 4324 in
1250 4273 1357 4344 priore

131 4405 258 4464 editione
276 4406 500 4482 inveniebatur,
520 4411 585 4483 ipsa
597 4406 692 4484 quoad
698 4410 777 4480 vojus
784 4424 787 4434 s
787 4405 866 4481 fieri
880 4407 1004 4480 poterat
1019 4400 1189 4460 brevissimo
1208 4402 1355 4478 indicaui.
