2886 5118
680 269 682 276 ’
755 277 813 336 tte

159 437 251 509 bant,
291 455 370 494 suam
409 437 469 516 ipse
498 450 657 516 opponeret
686 457 752 496 curn
781 440 1011 523 philosophandi
1053 445 1216 515 rationem,
1247 459 1304 504 tum
1331 448 1378 506 veri

157 534 329 594 doctrinam.
372 535 442 593 Rem
463 533 627 614 intelligere
647 549 723 594 recte
743 557 778 594 ex
801 540 863 615 ejus
883 525 1017 621 dialogo,
1043 544 1093 620 qui
1116 542 1263 622 Cretylae
1292 546 1378 605 inscri-

158 633 253 708 bitur,
275 633 352 692 licet.

190 826 242 886 De
274 827 454 907 Crutylo
485 827 709 902 Platonis,
742 840 832 889 tiae
864 834 907 890 de
938 838 1355 916 linguarum,qaam

464 951 535 987 noa
565 939 772 1004 accontus,
800 933 1092 1012 philosophia.

196 1130 293 1203 Quum
323 1126 558 1206 comparabamas
585 1127 670 1186 modo
697 1149 764 1187 cum
802 1130 956 1209 Protagora
983 1130 1186 1209 similibusque
1215 1131 1340 1212 sophistis
1357 1144 1376 1188 et

155 1217 337 1308 philosophis
356 1224 524 1300 Platonem,
544 1224 656 1306 duplex
676 1227 900 1286 memoravimus
919 1227 1160 1309 philosophorum
1187 1249 1297 1308 genus,
1325 1248 1375 1306 quo·

12 1307 13 1322 χ
60 1321 66 1328 ’
155 1347 219 1403 rum
236 1350 302 1410 pars
322 1324 469 1384 κινεῖσθαι
489 1328 604 1398 omnia,
626 1325 715 1382 altera
736 1339 832 1383 autem
851 1347 918 1406 pars
939 1327 1136 1401 contrarium,
1166 1330 1264 1388 omnia
1283 1319 1376 1386 arira

154 1424 381 1485 contendebant.
423 1425 618 1502 Utrorumque
647 1424 820 1482 sententiam
849 1423 949 1498 Plato,
990 1425 1044 1482 hoe
1081 1423 1239 1486 scribendo
1266 1427 1376 1506 dialogo,

154 1522 233 1581 hunc
255 1521 430 1582 admodum
458 1537 487 1584 et
509 1521 642 1603 exposuit
663 1535 692 1580 et
712 1537 763 1600 per
794 1523 917 1580 ironiam
952 1522 1111 1600 exagitavit
1137 1536 1222 1601 atque
1251 1526 1375 1607 explosit,

156 1634 187 1679 ut
207 1619 293 1680 simul
323 1620 511 1702 etymologiae
540 1620 624 1678 istius
648 1620 868 1699 perversitatem
890 1618 1109 1680 demonstraret.
1134 1620 1317 1682 Inducuntur
1337 1624 1375 1682 hac

155 1717 244 1778 dere
275 1734 371 1779 secum
400 1721 528 1781 invicem
554 1715 751 1797 colloquentes
770 1718 966 1797 Hermogenes
983 1731 1012 1776 et
1032 1717 1185 1798 Cratylus,
1207 1741 1322 1798 quorum
1339 1722 1375 1779 hic

155 1817 344 1876 everborum
371 1816 583 1898 significatione
614 1818 711 1876 omnia
730 1814 818 1874 liuere
839 1815 1002 1875 contendit.
1045 1815 1174 1875 Socrates
1194 1819 1227 1877 in
1248 1834 1375 1897 utramque

156 1913 266 1995 partein
285 1913 433 1996 disputat,
456 1927 664 1988 veruntamen,
695 1912 775 1991 quod
803 1913 888 1972 nobis
907 1914 1027 1972 minime
1046 1928 1088 1972 est
1110 1915 1328 1995 negligendum,
1347 1917 1374 1973 il-

109 2003 116 2008 ’
156 2011 223 2086 lue,
245 2014 268 2072 si
287 2013 385 2072 minus
403 2013 559 2094 pervenit,
579 2011 731 2072 contendit
747 2025 845 2070 umen
865 2023 1049 2085 constanter,
1080 2025 1112 2070 ut
1127 2013 1169 2072 rei
1191 2029 1267 2074 recte
1283 2014 1373 2092 dijudi·

153 2109 262 2169 candae
280 2113 421 2170 rationem
441 2110 584 2171 inveniat.
625 2109 745 2186 Itaque,
766 2130 832 2167 eum
850 2108 1018 2189 philosophi
1037 2110 1096 2168 iere
1123 2130 1157 2169 ac
1180 2112 1317 2192 sophistae
1332 2133 1372 2170 so-

157 2229 228 2266 num
254 2208 339 2268 unice
367 2207 523 2270 verborum
548 2206 763 2282 attenderent,
784 2226 821 2265 ex
849 2223 938 2284 eoque
967 2206 1115 2287 quidqriid
1133 2201 1257 2268 ¹luberet
1282 2207 1375 2268 efficere

154 2319 349 2380 conarentur,
370 2305 517 2389 Socrates,
541 2306 624 2366 utin
643 2305 722 2365 omni
743 2304 970 2382 disquisitione,
992 2304 1032 2363 ita
1059 2305 1092 2365 in
1122 2305 1177 2364 hac
1206 2308 1375 2365 dialecticam

155 2402 336 2483 potissimum
365 2409 516 2462 rationem
542 2403 740 2484 usurpandam
770 2401 879 2461 statuit.
917 2401 1037 2460 «Prima
1065 2423 1135 2464 vero
1165 2407 1296 2480 nomina,
1326 2406 1375 2475 ait,

155 2513 228 2578 quae
248 2520 307 2560 non
325 2499 485 2561 succedunt
504 2501 588 2576 aliis,
607 2517 666 2579 quo
686 2514 770 2581 pacto
789 2517 876 2576 quarn
897 2500 1023 2558 maxime
1044 2520 1089 2558 res
1106 2501 1183 2579 ipsas
1202 2503 1283 2562 nobis
1298 2516 1375 2560 osten

155 2583 251 2658 dent?
264 2599 319 2674 ,Ad
337 2599 392 2660 hoc
410 2613 505 2660 autem
526 2599 599 2659 mihi
618 2597 769 2679 responde.
812 2596 843 2656 Si
864 2613 916 2657 nee
936 2603 1037 2658 vocem
1056 2617 1111 2656 nec
1127 2596 1257 2677 linguam
1275 2598 1375 2659 habuis

143 2705 265 2772 semus,
287 2697 477 2784 voluissemus
497 2709 592 2758 autem
611 2717 657 2756 res
678 2698 806 2758 invicem
827 2694 996 2769 declarare,
1019 2712 1118 2753 nonne
1129 2696 1253 2775 perinde
1269 2717 1301 2756 ac
1310 2715 1374 2754 nune

155 2797 246 2870 muti,
267 2795 402 2856 manibus
422 2797 574 2878 capiteque
590 2817 623 2856 ac
641 2797 761 2854 caeteris
781 2793 917 2854 membris
937 2791 1101 2873 significare
1119 2795 1375 2855 tentavissemusl-

67 2955 70 2962 Δ
155 2887 219 2966 Quo
250 2891 434 2969 enim'alio,
466 2915 482 2954 o
509 2884 658 2967 Socrates,
689 2891 844 2952 modol-
873 2890 904 2950 si
935 2892 1056 2972 superni
1081 2890 1259 2969 quidquam,
1290 2889 1375 2958 credo,

154 2990 202 3050 vel
222 2987 286 3051 leve
306 2987 453 3052 declarare
472 2992 661 3053 voluissemus
672 3035 680 3064 ,
701 2989 814 3049 coelum
833 3007 932 3050 versus
949 3009 1068 3048 manum
1096 2989 1316 3064 extulissemus,
1340 2987 1375 3065 ip·

151 3108 213 3146 sam
232 3089 275 3148 rei
294 3103 425 3158 naturam
445 3089 610 3164 imitantes;
642 3088 782 3148 inferiora
806 3102 875 3147 vero
887 3099 921 3144 'et
942 3083 1040 3166 gravia
1062 3083 1273 3165 significaturi,
1292 3084 1375 3146 deni·

152 3185 410 3244 sissemusterrarn
430 3203 529 3247 versus
548 3205 674 3245 manum.
711 3185 832 3263 Equum
853 3185 922 3244 item
942 3196 1105 3242 currentem
1125 3183 1174 3242 vel
1192 3183 1274 3244 aliud
1292 3179 1375 3263 quod-

154 3283 199 3342 vis
217 3283 386 3343 animalium
407 3283 430 3344 si
450 3283 641 3346 voluissemus
666 3282 816 3356 indicare,
847 3298 951 3362 eorpus
977 3281 1100 3360 quisque
1127 3296 1213 3340 suum
1242 3295 1376 3362 gestusque

153 3391 181 3437 et
199 3377 305 3460 figuras
323 3381 361 3442 iis
381 3378 528 3441 simillime
545 3381 758 3461 composuisset.
769 3379 945 3456 &Necesse
971 3391 1022 3438 est.
1034 3420 1070 3431 -
1089 3377 1177 3436 Hanc
1206 3377 1239 3436 in
1256 3378 1376 3448 modum,

153 3491 185 3550 ut
204 3478 329 3538 arbitror
339 3525 348 3555 ,
369 3497 473 3561 corpus
494 3478 683 3560 significasset
701 3477 816 3558 singula
826 3509 836 3551 ,·
860 3475 939 3535 illud
959 3477 1078 3535 imitans
1096 3473 1209 3534 scilicet
1229 3475 1306 3555 quod
1323 3473 1376 3536 vel-

153 3573 193 3634 let
211 3573 416 3637 declarare-
435 3577 620 3637 Omnino.'-
647 3576 719 3636 Cum
741 3591 810 3635 vero
827 3593 919 3649 voce,
951 3572 1051 3653 lingua
1073 3585 1100 3630 et
1119 3590 1167 3630 ore
1186 3572 1311 3633 velimus
1328 3573 1376 3649 sig·

152 3671 272 3732 nificare
290 3695 436 3754 quaeque,
467 3692 566 3732 nonne
594 3695 645 3755 per
671 3673 741 3732 haec
771 3670 1002 3746 declarabimus,
1024 3671 1076 3729 ubi
1098 3691 1150 3750 per
1168 3689 1200 3728 ea
1221 3657 1323 3729 imitati
1340 3686 1375 3725 res

151 3769 360 3832 fuerimusl-
377 3774 496 3831 Necesse
515 3790 574 3829 esse
592 3770 665 3828 mihi
687 3767 860 3830 videtur-
877 3771 988 3828 Nomen
1008 3780 1104 3827 autem
1123 3781 1182 3840 est,
1205 3775 1237 3825 ut
1253 3778 1376 3851 apparet,

150 3866 274 3928 imitatio
304 3871 402 3945 vocis,
431 3891 488 3948 qua
517 3868 685 3947 quicunque
714 3865 828 3946 aliquid
849 3867 998 3941 imitatur,
1018 3885 1071 3946 per
1089 3883 1192 3927 ,vocem
1211 3864 1340 3924 imitatur
1353 3873 1376 3918 et

150 3965 312 4026 nominat.”
338 3965 367 4047 l)
397 3967 598 4027 Veruntamen
619 3965 651 4022 in
670 3963 716 4023 his
732 3959 951 4043 alia'quaodam
972 3963 1094 4024 imitatio
1123 3975 1183 4035 est,
1213 3982 1298 4040 quarn
1315 3977 1377 4039 quat

148 4075 201 4142 per
220 4064 357 4124 musicam
380 4063 414 4123 fit
432 4050 653 4144 vel'pieturant.
694 4060 731 4120 Id
751 4064 846 4138 enim,
868 4062 947 4141 quod
964 4071 1026 4137 est,
1056 4063 1119 4124 sive
1135 4052 1237 4132 aicae
1255 4072 1297 4120 est
1316 4075 1375 4138 per·

147 4161 255 4241 ticeps,
275 4160 510 4244 exprimendum.
537 4152 649 4220 «itata
669 4155 715 4232 τίς
736 4153 773 4244 ἂν
793 4153 839 4244 εἴη
863 4154 882 4221 o‘
903 4153 1014 4244 τρόπος
1034 4159 1089 4242 τῆς
1110 4154 1296 4242 διαιρέσεως,
1311 4151 1379 4217 tae

150 4348 397 4358 —m

184 4451 626 4522 nmmmuman
