2872 5122
736 313 792 370 116

153 472 234 533 dium
248 473 414 554 praesertim
431 472 668 554 philosophorum
687 475 875 546 acerrimum,
896 493 953 552 quo
971 487 1095 533 mentem
1115 471 1270 532 humanam
1288 473 1364 533 inda-

153 571 278 652 gabant,
298 573 414 650 ejnsque
444 569 606 630 discernere
630 569 781 631 facultates
804 571 931 630 diversas
955 570 1124 630 tentabant:
1156 571 1235 630 unde
1261 573 1364 631 criticae

153 666 352 750 philosophiae
372 683 400 729 et
420 689 524 728 nomen
539 668 649 728 exstitit
667 667 775 729 deinde
789 683 817 729 et
835 670 987 728 auctoritas
1006 689 1123 729 summa.
1145 669 1202 728 Sed
1212 669 1282 730 hinc
1291 672 1364 730 etiam

154 765 295 826 infinitus
314 768 455 827 librorum
484 788 637 841 numerus,
655 768 705 846 qui
735 767 832 827 ubivis
858 765 1029 848 prodierunt
1058 766 1094 826 dc
1119 781 1196 826 recte
1221 768 1367 828 excolendo

153 864 288 940 homine,
310 867 329 924 i.
349 886 373 925 e.
393 865 430 924 de
449 885 603 946 puerorum
621 865 806 940 educatione,
832 865 868 924 de
883 865 988 945 optima
1003 864 1129 924 docendi
1145 865 1193 925 via
1208 879 1236 924 et
1255 867 1368 940 ratione,

155 962 191 1022 de
206 963 346 1023 doctrinis
365 963 402 1022 ad
421 984 598 1022 communem
608 963 744 1044 ,omnium
761 985 841 1022 usum
862 976 889 1021 et
911 961 1063 1022 utilitatem
1073 962 1268 1023 adhibendis:
1291 964 1369 1022 omni·
1421 945 1423 974 τ

156 1081 213 1136 no,
242 1075 274 1121 ut
301 1081 361 1118 rem
387 1061 486 1141 paucis
513 1060 703 1140 complectar,
720 1063 848 1120 sobolem
867 1063 995 1139 reliquit
1009 1062 1197 1139 philomelicis
1215 1071 1245 1120 et
1263 1067 1370 1122 vereen'
1422 1075 1423 1144 1

155 1166 189 1218 iet
210 1161 363 1218 hominum
382 1160 447 1216 luce
465 1168 494 1216 et
512 1160 684 1217 celebritate
703 1167 805 1236 eoepit.
1422 1149 1423 1152 Ἴ

197 1253 254 1316 Sed
281 1256 412 1335 quamvis
434 1255 580 1336 praeclara
606 1256 718 1316 fuerint
741 1270 891 1338 parentum
921 1270 1082 1316 nostrorum
1109 1259 1141 1317 in
1169 1257 1372 1342 philosophiam

157 1355 276 1430 merita,
297 1353 428 1434 quamvis
437 1353 509 1412 adeo
518 1367 619 1434 sponte
628 1354 812 1433 antiquorum
827 1355 947 1435 ingressi
962 1355 1021 1414 sint
1038 1356 1167 1435 vestigiis
1180 1375 1284 1434 eosque
1303 1374 1373 1435 supe·

157 1453 286 1514 raterint
304 1451 449 1525 subinde,
469 1463 538 1510 sunt
555 1465 651 1510 tamen
670 1452 780 1528 multa,
800 1473 872 1533 quae
892 1453 924 1512 in
948 1473 1045 1512 eornm
1065 1453 1175 1518 studiis,
1197 1473 1264 1511 cum
1292 1473 1379 1534 repre·

156 1548 313 1611 hendenda
331 1550 391 1609 sint
414 1547 517 1622 nobis,
531 1562 591 1610 tum
611 1551 834 1610 cautevitanda.
853 1552 968 1611 Nam-
979 1571 1016 1610 ne
1034 1547 1129 1610 dicam
1144 1551 1180 1611 de
1190 1550 1374 1632 popularitate

157 1647 225 1722 illa,
245 1647 292 1709 cui
303 1647 387 1706 cessit
399 1646 479 1710 haud
495 1669 559 1707 raro
577 1649 698 1708 interior
716 1670 811 1710 rerum
830 1649 1113 1730 inquisitiossquod
1122 1648 1196 1709 Baco
1216 1662 1244 1708 et
1260 1648 1375 1708 Lockius

158 1759 242 1804 antea
259 1745 463 1834 instituerant,
484 1758 516 1804 ut
535 1744 680 1806 hominem
702 1728 904 1828 explorarent,
925 1745 979 1806 hoc
1006 1747 1047 1806 ita
1074 1748 1215 1827 persecuti
1234 1761 1305 1807 sunt
1326 1761 1376 1806 tum

158 1842 246 1922 Angli
265 1843 414 1924 plerique,
435 1857 495 1902 turn
513 1842 693 1903 Gallofranci
714 1841 901 1925 philosophi,
921 1859 952 1903 ut
980 1849 1079 1903 serisus
1101 1844 1287 1907 attenderent
1314 1846 1377 1906 dili-

157 1941 319 2021 gentissime
346 1941 474 2024 corporis
501 1942 642 2018 humani,
670 1939 731 2004 vim
760 1943 886 2003 hominis
914 1945 1077 2018 internam,
1097 1945 1245 2012 internum
1272 1964 1377 2004 seusun

158 2039 211 2101 vix
229 2037 421 2100 attenderent.
462 2042 526 2115 Quo
550 2043 723 2116 effecerunt,
744 2055 776 2099 ut
786 2085 802 2115 ,.
815 2042 921 2121 partim
945 2041 1062 2101 homine
1086 2042 1191 2100 eximie
1220 2043 1378 2124 explorato,

158 2136 213 2198 hac
232 2159 301 2199 tero
319 2151 400 2220 parte
424 2140 581 2222 praecipui
606 2140 737 2220 neglecto
760 2160 893 2220 prorsus,
914 2141 1010 2222 ipsum
1033 2140 1198 2215 hominem,
1217 2141 1236 2200 i.
1255 2162 1282 2201 e.
1303 2155 1380 2201 natu-

159 2255 220 2294 ram
238 2236 392 2312 moralem,
412 2237 575 2296 aeternitati
600 2236 789 2325 destinatam,
811 2258 871 2297 non
899 2251 1012 2296 tantum
1027 2241 1092 2296 vnon
1116 2237 1318 2318 explicarent,
1338 2236 1380 2297 sed

162 2332 348 2394 obscurarent
363 2355 487 2415 prorsus.
529 2335 711 2396 Exstiterunt
734 2334 825 2411 adeo,
846 2337 896 2416 qui
919 2336 1036 2417 plantae
1061 2335 1225 2410 hominem,
1247 2335 1320 2411 alii,
1339 2334 1381 2416 qui

163 2430 312 2490 machinae
331 2432 459 2491 facerent
476 2433 618 2508 similem,
640 2433 798 2509 nonnulli,
819 2436 869 2513 qui
889 2447 917 2493 et
935 2433 1082 2493 hominem
1101 2447 1129 2492 et
1149 2454 1244 2493 rerum
1265 2436 1380 2493 unirer-

162 2529 274 2588 sitatem
293 2527 361 2587 solis
378 2531 486 2591 moveri
505 2530 680 2591 mechanicis
698 2532 812 2593 viribus
831 2531 997 2612 legibusque
1017 2530 1235 2592 contenderent.
1258 2533 1381 2608 Quorum

82 2627 86 2634 '
162 2626 232 2687 libri
252 2627 314 2708 ipsh
333 2626 405 2702 itte,
425 2645 481 2707 qua
501 2631 653 2711 perscripti
669 2644 765 2706 erant,
785 2631 989 2712 perspicuitate
1009 2644 1036 2690 et
1055 2630 1266 2712 popularitate,
1288 2629 1380 2690 multis

162 2718 375 2808 persuadebant
401 2727 554 2805 opiniones
579 2728 682 2804 hasce,
709 2750 797 2807 eoque
820 2728 1033 2810 persuadebant
1061 2725 1179 2792 facilius
1207 2729 1384 2808 certiusque,
1424 2735 1425 2740 ’

165 2846 222 2902 quo
245 2825 380 2901 majorem
408 2822 495 2902 vulgo
521 2825 653 2886 homines
679 2827 771 2886 oculis
792 2826 901 2887 habent
928 2825 1034 2901 fidem,
1053 2847 1139 2905 quam
1166 2827 1314 2903 internis,
1342 2823 1385 2886 sed
1424 2837 1425 2848 ¹

165 2922 380 2983 obscurioribus
397 2923 485 2981 animi
506 2923 646 2998 sensibus.
668 2925 766 2985 Alieni
785 2925 823 2984 ab
841 2925 920 2986 hisce
938 2925 1109 3006 opinionum
1127 2926 1297 2988 commentis
1315 2946 1385 2984 man·

166 3035 264 3080 serunt
283 3020 410 3082 melioris
429 3021 624 3100 graviorisque
652 3023 761 3082 indolis
786 3024 862 3097 viri,
884 3043 976 3101 neque
1005 3023 1115 3083 exstitit
1140 3021 1218 3104 apud
1235 3021 1387 3084 Germanos

166 3117 324 3182 Batavosve
340 3119 563 3202 pauloquidem
582 3120 735 3180 humanior
754 3122 950 3200 celebriorque
974 3119 1163 3202 philosophus
1173 3167 1182 3196 ,
1203 3121 1253 3200 qui
1272 3121 1388 3202 indigna

166 3216 236 3276 haec
255 3216 372 3278 homine
386 3217 495 3300 placita
509 3221 570 3279 sive
583 3220 724 3301 proferret
741 3221 773 3278 in
789 3220 883 3279 lucem
898 3221 959 3280 sive
976 3217 1204 3281 commendaret:
1227 3221 1279 3280 sed
1293 3240 1386 3282 eorun-

168 3313 233 3374 dem
251 3314 459 3376 Germanorum
477 3315 556 3377 haud
575 3318 661 3401 pauci
681 3317 818 3391 fuerunt,
837 3317 1042 3398 posterioribus
1066 3318 1190 3376 maxime
1217 3319 1388 3400 temporibus

168 3411 265 3488 hisce,
286 3413 336 3494 qui
354 3415 523 3494 inquirendi
544 3417 715 3504 diligentiae
745 3418 948 3494 severitatique
976 3435 1108 3491 omnem,
1129 3417 1181 3480 vix
1211 3415 1303 3476 ullam
1332 3437 1387 3499 per·

169 3511 314 3592 spicuitati
325 3506 443 3592 ¹operam
462 3528 619 3590 natantes,
630 3529 658 3574 et
672 3515 731 3574 suis
748 3515 875 3596 ipsorum
885 3514 1000 3594 placitis
1019 3526 1047 3572 et
1065 3514 1117 3573 toti
1136 3513 1337 3595 philosophiae
1354 3513 1389 3572 sic

168 3607 300 3668 tenebras
323 3611 522 3686 offunderent,
548 3626 579 3671 ut
602 3613 638 3672 ab
658 3615 719 3691 ejus
739 3614 836 3674 studio
853 3627 881 3676 et
907 3612 1089 3692 cognitione,
1110 3613 1238 3693 exceptis
1267 3612 1390 3696 philoso-

169 3706 252 3788 phie,
274 3723 397 3768 caeteros
419 3710 550 3772 homines
574 3712 763 3772 excluderent
781 3732 887 3772 omnes.
930 3711 1022 3784 Quam
1050 3710 1278 3792 philosophandi
1307 3711 1390 3772 ratio-

171 3826 237 3864 nem
246 3851 255 3881 ,
275 3805 373 3868 ubivis
392 3807 479 3867 hodie
499 3808 532 3868 in
551 3806 613 3869 dies
629 3810 853 3872 invalescentem
868 3809 972 3889 magis,
986 3821 1044 3871 tam
1058 3808 1169 3870 artibus
1183 3809 1389 3888 doctrinisque,

169 3925 255 3981 quam
273 3907 329 3989 ipsi
348 3906 546 3989 philosophiae
566 3907 749 3969 vehementer
763 3929 880 3984 nocere,
895 3927 979 3966 nemo
997 3921 1038 3966 est
1048 3953 1057 3982 ,
1073 3908 1146 3986 quin
1164 3921 1266 3990 sponte
1283 3904 1390 3978 videat,

171 4015 200 4060 et
219 4002 274 4081 ipsi
293 4000 422 4064 fatentur
441 3991 597 4086 dolentque
617 4006 748 4066 cultioris
767 4007 879 4088 ingenii
899 4005 1046 4066 Germani.

211 4100 340 4181 Longum
358 4103 431 4178 hoc,
453 4101 530 4162 dicat
549 4104 673 4184 aliquis,
701 4106 876 4186 prooemium
894 4118 953 4164 est:
984 4098 1100 4186 μακρόν
1121 4098 1157 4164 td
1178 4101 1333 4184 προοίμιον
1352 4097 1391 4185 τῷ

171 4195 366 4279 ἐπιθυμοῦντι
388 4195 517 4261 denerat.
552 4205 661 4264 Verum
681 4218 807 4266 nostrum
825 4227 887 4265 non
907 4205 961 4266 hoc
983 4207 1068 4266 unice
1088 4206 1265 4288 propositum
1283 4218 1343 4278 cst,
1363 4215 1391 4260 ut

170 4302 382 4385 philosophiam
412 4303 539 4363 Platonis
568 4305 807 4386 interpretemur,
829 4302 908 4388 illud
937 4319 1096 4386 spectamus
1124 4306 1211 4380 item,
1238 4302 1315 4384 quod
1330 4304 1391 4380 jure

172 4400 276 4481 aliquis
293 4401 329 4459 ab
349 4403 506 4484 interprete
525 4402 668 4483 postulet,
679 4414 710 4461 ut
730 4401 947 4484 interpretanda
961 4403 994 4462 ea
1006 4403 1205 4485 praesentibus
1222 4400 1391 4484 temporibus

173 4501 362 4569 consulamus.
405 4502 493 4562 Nemo
520 4515 578 4578 est,
599 4503 673 4581 quin
698 4516 777 4584 optet
795 4501 949 4575 ardenter,
980 4516 1030 4579 ut,
1060 4524 1146 4583 quarn
1176 4503 1253 4564 viam
1278 4501 1392 4562 iniimus
