2908 5114
668 273 727 334 ³13

117 439 213 500 Sed'
206 463 237 500 m
268 441 359 522 ipsius
376 437 486 519 placito
503 436 651 511 Platonis,
671 433 751 528 quqd
771 432 909 496 Cicero'
887 455 948 496 sive
975 457 1012 497 ne
1048 435 1144 514 vidit,
1165 438 1226 500 sive
1246 457 1308 498 ver

76 525 141 596 bis
146 561 207 598 non
234 537 392 620 expressit,
413 536 473 597 vim
493 534 663 594 dialecticae
682 555 719 592 ne
741 536 1010 615 praetermittamus.
1053 537 1119 597 Non
1137 537 1228 596 solum
1248 535 1304 595 hoc

76 637 219 716 praecipit
236 636 327 716 apud
332 653 398 692 eum
416 633 563 707 Socrates,
585 644 631 706 ut,
658 632 708 710 qui
727 633 855 696 civitatis
873 632 965 714 futuri
985 627 1106 716 perfecti
1125 635 1307 730 magistratus

76 745 162 805 sunt,
192 733 415 813 disciplinarum
448 729 632 808 conspiciant
669 729 871 808 cognationem
899 722 1046 806 mutuam,
1077 730 1127 791 sed
1158 751 1228 791 vero
1252 730 1308 788 hoc

76 829 163 902 item,
196 843 228 888 ut
254 829 433 910 perspiciant
459 826 546 900 simul
566 825 637 886 τοῦ
658 818 777 900 ὄντος
802 842 945 894 naturam.
987 829 1050 888 Hoc
1070 843 1165 887 autem
1184 842 1217 887 ut
1236 827 1306 902 liat,

76 939 107 983 ut
126 947 187 985 non
208 925 351 985 fluctuent
365 923 497 984 custodes
514 927 721 1006 opinionibus,
742 925 847 986 sed-ad
864 947 959 984 rerum
979 927 1144 1001 scientiam,
1165 926 1307 985 imovero

74 1022 112 1081 ad
139 1022 215 1084 τοῦ
245 1017 362 1096 ὄντος
394 1016 519 1102 φύσιν
549 1026 743 1104 pervenienti
773 1024 971 1084 arithmeticae
997 1022 1115 1102 quidem
1132 1023 1307 1100 caeterisque

74 1120 243 1203 disciphnis
268 1124 369 1199 Plato,
390 1122 441 1182 sed
470 1124 599 1181 omnium
626 1123 750 1181 maxime
776 1122 947 1181 dialecticae
975 1119 1164 1180 efficiendum
1191 1119 1306 1178 tribuit.

74 1219 187 1279 Tenere
206 1221 261 1280 hoc
279 1222 346 1281 illos
365 1220 504 1296 decebat,
524 1221 575 1300 qui
600 1221 721 1299 antique
750 1221 928 1298 maximeque
954 1219 1112 1278 recentiore
1130 1235 1202 1277 aevo
1221 1236 1306 1296 ency·
1399 1218 1400 1228 ’

73 1315 254 1396 clopaediam
278 1319 419 1379 conficere
439 1319 624 1378 studuerunt.
666 1319 732 1378 Non
748 1332 809 1378 erat
829 1319 924 1393 satis,
936 1331 1010 1377 artes
1028 1315 1231 1392 doctrinasque
1249 1314 1306 1372 sin·

73 1414 155 1492 gulas
172 1416 206 1474 in
226 1437 291 1475 suos
310 1417 387 1476 locos
404 1416 604 1493 distribuisse3
636 1416 688 1476 sed
716 1437 800 1474 suum
830 1417 935 1494 cuique
964 1429 992 1474 et
1022 1415 1076 1474 arti
1106 1426 1135 1471 et
1155 1411 1306 1471 doctrinae

73 1512 218 1591 assignare
237 1513 414 1594 propositum
424 1557 433 1588 ,
454 1511 505 1572 sed
524 1513 672 1573 universas
691 1514 731 1572 sic
754 1513 868 1572 tradere
878 1525 891 1589 ,'
909 1526 941 1571 ut
966 1530 1146 1572 communem
1175 1528 1309 1587 asseque-

73 1623 175 1668 rentur
203 1609 290 1668 finem
302 1656 311 1686 ,
332 1612 480 1686 veritatis,
501 1604 595 1671 edred
613 1611 670 1672 reti
691 1604 794 1684 ὄντος,
815 1611 849 1670 in
876 1611 963 1669 rebus
984 1610 1118 1669 omnibus
1140 1606 1307 1680 scientiam,

74 1704 142 1764 haec
164 1706 282 1766 demum
301 1709 375 1766 ratio
393 1710 557 1770 verissimae
577 1713 817 1793 encyclopaediae
835 1723 895 1785 est,
916 1728 1002 1788 quam
1022 1707 1111 1788 plane
1147 1705 1253 1778 refert,
1276 1715 1309 1760 ut

74 1804 257 1879 monuimus,
277 1804 461 1886 philosophia
480 1807 638 1869 Platonica.
687 1811 740 1869 Per
763 1807 945 1869 dialecticam
972 1807 1096 1864 maxime
1129 1807 1246 1884 ejusque
1269 1805 1308 1865 ad

75 1901 227 1962 veritatem
246 1902 455 1963 inveniendam
476 1905 671 1985 tuendamque
696 1905 913 1983 efficacitatem‚
933 1900 1052 1964 παιδεία
1072 1899 1117 1978 fit,
1153 1911 1309 1964 institutio

74 1999 203 2058 hominia
213 2043 223 2073 ,
241 1991 263 2079 ἡ
285 1997 531 2080 ἒγκυκλοπαιδιία.

114 2097 174 2156 Nec
205 2119 273 2161 vero
301 2103 387 2160 etiam
415 2101 504 2160 hoc
496 2123 528 2162 ιιι
557 2100 706 2161 Platonico
733 2104 841 2184 placito
864 2102 980 2162 silentio
1010 2067 1306 2182 praetermittendum.

75 2186 169 2254 Φύσιν
194 2212 335 2257 memorat
359 2198 488 2260 Socrates
507 2193 694 2280 διαλεκτικην.
746 2199 805 2259 Ubi
835 2195 874 2261 tei
902 2194 1002 2282 χυδην
1021 2193 1209 2279 μαθήματα,
1247 2199 1306 2273 ait,

72 2297 232 2372 juvenibus
256 2298 361 2356 uostris
387 2293 419 2357 in
449 2320 540 2359 unum
572 2301 789 2382 collegerimus,
811 2304 1040 2383 experimentum
1071 2301 1156 2360 nobis
1183 2299 1307 2360 maxime

76 2394 145 2468 erit,
164 2415 237 2454 ιιιιιιι
258 2387 347 2474 φύσιν
368 2387 550 2479 damaetam
570 2402 706 2460 habeant.
749 2400 835 2474 Quod
852 2415 953 2480 sponte
976 2421 1029 2459 nos
1049 2420 1115 2458 eum
1131 2399 1168 2458 iis
1185 2400 1305 2476 coujun-

76 2489 183 2568 gimus,
206 2514 279 2572 quae
306 2495 343 2553 ab
363 2496 451 2557 initio
470 2499 506 2558 de
528 2493 614 2580 φύσει
637 2491 793 2582 φιλοσόφῳ
814 2497 959 2578 disputata
989 2511 1067 2556 sunt.
1109 2496 1228 2555 Scilicet
1247 2511 1308 2554 non·

76 2587 205 2648 indolem
226 2591 388 2672 significat,
410 2591 550 2658 sicamina
578 2601 672 2660 solum
699 2613 727 2659 et
748 2605 916 2680 sagacitate
944 2597 1108 2674 insignem,
1128 2613 1201 2671 quae
1227 2592 1308 2652 dotes

76 2683 107 2742 in
127 2685 347 2748 dialecticorum
364 2690 612 2773 disputationibus
639 2697 756 2756 elucent
779 2697 854 2771 fere,
876 2692 927 2752 sed
937 2737 946 2768 ,
975 2705 1007 2751 ut
1021 2691 1230 2769 philosopham
1256 2690 1309 2749 in·

76 2779 169 2842 dolem
187 2800 290 2862 vocat,
310 2809 400 2866 quae,
422 2793 484 2853 veri
506 2815 600 2854 amore
629 2791 878 2875 cognoscendique
898 2789 994 2849 studio
1015 2789 1153 2847 acerrimo
1173 2788 1307 2864 incensa,

77 2877 150 2970 nihil
170 2904 248 2958 non,
272 2885 351 2962 quod
369 2888 487 2967 cognitu
507 2891 630 3001 dignum
649 2906 710 2968 est,
731 2889 845 2950 assidue
867 2889 1039 2968 investigat,
1060 2887 1101 2947 ita
1118 2886 1199 2947 hunc
1219 2884 1308 2945 habet

77 2959 179 3054 priora
203 2978 444 3060 ὃιαλεκτικον,
466 2989 538 3065 qui,
560 3004 593 3049 ut
613 2990 730 3070 singula
758 2988 905 3049 cernendo
930 2983 1139 3066 jungendoque
1156 2997 1235 3059 nte
1255 2981 1307 3042 sed

77 3083 213 3158 sparsim,
233 3086 388 3164 cognovit,
409 3087 450 3146 ita
471 3088 607 3151 universa
634 3101 730 3147 mente
750 3085 969 3168 complectitur,
991 3084 1198 3160 veritatemque
1218 3081 1251 3139 in
1270 3080 1307 3138 iis

77 3177 209 3239 omnibus
226 3183 375 3262 perspicit.
412 3177 445 3246 ‘0
469 3181 527 3264 μὲν
553 3179 611 3266 γάρ
638 3177 827 3258 συνοπτικός,
854 3175 1042 3255 διαλεκτικός·
1071 3172 1087 3240 ὁ
1113 3175 1149 3239 δὲ
1174 3171 1235 3259 μή,
1263 3170 1307 3238 oo’i.

77 3272 149 3336 Haec
169 3281 361 3360 percipienda
377 3285 459 3346 Plato
479 3287 637 3347 arbitratus
659 3301 701 3346 est
722 3309 737 3347 e
759 3285 983 3367 disciplinarum
1009 3283 1191 3360 maximeque
1217 3281 1307 3341 diale-

78 3373 162 3434 cticae
183 3377 300 3437 studio:
327 3384 433 3461 quique
454 3386 494 3444 sic
515 3387 552 3445 iis
573 3386 710 3446 excultus
738 3385 857 3465 ingenio
877 3385 1030 3462 animoque
1050 3395 1127 3441 totus
1148 3393 1206 3454 est,
1226 3378 1306 3437 hunc

19 3487 22 3494 “
78 3487 92 3526 e
109 3473 260 3552 spectabili
279 3480 410 3557 mundo,
430 3495 571 3562 tanquam
589 3504 626 3542 ex
648 3497 731 3542 antro
752 3481 877 3561 quodam
888 3526 897 3557 ,
918 3482 951 3540 in
970 3480 1113 3539 mundum
1131 3470 1252 3558 νοητδν,
1273 3480 1307 3537 in

79 3565 164 3646 ipsius
193 3573 324 3636 veritatis
354 3599 475 3659 regnum
504 3581 657 3640 escendere
676 3580 839 3640 contendit.
880 3578 967 3654 Quod
994 3578 1163 3660 philosophi
1192 3579 1307 3636 effatum

75 3684 134 3728 nen
153 3671 241 3731 semel
256 3674 319 3750 jam
338 3679 642 3756 commemoravimus,
663 3677 715 3738 hle
733 3693 828 3738 autem
847 3679 1028 3757 quaerimus,
1048 3696 1133 3756 quem
1154 3674 1306 3735 intellexe-

79 3873 342 3906 ..ῃ-μζ

79 4014 117 4067 hle
141 4023 254 4090 addere,
273 4043 384 4096 quaep.
403 4029 436 4081 tr
453 4046 495 4082 me
512 4029 633 4102 lugeret,
650 4033 798 4104 corrigendi
812 4033 865 4086 loci
885 4035 915 4086 de
934 4033 1004 4086 Orat.
1023 4031 1043 4084 l.
1066 4033 1099 4098 t,
1117 4031 1152 4084 26
1169 4033 1304 4085 rationem.

81 4097 122 4154 Ubi
147 4110 216 4174 quod
240 4110 347 4180 legitur:
365 4116 534 4168 ἀιίἰιιίιιιι-
499 4119 696 4187 -deploratu‚
715 4121 795 4171 risum
813 4128 910 4171 movet
938 4117 1065 4170 Divinitas
1081 4119 1222 4170 illustratur
1239 4134 1305 4184 pro·

79 4188 163 4242 xlmis
180 4203 208 4245 ut
221 4197 331 4248 ailail-
348 4202 472 4253 emesam.
496 4203 549 4255 Sed
571 4205 722 4272 deplorando
736 4205 883 4257 iuturauou
899 4205 1091 4274 praevidemus
1111 4203 1197 4264 Quare
1210 4203 1305 4270 legen-

81 4270 135 4324 dum
154 4278 269 4332 videtur:
307 4285 360 4348 Quo
381 4288 508 4353 quidem
496 4305 524 4339 ιιι
550 4306 661 4341 ammone
683 4291 761 4342 multa
783 4293 901 4343 divinitas
921 4308 938 4341 a
961 4292 1039 4342 tribua
1062 4291 1111 4340 iltis
1134 4287 1306 4340 emunaetas

80 4354 144 4489 fatte
165 4365 280 4514 deiipjle
302 4370 439 4454 peclatu
460 4382 484 4424 et
506 4385 694 4430 commemorare
713 4377 971 4430 marcennarius
998 4377 1046 4430 luit
1064 4376 1175 4427 librariis
1195 4375 1303 4427 eherm-

91 4456 167 4492 1o.-
232 4487 239 4499 .
