2838 5120
168 449 335 518 parentent,
355 435 525 494 efflorescere
544 435 575 494 in
595 433 715 494 Graecia
732 435 902 496 dialecticae
921 434 1016 495 studia
1033 447 1198 515 coeperunt.
1219 432 1385 492 scribebant

169 535 289 596 obscure
317 533 463 593 etiamtum
491 532 649 609 nonnulli,
681 534 712 592 in
740 534 846 614 quibus
875 534 1039 594 Heraclitus
1069 530 1121 593 ille
1151 525 1310 604 σκοτεινόςς
1340 532 1384 590 sed

165 635 372 715 Hippocrates,
401 633 598 707 Democritus,
628 633 817 712 Pythagorei,
847 633 978 712 quamvis
998 634 1101 694 naturis
1121 635 1209 714 magis
1228 655 1312 713 quain
1330 645 1384 690 arte

165 732 358 806 excellentes,
387 745 451 812 apte
472 733 532 808 jam
559 729 745 810 dilucideque
772 731 927 792 scribendo
954 732 1164 813 philosophiam
1194 731 1383 814 explicabant.

165 835 263 904 Artem
290 851 358 890 vero
383 828 419 888 de
447 828 591 889 industria
620 841 741 888 tractare
770 827 892 890 Eleatici
912 842 940 888 et
958 830 1095 910 Megarici
1120 831 1306 912 philosophi,
1328 843 1383 888 tum

153 931 250 988 etiam
269 928 418 1009 Sophistae
436 927 627 1002 studuerunt,
647 927 678 986 hi
698 926 843 1002 dicendo,
864 929 1043 988 orationibus
1062 929 1098 988 de
1119 929 1211 988 nullis
1228 923 1288 987 'cnon
1303 925 1384 985 rebus

163 1012 284 1108 publice
310 1025 472 1098 habendis,
503 1027 616 1106 scriptis
645 1026 713 1083 item
741 1025 778 1084 de
807 1026 868 1106 ipsa
896 1039 956 1085 arte
976 1025 1114 1086 edendis:
1132 1026 1180 1086 illi
1198 1025 1385 1105 colloquendo

163 1127 271 1207 magis,
293 1126 353 1184 sive
380 1124 622 1203 argumentando,
643 1125 825 1203 invicemque
845 1123 1037 1204 disputando,
1060 1127 1120 1186 sive
1140 1127 1235 1207 potius
1255 1125 1384 1204 captiosis

164 1222 450 1303 interrogatiunculis
476 1222 532 1280 sibi
561 1223 687 1282 invicem
711 1221 749 1282 ad
767 1221 978 1281 confutandum
997 1223 1078 1302 quasi
1099 1224 1216 1283 insidiis
1232 1221 1380 1282 struendis.

164 1320 222 1381 Sed
250 1318 395 1401 quidquid
421 1321 455 1379 in
482 1319 547 1378 aliis
575 1320 795 1400 quibuscunque
812 1320 949 1380 Graeciae
968 1322 1133 1402 regionibus
1152 1323 1214 1384 sive
1232 1321 1311 1380 uluo
1326 1320 1377 1378 sire

164 1435 224 1479 arte
252 1431 401 1478 tentarunt
427 1418 480 1476 hac
507 1418 540 1478 in
570 1439 600 1476 re
626 1419 810 1500 philosophi,
840 1419 969 1491 omnium
997 1422 1097 1480 merita
1123 1434 1151 1480 et
1170 1404 1338 1501 superarunt
1353 1431 1377 1474 et

161 1518 358 1577 obscurarunt
386 1516 458 1575 adeo
482 1516 732 1577 Athenienses.
774 1519 885 1577 Horum
910 1519 1013 1578 civitas
1032 1532 1094 1600 post
1111 1519 1223 1578 bellum
1242 1517 1381 1576 Persicum

161 1617 306 1675 theatrum
335 1635 394 1674 esse
413 1615 507 1695 coepit
526 1615 630 1674 artium
650 1617 778 1674 omniurn
798 1630 825 1675 et
843 1615 1057 1693 docrinarum,
1078 1639 1134 1696 quo
1152 1630 1179 1676 et
1198 1616 1249 1675 alii
1268 1613 1383 1674 aliunde

163 1727 191 1773 et
209 1713 404 1793 undecunque
431 1711 581 1793 Sophistae
611 1713 807 1788 confluentes,
829 1714 878 1774 htc
899 1735 994 1773 rerum
1013 1715 1165 1795 peritiam,
1185 1715 1234 1775 hle
1252 1712 1383 1793 eloquen-

78 1819 86 1838 ⁸
160 1813 218 1872 tiae
248 1812 431 1886 facultatem,
456 1811 506 1870 bic
533 1810 656 1870 maxime
681 1811 756 1871 bene
777 1812 896 1873 dicendi
914 1813 1117 1892 scribendique
1135 1828 1224 1874 artem
1242 1827 1271 1872 et
1289 1827 1383 1872 osten-

161 1911 262 1994 tabant
290 1910 407 1992 publice
438 1923 465 1968 et
494 1909 645 1970 docebant.
688 1912 745 1984 Qui
766 1931 834 1971 vero
854 1912 885 1970 in
905 1911 984 1971 bisce
1002 1924 1059 1970 tam
1080 1911 1281 1991 eloquentiae,
1302 1931 1380 1991 quam

162 2008 330 2069 dialecticae
359 2007 445 2066 laude
473 2029 541 2089 prae
561 2009 679 2068 caeteris
696 2009 896 2068 inclaruerunt
916 2007 1070 2084 omnibus,
1088 2031 1150 2070 non
1168 2009 1319 2082 advenae,
1339 2005 1379 2066 sed

161 2107 289 2185 ejusdem
316 2107 404 2185 hujus
432 2106 559 2166 civitatis
585 2105 714 2186 inclytae
739 2108 817 2167 cives
847 2109 994 2166 fuerunt.¹
1022 2107 1087 2166 Uno
1107 2111 1178 2166 urbs
1199 2108 1327 2180 Attico,
1347 2107 1379 2162 ait

161 2207 292 2285 Vellejus
320 2205 505 2279 Paterculus,
520 2207 664 2283 plurilus
685 2229 775 2264 aenae
795 2209 997 2286 eloquentiae,
1019 2229 1108 2284 quum
1129 2209 1274 2266 universo
1295 2204 1378 2262 Grue-

160 2314 228 2381 cio,
257 2307 394 2383 operibus
414 2305 539 2380 floruit.
565 2301 594 2383 l)
634 2305 783 2386 Principes
808 2319 932 2364 oratores
959 2306 1048 2365 Attici
1077 2307 1197 2364 fuerunt
1216 2303 1342 2363 Pericles
1355 2315 1377 2359 et

156 2403 378 2465 Demosthenes:
400 2403 488 2461 Attici
514 2402 697 2481 eloquentiae
714 2403 844 2463 doctores
861 2405 991 2484 primarii
1012 2404 1163 2484 Antiphon
1181 2418 1209 2464 et
1227 2403 1377 2462 Isocrates:

156 2504 271 2578 Attici,
302 2499 380 2581 quod
407 2502 529 2560 maxime
550 2499 857 2576 animadvertendum,
879 2501 1048 2561 dialecticae
1067 2521 1217 2580 germanae
1238 2515 1378 2574 auctores,

160 2603 289 2663 Socrates
314 2614 342 2659 et
368 2599 458 2658 Plato.
499 2599 536 2658 Et
565 2600 588 2658 si
615 2600 665 2678 qui
694 2599 816 2659 aliunde
843 2598 960 2659 oriundi
978 2600 1024 2659 bis
1037 2599 1146 2660 studiis
1166 2581 1377 2668 excelluerunt,

161 2716 193 2761 ut
218 2697 402 2778 Aristoteles,
432 2696 601 2756 dialecticus
628 2697 716 2778 plane
742 2711 970 2774 consummatus,
1001 2718 1171 2776 quamquam
1194 2720 1253 2759 non
1274 2711 1375 2770 orator,

159 2800 191 2859 bi
210 2799 270 2856 fere
290 2811 320 2855 et
338 2796 410 2856 dicti
428 2809 495 2855 sunt
515 2796 603 2855 Attici
623 2809 651 2853 et
668 2794 778 2870 babiti,
799 2798 907 2877 quippe
926 2795 1053 2874 ejusdem
1074 2796 1154 2855 urbis
1168 2797 1279 2856 Atticae
1298 2795 1375 2854 disci·

159 2897 250 2979 plinis
277 2917 293 2952 a
322 2908 419 2953 tenera
449 2894 519 2954 inde
546 2908 636 2953 aetate
664 2893 768 2953 imbuti
800 2909 827 2954 et
850 2895 970 2954 exculti.
1011 2895 1203 2969 Quamobrem
1222 2891 1373 2952 studiorum

159 2996 262 3054 horum
280 2994 365 3053 initia
384 2991 502 3052 aliunde
522 2992 676 3073 repetenda
696 3005 780 3066 sunt,
813 2992 862 3052 sed
881 2993 943 3074 ipsa
962 3007 1020 3051 tam
1037 2991 1184 3073 cogitandi
1202 2991 1278 3050 bene
1298 3011 1370 3070 quan

159 3091 278 3152 dicendi
307 3112 352 3150 ars
381 3091 501 3150 Athenis
517 3090 643 3149 ‘demum
665 3090 701 3149 ab
721 3091 792 3172 ipsis
810 3090 1036 3150 Atheniensibus
1055 3092 1095 3150 sic
1115 3090 1193 3150 culta
1212 3105 1272 3164 est,
1294 3104 1325 3148 ut
1343 3087 1371 3144 ah

158 3191 204 3250 bis
231 3191 316 3249 unice
345 3202 373 3248 et
402 3188 534 3268 aequales
559 3203 587 3246 et
607 3190 713 3270 posteri
733 3189 865 3270 exempla
883 3189 1022 3248 duxerint
1040 3187 1079 3248 ad
1098 3188 1274 3249 hodiernum
1294 3205 1372 3266 usqm

159 3308 261 3346 aevum
272 3333 280 3360 ,
300 3305 373 3366 quae
394 3297 453 3345 non
473 3285 538 3346 dico
558 3307 708 3368 superare,
730 3288 780 3347 sed
799 3309 921 3367 aequare
941 3287 993 3348 vix
1011 3301 1176 3368 potuerunt.
1203 3288 1262 3346 Nec
1279 3300 1371 3344 temere

158 3385 306 3459 dicamus,
342 3399 481 3465 quantum
521 3385 624 3445 Graeci
663 3388 782 3445 caeteris
808 3388 925 3468 populis
952 3387 1147 3468 praestiterint
1182 3383 1370 3467 philosophiae

158 3483 273 3558 studio,
302 3497 415 3542 tantum
435 3484 597 3565 eloquentia
617 3499 645 3544 et
664 3484 815 3546 dialecticd
835 3486 953 3544 caeteris
970 3484 1086 3544 Graecis
1104 3485 1278 3566 praestitisse
1294 3481 1370 3542 Athe·

157 3601 281 3642 menses.

196 3680 366 3739 Debuerant
392 3681 468 3740 hanc
496 3681 615 3761 gloriam
644 3683 778 3743 Athenae·
792 3682 947 3763 praeclaris
967 3680 1145 3755 oratoribus,
1166 3702 1236 3761 quos
1255 3675 1368 3761 protule-

157 3793 243 3855 runt,
276 3779 326 3838 sed
354 3779 522 3838 dialecticae
548 3780 656 3857 initia,
678 3802 750 3860 quae
771 3794 798 3839 et
817 3801 950 3861 germana
967 3794 1037 3840 esset
1056 3799 1109 3838 nec
1130 3779 1168 3838 ad
1188 3776 1367 3857 eloquentiam
1413 3781 1414 3790 ¹

155 3888 268 3934 tantum
286 3878 499 3937 informandam
519 3883 573 3937 rite
584 3925 592 3954 ,
614 3879 664 3940 sed
682 3879 719 3938 ad
739 3880 829 3960 ipsam
849 3877 1000 3938 colendam
1019 3877 1233 3960 philosophiam
1252 3875 1364 3940 valeret,
1412 3915 1413 3918 ,

156 3974 243 4052 hujus
260 3977 345 4036 initia
365 3977 402 4034 ab
423 3999 481 4035 uno
501 3977 641 4038 videntur
661 3978 775 4052 Socrate
800 3978 923 4036 maxime
941 3975 1104 4058 repetenda.
1147 3976 1226 4052 Quid
1244 3974 1296 4034 sibi
1314 3969 1364 4030 vel·

156 4072 196 4131 let
224 4073 276 4132 ille
305 4075 509 4154 interrogando
534 4076 750 4158 arguendoque,
772 4075 850 4156 quod
868 4076 901 4134 in
919 4075 1093 4156 gymnasiis,
1113 4076 1146 4134 in
1168 4077 1230 4136 loro
1246 4087 1272 4132 et
1284 4067 1363 4130 nullis

158 4231 426 4242 -——-——-—.

190 4315 215 4382 l)
234 4319 299 4370 Vell
318 4319 373 4371 Pat
393 4321 412 4370 l.
432 4320 472 4373 18
493 4322 525 4372 de
544 4323 664 4395 palmaria
684 4321 829 4375 llubnlrenii
846 4321 1035 4373 emendatione.
1070 4319 1275 4389 Vulgolegitur:
1289 4307 1359 4380 plari-

152 4406 198 4454 dus
218 4409 291 4455 ortuis
280 4379 476 4473 eloquentiane,
503 4426 575 4474 qumis
590 4411 708 4460 urriuerru
727 4409 850 4472 Groeoio,
876 4408 1035 4476 operibusque
1047 4407 1138 4472 floruit.
1173 4405 1230 4456 vid.
1249 4401 1297 4464 ejus
1312 4395 1357 4444 list.

152 4493 211 4542 crit.
230 4492 300 4542 Orat
321 4491 409 4542 Gruec
430 4510 454 4558 p.
473 4491 515 4542 37.
