2898 5120
675 350 677 354 s
689 287 747 346 493

93 453 182 514 uobis
212 453 248 512 ah
273 453 335 532 ipso
364 453 531 532 principio,
562 474 578 512 o
607 452 701 528 bone,
733 451 810 532 quod
837 455 1020 532 quaerimus,
1040 469 1108 516 ante
1127 455 1216 538 pedes
1234 460 1332 520 volvi-

92 567 163 625 tur,
195 572 248 610 nec
276 551 480 631 conspeximus
511 550 608 626 illud;
641 571 752 610 eramus
781 571 849 611 vero
878 574 938 612 non
966 555 1064 613 minus
1089 553 1225 630 ridiculi,
1245 579 1332 636 quam

92 651 146 728 qui
168 651 202 708 in
223 648 357 708 manibus
376 647 449 726 quid
468 648 626 723 habentes,
648 661 792 728 quaerunt
819 648 945 711 subinde
968 651 1046 731 quod
1065 653 1194 735 liabent:
1217 656 1257 713 sic
1280 678 1333 716 nos

92 747 133 808 ad
164 747 243 807 illud
270 745 387 824 quidem
413 767 474 804 non
503 747 701 822 attendimus,
731 745 782 805 scd
810 747 912 826 procul
940 750 973 808 in
1002 750 1060 809 alia
1090 751 1186 810 omnia
1206 767 1332 812 mentem

92 847 311 904 convertimus:
343 867 399 922 quo
425 844 511 902 facile
532 867 584 904 nos
604 845 699 904 latuit.
721 878 763 890 —·
776 847 841 920 Quo
860 847 945 906 modo
967 849 1070 924 istudl
1092 879 1126 889 -
1147 851 1207 920 Hoc
1227 851 1329 910 modo:

92 943 233 1002 videmur
259 943 331 1002 mihi
356 942 487 1001 dicentes
516 941 593 1000 illud
617 945 678 1020 jam
705 942 819 1024 pridem
851 957 879 1003 et
908 944 1078 1020 audientes,
1107 946 1332 1028 haudquaquam

90 1040 352 1116 animadvertisse,
372 1040 404 1098 id
423 1062 475 1099 nos
495 1039 705 1119 quodammodo
725 1040 854 1100 dicere.»
880 1039 909 1120 l)

136 1141 195 1198 Hic
215 1139 326 1200 Glauco
350 1133 509 1216 «μακρόν,
539 1142 654 1221 inquit,
683 1129 719 1198 sd
741 1135 898 1217 προοίμιον
917 1140 962 1224 τῷ
982 1137 1179 1218 ἕπιθνμοῦντι
1201 1137 1332 1219 duodone

91 1240 220 1318 longum
247 1260 319 1297 eatae
344 1249 528 1318 prooemium
560 1241 669 1298 audire
695 1248 865 1320 cupienti.»
916 1243 990 1300 Tum
1019 1241 1166 1319 Socrates,
1187 1244 1259 1326 quid
1275 1247 1333 1327 ipsi

90 1335 232 1396 videatur
256 1338 372 1413 justitia
400 1359 478 1412 esse,
510 1338 671 1398 accuratius
701 1339 832 1420 exponit.
878 1339 1001 1415 «Audi,
1032 1340 1147 1419 inquit,
1170 1344 1332 1423 numquid

90 1432 211 1492 dicam:
241 1435 319 1513 quod
343 1437 420 1494 enim
451 1437 487 1496 ah
516 1436 603 1496 initio
630 1437 782 1496 statuimus
811 1458 1044 1516 unumquemque
1071 1459 1153 1518 agere
1182 1456 1332 1522 oportere,

90 1531 176 1592 illud
194 1546 255 1607 est,
277 1546 309 1592 ut
337 1534 409 1592 nihi
441 1534 558 1594 videtur
578 1533 626 1594 vel
646 1534 734 1612 hujus
752 1534 860 1614 species
878 1535 1039 1616 quaedam,
1055 1537 1180 1614 justitia.
1220 1537 1333 1598 Statui-

89 1651 160 1688 mus
189 1643 303 1705 autem,
334 1646 362 1691 et
392 1633 523 1712 saepius,
556 1633 580 1691 si
601 1633 785 1703 memineris,
807 1632 953 1708 diximus,
977 1655 1209 1712 unumquemque
1230 1634 1333 1696 decere

90 1749 189 1786 unum
217 1729 289 1808 quid
320 1730 453 1790 factitare
482 1751 598 1803 eorum,
624 1751 697 1810 quae
724 1727 852 1788 civitati'
867 1731 1055 1806 conducunt,
1077 1731 1114 1790 ad
1143 1731 1222 1809 quod
1240 1734 1333 1816 ipsius

91 1841 200 1884 natura
224 1841 296 1886 esset
323 1830 479 1908 aptissima.
502 1829 692 1886 -Diximus
721 1827 824 1908 procul
852 1828 953 1888 dubio.
974 1863 1010 1877 -
1029 1830 1118 1908 Atqui
1148 1850 1232 1888 suum
1249 1853 1331 1912 agere

91 1945 150 1982 nec
182 1925 260 2003 quod
287 1926 354 1985 aliis
382 1927 526 2007 agendum
554 1940 595 1985 est
625 1928 774 2000 affectare,
797 1927 940 2002 justitiam
969 1949 1046 2001 esse,
1078 1942 1105 1986 et
1133 1928 1186 1986 hoc
1211 1950 1277 1988 cum
1294 1931 1332 1988 ab

88 2021 162 2080 aliis
192 2023 291 2083 multis
311 2025 495 2098 audivimus,
526 2037 588 2083 tum
611 2024 667 2104 ipsi
693 2023 823 2109 diximus
843 2045 1054 2106 saepenumero.
1078 2027 1276 2087 *Diximus
1299 2017 1337 2083 -⁴

89 2122 158 2180 Hoc
188 2123 287 2200 utique
317 2123 451 2196 videtur,
482 2123 592 2197 amice,
621 2143 686 2180 cum
717 2121 766 2195 fit,
793 2123 907 2200 justitia
937 2121 1148 2201 quodammodo
1172 2145 1251 2199 esse,
1280 2146 1331 2184 sua

87 2239 187 2297 agere.
229 2219 329 2279 Scione
358 2235 471 2296 autem,
491 2221 581 2284 ¹unde
610 2219 689 2279 illud
718 2221 897 2298 conjiciam?
918 2262 953 2276 .-
973 2223 1176 2300 Nequaquam,
1195 2222 1246 2282 sed
1264 2224 1330 2298 dic,

88 2339 209 2396 quaeso.
236 2355 271 2364 —
296 2319 389 2380 Δοκεῖ
410 2341 463 2396 μοι
495 2311 533 2379 vd
564 2310 725 2388 ὑπόλοιπον
755 2316 787 2378 ἐν
816 2319 857 2404 τῇ
877 2313 961 2380 πόλει
983 2309 1025 2380 ὦν
1054 2314 1243 2398 ἐσκέμμεθα,
1270 2341 1332 2382 σω-

88 2411 247 2500 φροσύνης
272 2419 320 2480 καὶ
347 2416 471 2504 ἀνδρίας
495 2419 544 2481 καὶ
572 2414 759 2502 φρονήσεως,
783 2420 880 2494 τοῦτοἸ
899 2413 971 2512 alvus
992 2415 1008 2483 ὃ
1030 2421 1119 2481 πᾶσιν
1140 2420 1257 2496 ἐκείνως
1277 2417 1333 2505 τήν

89 2514 222 2600 δύναμιν
243 2518 408 2602 παρέσχεν,
440 2515 516 2586 ὥστε
545 2519 719 2604 ἐγγενέσθαι
745 2522 794 2584 καὶ
816 2517 993 2604 ε’γγενόμενά
1012 2546 1045 2604 γε
1068 2522 1218 2606 σωτηρίαν
1238 2521 1332 2610 παρέ-

89 2645 173 2702 χειν,
195 2619 253 2698 ἕως
273 2620 310 2688 dv
331 2624 398 2712 ἐνῇ
421 2633 544 2688 videtur
565 2629 643 2685 miti
662 2628 739 2704 quod
757 2629 910 2703 reliquum
929 2637 973 2685 eet
990 2635 1025 2684 in.
1044 2635 1188 2702 civitate,
1204 2638 1333 2707 praeter·

89 2729 152 2784 illo
161 2771 170 2800 ,
192 2749 267 2804 quoe
284 2732 541 2787 consideravimus
551 2773 559 2801 ,
589 2731 843 2802 temperantium,
864 2726 1109 2800 fortitudinem,
1131 2733 1330 2802 sapientium,

89 2827 146 2884 laec
165 2848 244 2901 erae,
265 2829 341 2905 quod
356 2831 491 2886 omnibus
507 2823 573 2884 illis
592 2833 653 2882 vim
671 2825 847 2901 praeberet,
870 2831 905 2878 ut
922 2829 1161 2880 incarcerantur
1175 2833 1204 2882 et
1221 2831 1332 2884 innato

90 2926 225 2983 salutent
246 2926 416 3002 offerrent,
438 2928 527 2984 donec
545 2931 686 2982 inessent.
699 2945 713 2976 u
735 2920 766 2999 2)

134 3023 172 3080 Et
203 3024 244 3081 sic
273 3025 392 3103 quidem
421 3024 549 3084 Socrates
567 3021 604 3080 ad
625 3019 713 3078 finem
732 3019 829 3079 tendit
845 3018 1057 3100 disquisitionis
1074 3039 1140 3078 cum
1160 3018 1197 3078 de
1213 3020 1332 3080 civitate

92 3121 243 3202 perfecta,
265 3135 326 3182 tum
347 3122 383 3182 de
401 3121 524 3199 justitia.
572 3121 608 3179 In
633 3118 740 3198 quibus
755 3119 870 3194 justitia
895 3131 926 3176 ut
946 3119 1040 3205 virtus
1058 3138 1167 3176 summa
1186 3118 1332 3192 civitatiS,

91 3221 153 3278 imo
184 3233 217 3278 ut
245 3221 305 3301 ipsa
336 3222 465 3282 civitatis
493 3220 638 3300 perfectae
666 3211 752 3276 odola
781 3217 963 3298 proponitur.
1004 3216 1203 3277 Veruntamen
1219 3215 1331 3295 quoda

92 3317 247 3402 Simonide
278 3319 349 3378 iude
376 3340 487 3400 semper
505 3319 642 3409 'justitiae
666 3319 844 3398 adscriptum
872 3328 930 3390 est,
962 3327 993 3374 ut
1022 3335 1106 3373 suum
1134 3315 1239 3393 cuique
1267 3314 1333 3393 quis

91 3416 226 3490 tribuat,
249 3438 307 3476 non
327 3417 449 3498 negligit
469 3417 547 3476 illud
568 3416 707 3476 Socrates.
752 3412 935 3474 «Considera
958 3426 1123 3494 practerea,
1144 3413 1260 3491 inquit,
1277 3411 1332 3470 hac

92 3516 225 3588 ratione,
248 3537 318 3574 num
343 3515 398 3575 tihi
428 3517 468 3574 sic
498 3514 642 3576 videatur.
684 3518 731 3572 An
758 3511 943 3593 principibus
967 3511 1000 3570 in
1023 3513 1141 3570 civitate
1161 3508 1333 3598 mandabis,

93 3625 127 3672 ut
153 3615 232 3690 juste
261 3616 432 3674 sententiam
463 3615 583 3674 lerant?
612 3640 648 3652 -
675 3610 812 3687 Quidni?
833 3634 868 3668 ·,-
888 3608 1107 3668 Judicabuntne
1134 3621 1228 3666 autem
1258 3605 1334 3664 alius

92 3714 265 3790 cujusquam
296 3713 337 3770 rei
365 3713 446 3772 avidi
476 3713 584 3791 magis,
606 3732 690 3791 quam
719 3709 807 3786 hujus
827 3707 937 3788 ipsius,
960 3721 991 3765 ut
1006 3705 1113 3786 singuli
1135 3725 1227 3785 neque
1247 3723 1334 3761 usur-

92 3822 168 3890 pent
197 3810 293 3869 aliena
323 3831 416 3889 neque
447 3811 506 3870 suis
534 3810 715 3890 priventur?
736 3807 856 3864 -Non
877 3825 955 3864 sane.
987 3828 1022 3838 ··
1047 3804 1136 3878 Quasi
1157 3823 1260 3883 nempe
1278 3802 1333 3860 hoc

94 3911 133 3968 sit
150 3911 287 3986 justum?
308 3941 342 3950 -
362 3909 499 3968 Omnino.
523 3935 554 3955 ·-
577 3907 614 3966 Et
633 3907 687 3966 hac
713 3925 826 3984 quoque
851 3904 961 3963 ratione
989 3903 1144 3977 asseritur,
1165 3902 1209 3960 sui
1229 3903 1334 3978 cuique

93 4021 124 4066 et
163 4009 273 4086 proprii
305 4007 398 4087 operis
433 4007 637 4087 possessionem
669 4005 867 4082 actionemque
897 4022 954 4060 esse
977 3998 1131 4079 justitiam.
1160 4026 1195 4037 -
1225 3999 1333 4058 Asseri-

94 4120 172 4164 tur.»
198 4103 230 4184 3)

134 4329 581 4401 ommmmu-n

133 4411 547 4470 ummo-mo

133 4500 367 4567 ummo
