2838 5120
737 295 796 356 wo
873 386 876 394 .

155 471 242 530 sunt,
263 455 437 538 appellaturi
457 456 546 516 simus
556 501 564 532 ‚
588 455 664 516 nihil
682 458 780 537 utique
797 457 883 518 refert
902 458 971 518 artis
991 456 1181 529 dialecticae,
1201 457 1282 538 quale
1301 457 1362 516 illud

156 555 376 635 pronunciatum
396 553 546 615 honestius
576 553 728 614 videatur:
751 554 907 617 dummodo
936 575 1041 615 nomen
1069 555 1191 631 habeat,
1210 556 1304 636 quod,
1321 576 1363 614 er-

154 653 243 712 clusis
261 651 350 712 animi
374 651 615 733 purgationibus,
645 652 712 717 illas
731 643 863 714 includat
885 653 1051 734 vinciatque
1071 671 1188 730 omnes,
1208 676 1279 734 quae
1296 653 1362 712 alind

153 741 225 830 quid
244 763 376 830 purgant.
419 750 528 812 Mentis
547 751 624 810 enirn
645 753 844 831 purgationem
863 773 880 811 a
901 753 1019 812 caeteris
1041 771 1168 831 aggressa
1203 767 1257 813 est*
1272 752 1364 813 discer-

155 867 222 908 nere
232 893 240 922 ,
261 849 305 925 si,
326 870 383 927 quo
401 847 502 908 tendat
512 893 520 922 ,
543 847 708 910 didicimus.
719 879 753 888 -
768 850 827 930 Ego
853 869 921 910 veru
940 864 969 910 et
988 848 1081 909 didici
1098 863 1126 908 et
1146 849 1287 927 concedo,
1305 850 1363 910 duas

153 968 212 1008 esse
233 945 412 1027 purgationis
432 947 540 1027 species
551 991 559 1021 ,
581 945 759 1028 alteramque
781 947 880 1022 illam,
900 967 973 1026 quae
992 962 1116 1010 mentem
1139 963 1266 1030 spectat,
1288 969 1364 1008 acor·

154 1046 231 1128 poris
250 1044 420 1125 purgatione
437 1059 573 1105 secretam
593 1069 661 1109 esse.
683 1047 851 1129 -Optime
872 1047 1020 1108 omnium:
1051 1048 1083 1108 in
1108 1047 1162 1108 hoc
1184 1061 1279 1107 autem
1299 1047 1364 1106 insu-

153 1166 204 1226 per
232 1142 304 1202 mihi
329 1142 501 1224 obsequere,
533 1145 667 1226 quodque
696 1146 827 1206 dicturus
857 1165 937 1220 sum,
959 1167 1057 1204 rursus
1086 1145 1227 1227 bipartito
1252 1143 1364 1205 dividere

154 1256 242 1306 tenta.
263 1250 297 1278 ’-
318 1243 497 1322 Quocunque
518 1242 659 1319 duxeris,
680 1257 772 1306 tecum
795 1244 898 1326 partiri
919 1243 1081 1305 conabor.»
1110 1243 1138 1324 l)

194 1340 249 1401 Hic
277 1339 422 1401 cernendo
444 1341 652 1422 jungendoque
681 1327 841 1424 proc—edens
861 1342 994 1418 Eleates,
1025 1363 1110 1418 casu,
1137 1355 1169 1402 ut
1196 1342 1324 1416 videtur,
1338 1341 1359 1398 in

146 1431 301 1521 'adductus
323 1452 351 1499 et
370 1431 540 1519 μαιευτικήν
561 1440 686 1516 incidit,
707 1463 816 1523 proque
837 1441 962 1523 sophista
984 1442 1016 1502 in
1036 1441 1089 1501 hac
1111 1441 1267 1501 venatione
1285 1439 1361 1521 phile

155 1541 277 1624 sophum
297 1541 383 1620 capit.
406 1540 492 1617 Quod
512 1540 655 1621 quomodo
674 1539 878 1621 accipiendum
899 1539 955 1615 sit,
976 1553 1037 1600 turn
1049 1519 1280 1612 declarabimus,
1296 1555 1363 1616 quum

75 1646 78 1654 '
155 1641 192 1700 de
213 1646 402 1713 inventione,
423 1638 588 1700 Platonicae
618 1638 651 1696 in
679 1638 781 1720 primis
800 1637 970 1700 dialecticae
997 1637 1133 1720 propria,
1154 1638 1251 1696 acturi
1278 1657 1364 1698 sumus.

155 1740 239 1798 Nunc
258 1736 538 1812 animadvertamus,
560 1736 764 1798 vilissimarum
792 1755 886 1794 rerum
907 1735 1155 1812 consideratione,
1176 1749 1210 1796 ut
1230 1749 1297 1796 sunt
1313 1754 1366 1815 pro

156 1837 231 1897 lecto
251 1835 367 1896 servilia
389 1836 442 1897 ista
472 1834 608 1916 pectendi
619 1879 627 1908 ,
649 1832 851 1908 carminandi,
872 1833 979 1894 similia
998 1834 1131 1914 negotia,
1151 1833 1189 1894 ad
1220 1855 1265 1892 res
1290 1831 1365 1892 subli-

157 1955 214 1996 mes
233 1955 284 1994 nos
304 1931 427 1992 educere
446 1931 638 1993 dialecticam.
675 1934 748 1992 Nam
768 1931 806 1993 ad
829 1933 958 1992 animum
978 1930 1117 2013 deinceps
1134 1934 1273 1994 transfert
1291 1948 1365 1990 rerum

156 2052 353 2114 corporearum
377 2031 524 2112 ipsiusque
543 2032 670 2112 corporis
690 2030 809 2090 humani
828 2031 1045 2111 purgationem,
1065 2031 1215 2111 animique
1235 2043 1263 2089 et
1281 2026 1365 2086 morbis

157 2147 185 2194 et
205 2128 388 2212 turpitudine
408 2129 598 2209 sordibusque
613 2128 803 2211 disceptando
823 2129 979 2210 expositis,
994 2128 1033 2188 ad
1051 2128 1133 2189 illam
1153 2128 1284 2190 escendit
1301 2126 1365 2202 longe

157 2230 337 2293 utilissimam
364 2228 692 2308 praestantissimamque
718 2227 845 2289 hominis
875 2226 1069 2302 medicinam,
1095 2250 1180 2307 quam
1202 2257 1255 2296 nos
1275 2253 1308 2292 ex
1326 2231 1365 2288 hoc

158 2330 219 2410 ipso
247 2324 457 2386 declaravimus
487 2325 570 2400 loco,
600 2346 689 2406 quum
713 2325 749 2386 de
776 2326 918 2389 Socratica
938 2326 1092 2412 μαιευτικῇ
1113 2333 1277 2412 agebamus,
1318 2330 1365 2388 olle

156 2422 344 2506 corporibus,
373 2424 414 2482 ait
435 2423 556 2505 hospes,
577 2423 683 2484 medici
700 2424 854 2503 judicant,
875 2447 936 2486 non
961 2448 1042 2508 posse
1069 2449 1173 2510 corpus
1197 2433 1287 2493 allato
1316 2427 1365 2488 cibo

158 2523 284 2596 nutriri,
305 2535 475 2603 anteaquam
502 2522 707 2604 impedimenta
728 2525 792 2604 quis
814 2526 983 2596 nutritionis
1004 2528 1135 2604 ejecerit:
1167 2532 1233 2610 pari
1258 2530 1365 2594 ratione,

157 2625 207 2706 qui
226 2621 354 2682 animum
375 2620 493 2681 student
513 2642 653 2703 purgare,
684 2621 721 2682 de
751 2623 847 2684 animo
880 2623 1036 2702 judicant,
1066 2647 1126 2686 nou
1147 2629 1230 2708 prius
1249 2629 1322 2688 hunc
1339 2641 1364 2682 cr

158 2723 255 2784 allatis
274 2718 440 2800 disciplinis
460 2720 587 2779 fructum
609 2741 667 2780 esse
694 2735 862 2802 capturum,
892 2744 978 2802 quam
1006 2722 1179 2804 redarguens
1201 2711 1274 2806 'quis
1300 2742 1365 2792 eum,

123 2853 128 2864 ·
157 2823 207 2904 qui
227 2815 427 2896 redarguitur,
449 2831 598 2897 postquam
617 2817 655 2878 ad
675 2817 815 2898 pudorem
834 2818 949 2900 adegit,
970 2821 1093 2884 sublatis
1122 2824 1310 2904 opinionibus
1327 2842 1364 2882 va·

159 2921 222 2993 nis,
243 2915 465 2995 disciplinarum
485 2914 719 2997 impedimentis,
740 2938 844 2998 purum
865 2919 1008 2995 effecerit,
1029 2920 1098 2982 haec
1124 2942 1152 2982 se
1180 2925 1255 2984 scire
1279 2934 1364 3003 putan-

157 3032 212 3079 tem
234 3018 312 3088 sola,
341 3034 413 3094 quae
434 3013 534 3088 novit,
564 3013 649 3094 plura
670 3035 737 3074 vero
757 3036 786 3075 se
808 3018 993 3078 conscire.»
1017 3017 1049 3098 2)

266 3213 330 3274 ‘De
362 3212 590 3289 analytica
624 3212 735 3288 apud
760 3210 981 3272 Plutonem
1011 3216 1261 3291 definiendi
1408 3193 1409 3234 t

673 3317 856 3371 ratione.

199 3508 274 3583 Sed,
295 3518 326 3566 ut
344 3506 503 3567 Socraticae
522 3501 680 3585 ἐπαγωγῆς
699 3505 760 3566 rim
779 3527 910 3583 omnem,
932 3528 989 3568 una
1008 3527 1074 3568 cum
1101 3510 1229 3586 ejusdem
1249 3510 1330 3592 gratia
1345 3515 1362 3562 tl
1407 3543 1408 3557 κ

156 3609 333 3683 festivitate,
353 3603 432 3670 haec,
445 3606 597 3667 methodus
616 3606 745 3668 Platonis
764 3606 909 3681 continet,
930 3607 970 3666 ita
990 3605 1153 3669 deliniendi
1174 3611 1310 3671 rationem
1328 3603 1363 3662 so

157 3709 311 3781 creticam,
332 3725 418 3785 quam
444 3724 530 3784 supra
558 3705 722 3785 attigimus,
749 3702 849 3763 eadem
884 3706 1014 3764 continet
1043 3719 1071 3767 et
1098 3705 1220 3767 mirifice
1248 3707 1362 3766 illustrat.

157 3804 273 3886 Spectat
293 3824 325 3863 eo
346 3802 416 3862 haec
437 3803 509 3878 ratio
520 3849 529 3878 ,
552 3805 633 3863 utin
654 3801 843 3883 disquirendo
860 3824 920 3863 non
944 3815 1057 3863 tantum
1076 3803 1112 3864 de
1132 3807 1250 3867 nomine
1269 3820 1362 3868 rerum,

158 3902 209 3963 sed
228 3903 313 3962 etiam
340 3900 377 3961 de
404 3921 502 3960 earum
526 3915 629 3990 natura
648 3916 675 3962 et
694 3901 863 3962 conditione
881 3901 959 3983 apud
977 3923 1029 3962 nos
1045 3917 1166 3964 constet.
1209 3905 1290 3964 Nunc
1311 3897 1362 3978 qul·
1405 3937 1406 3948 ,

159 4001 224 4062 dem
246 4001 282 4062 de
301 4000 446 4082 sophista,
467 3999 544 4060 dixit
564 4001 695 4076 Eleates,
717 4022 821 4060 nomen
846 4014 874 4060 et
897 4014 929 4059 tu
948 4013 976 4060 et
994 4021 1045 4082 ego
1061 4020 1211 4062 commune
1230 3999 1361 4066 habemus,

158 4113 283 4182 praestat
303 4114 398 4160 autem
415 4099 447 4157 in
467 4099 590 4180 singulis
610 4099 646 4160 de
664 4121 694 4159 re
718 4101 779 4180 ipsa
805 4119 870 4158 cum
899 4098 1078 4174 rationibus,
1098 4120 1184 4179 quam
1208 4100 1243 4161 de
1267 4096 1361 4158 nomint

159 4198 220 4259 solo
240 4199 303 4259 sine
321 4197 483 4257 rationibus
502 4200 672 4260 consentire.
715 4198 882 4258 Monuimus
909 4199 964 4274 jam
976 4243 984 4273 ,
1006 4201 1177 4258 recentiores
1204 4201 1261 4260 fere
1284 4192 1360 4277 philo-
1404 4277 1405 4315 1

158 4339 248 4348 ..aa-n·-

196 4409 220 4475 r)
241 4410 314 4478 sapa.
331 4407 391 4460 aas.
409 4407 439 4460 a.
457 4437 490 4445 -
508 4407 567 4462 aaa.
589 4409 619 4462 n.
1403 4411 1404 4416 ‘

195 4495 220 4560 2)
239 4495 312 4564 sapa
337 4492 394 4545 aso.
423 4493 451 4547 c.
471 4495 501 4546 n.
525 4495 572 4547 cr.
593 4497 667 4546 rarae
684 4511 710 4561 p.
730 4493 795 4556 arr,
822 4493 878 4545 rra.
