2886 5118
729 239 787 298 416

138 425 285 493 oportere,
318 405 374 465 nisi
404 404 482 484 quod
501 411 691 482 potissimum
712 403 748 461 sit
768 414 796 460 et
813 407 977 478 optimum:
1000 403 1142 452 caeterum
1163 388 1282 472 eundem
1300 389 1353 446 iten

138 518 228 586 pejus
255 503 441 586 cognovisse:
473 503 562 580 hujus
592 502 670 560 enim
700 499 822 560 candem
843 495 993 556 scientiam
1014 493 1104 551 esse.”
1128 488 1155 570 l)
1204 489 1295 567 Equa
1312 485 1354 544 So

139 608 245 666 cratica
273 602 352 685 apud
378 601 527 661 Platonem
559 599 756 681 disputatione
785 594 942 666 efficimus,
974 612 1034 650 non
1066 589 1247 652 abhorruisse
1266 585 1298 644 nh
1315 583 1354 641 illa

139 705 260 764 scientia
274 715 438 773 auctorem,
459 699 510 759 sed
530 719 616 779 supra
638 711 763 757 nostram
784 694 950 754 facultatem
970 691 1091 772 positam
1105 709 1163 746 esse
1185 681 1359 744 existimasse:¹

141 801 333 881 intelligimus
362 813 455 857 autem
482 797 588 872 simul,
619 796 653 858 id
683 795 769 854 illum
800 793 923 850 maxime
942 803 1101 870 spectasse,
1124 799 1157 845 ut
1176 783 1305 852 haberet,
1322 800 1357 836 ιι-

140 903 275 960 cundum
295 901 370 974 quod
390 897 427 957 de
456 897 543 956 rebus
562 895 697 955 omnihus
719 892 894 974 gravissimis
921 888 1099 948 existimaret
1124 897 1211 943 reete.
1251 881 1285 940 Et
1300 879 1357 947 hoc,

141 999 220 1081 quod
240 997 401 1079 spectavit,
424 998 455 1054 ni
476 995 625 1066 fallimur,
648 993 726 1052 illud
746 1007 804 1067 est,
827 991 906 1070 quod
924 989 956 1047 in
976 985 1098 1064 dialogis
1118 983 1280 1064 plerisque,
1296 997 1358 1058 prae·

141 1100 239 1159 sertim
265 1098 296 1155 in
317 1094 540 1175 metaphysicis,
561 1113 632 1171 quos
652 1091 800 1165 diximus,
822 1087 1003 1171 exploravit:
1036 1104 1088 1143 nos
1113 1094 1210 1141 autem
1238 1074 1358 1159 appellare

143 1197 379 1272 metaphysicam
401 1193 530 1257 Platonis
551 1193 722 1249 doctrinam
743 1191 875 1251 solemus.
1149 1245 1151 1252 ,

152 1323 154 1330 ·
185 1291 424 1354 Animadvertere
452 1290 506 1350 hoc
535 1308 634 1348 omnes
661 1287 816 1363 decuerat,
846 1288 1015 1367 quicunque
1045 1277 1233 1360 interpretari
1256 1270 1360 1334 Platonis

144 1389 370 1472 metaphysicam
398 1389 520 1469 aggressi
553 1400 630 1446 sunt.
672 1386 808 1468 Ineptum
834 1386 890 1448 hoc
919 1402 1025 1442 nomen
1052 1390 1113 1452 est,
1143 1396 1202 1455 qno
1219 1365 1361 1456 philosophi

146 1491 308 1572 doctrinam
336 1487 541 1569 appellarunt:
574 1485 630 1566 ipsi
659 1483 731 1544 adeo
759 1483 958 1544 Aristotelicae
987 1476 1138 1538 doctrinae
1157 1495 1219 1534 non
1240 1467 1361 1532 convenit

146 1589 272 1649 Vocavit
292 1589 316 1647 is
336 1604 416 1660 eam,
439 1599 470 1644 ut
489 1584 636 1657 vidimus,
657 1575 712 1663 τήν
733 1576 857 1664 πρώτην
879 1572 1074 1664 φιλοσοφίαν,
1095 1574 1199 1634 statuit
1217 1591 1277 1630 eam
1293 1569 1363 1648 ipsan

148 1683 259 1766 σοφίαν
281 1705 357 1759 esse,
368 1685 476 1763 quique
495 1702 556 1740 earn
574 1696 732 1762 tractarent
742 1685 814 1760 ,hos
833 1679 1033 1766 philosophari
1053 1670 1237 1762 θεολογικῷς
1256 1667 1325 1730 dixit
1332 1661 1362 1742 ‘li

149 1784 361 1867 metaphysicae
380 1799 485 1838 nomen
504 1781 537 1838 in
553 1781 669 1862 scriptis
689 1783 841 1864 usurpavit
861 1801 1013 1860 nusquam.
1054 1779 1117 1838 Usu
1145 1788 1245 1834 autem
1262 1761 1364 1827 invaluit

149 1895 247 1964 postea
260 1924 267 1952 ‚
290 1894 321 1936 ut
341 1877 541 1938 nomen-illud
562 1878 797 1940 scholasticorum
816 1881 848 1940 in
871 1880 973 1962 primis
1002 1875 1171 1948 doctrinae,
1205 1889 1277 1950 quae
1293 1859 1365 1924 medio

149 1999 221 2048 aevo
240 1974 371 2048 exstitit,
392 1976 578 2037 tribueretur.
621 1979 685 2052 Quo
705 1977 830 2054 accidit,
853 1992 902 2052 ut,
924 1976 1002 2056 quod
1022 1995 1109 2056 supra
1127 1971 1307 2038 monuimus,
1324 1965 1364 2023 ho-

150 2097 214 2136 rum
232 2073 361 2154 argutiae
378 2085 407 2130 et
426 2092 560 2153 perversa
580 2075 809 2158 philosophandi
831 2077 904 2136 ratio
929 2072 1096 2146 Aristoteli,
1128 2084 1269 2148 tanquam
1286 2060 1366 2126 doctri·
1422 2111 1423 2114 ,

154 2195 206 2234 nae
234 2171 363 2245 auctori,
395 2169 453 2229 imo
479 2191 548 2231 vero
577 2170 681 2230 divino
709 2175 824 2231 Platoni
855 2171 1059 2231 obtruderetur
1076 2167 1118 2248 3).
1168 2167 1263 2227 Nobis
1287 2161 1366 2223 iccirco

152 2287 255 2346 caute,
287 2270 311 2328 si
340 2267 504 2327 doctrinam
532 2267 662 2328 Platonis
691 2283 767 2329 recte
796 2269 982 2351 interpretari
1010 2266 1150 2339 velimus,
1182 2259 1367 2346 metaphysicae

75 2389 77 2394 ·
154 2391 258 2430 nomen
280 2363 479 2446 usurpandum
504 2379 554 2425 est.
597 2367 806 2447 Relinquamus
827 2366 905 2427 illud
924 2365 1122 2438 scholasticis,
1150 2364 1247 2442 iisque
1265 2358 1368 2441 philosc-
1425 2414 1426 2438 φ

154 2468 240 2544 phis,
265 2466 315 2540 qui
344 2463 381 2519 ab
407 2481 504 2519 eorum
535 2462 669 2523 sordibus
705 2487 826 2547 purgare
862 2464 1087 2545 metaphysicam
1116 2461 1320 2531 instituerunt,
1343 2451 1369 2510 dt

156 2559 309 2620 Aristotele
328 2573 423 2617 autem
443 2572 470 2616 et
489 2558 627 2634 Platone,
650 2574 681 2621 ut
702 2583 770 2622 vero
791 2563 908 2622 nomine
936 2562 1086 2637 utriusque
1113 2558 1279 2617 doctrinam
1295 2551 1370 2634 philo-
1426 2540 1427 2564 ¹

155 2657 356 2740 sophandique
375 2657 515 2716 rationem
535 2658 731 2738 significemus
751 2674 835 2739 atque
850 2649 1046 2740 exprimamus
1057 2702 1065 2732 ,
1076 2657 1116 2716 sic
1127 2651 1369 2737 pronunciandum:

156 2758 367 2816 Platonem
383 2756 628 2832 philosophatum
647 2757 819 2838 simpliciter
836 2779 917 2832 esse,
936 2770 968 2815 ut
987 2778 1002 2816 a
1020 2755 1166 2834 magistro,
1196 2748 1372 2835 philosophiae

158 2865 297 2935 parente,
319 2850 481 2926 didicerat,
502 2853 693 2931 quaesivisse,
714 2855 788 2934 quid
808 2855 960 2937 pulcrum,
991 2853 1064 2933 quid
1082 2853 1194 2911 honum
1206 2897 1215 2926 ‚
1245 2849 1312 2930 quid
1325 2849 1373 2924 jus·

158 2966 218 3012 tum
229 2995 237 3023 ,
258 2948 338 3030 quid·
349 2950 470 3032 omnino
489 2970 589 3038 verum
614 2967 705 3027 esset,
738 2954 815 3013 rectl
834 2966 928 3012 antem
949 2951 986 3010 de
1005 2951 1051 3010 his
1070 2951 1181 3010 ratione
1204 2946 1373 3028 quaesivisse,

160 3063 191 3109 ut
218 3046 418 3126 disquisitioni
447 3046 601 3107 adhiberet
639 3049 842 3110 dialecticam:
883 3051 988 3109 iccirco
1018 3048 1144 3130 simplici
1177 3038 1375 3128 φιλοσοφίας

160 3147 276 3208 nomine
297 3145 358 3220 ejus
377 3143 506 3204 studium
524 3167 556 3205 ac
587 3146 750 3206 doctrinam
770 3147 913 3229 appellari
942 3131 1091 3228 oportere,
1124 3145 1375 3210 Aristotelen

159 3265 228 3306 vero
256 3241 342 3300 altius
373 3254 549 3322 spectantem
578 3259 606 3304 et
633 3265 797 3305 caussarum
818 3245 889 3306 adeo
908 3245 1058 3304 scientiam
1077 3245 1281 3329 philosophiae
1300 3239 1376 3306 vindi.

158 3354 289 3412 mntem,
310 3330 458 3420 πρώτην
478 3340 624 3418 quandam
642 3344 817 3423 excogitasse
838 3338 1076 3423 φιλοσοφίαν,
1097 3366 1273 3424 quamquam
1284 3339 1377 3425 proprie

159 3463 220 3501 ¹¹⁰³
241 3455 312 3502 ⁰⁸⁵⁰*
337 3437 512 3521 φῑλθσθφῖαι
541 3444 593 3504 sed
614 3437 706 3521 σοφία
726 3445 808 3527 ipsa,
838 3446 895 3506 imo
912 3466 980 3506 vero
1001 3440 1143 3524 θεολογία
1161 3445 1312 3526 quaedam.

200 3539 258 3600 Sed
279 3543 446 3604 invenimus
459 3546 540 3621 jam,
567 3556 599 3602 ut
622 3543 707 3604 nobis
737 3545 793 3604 risi
815 3565 931 3619 sumus,
960 3544 1033 3623 quid
1060 3545 1177 3627 proprie
1196 3545 1235 3602 sit
1253 3536 1378 3619 metaphy·

159 3639 220 3698 sict
240 3639 369 3701 Platonis
399 3640 635 3720 intelligendum.
675 3642 767 3702 Misso
792 3643 881 3722 igitur
909 3642 1087 3705 scholasticis
1102 3641 1157 3702 hoc
1177 3641 1311 3712 nomine,
1330 3631 1380 3702 rel,

161 3738 283 3818 sicum
312 3740 436 3798 maxime
466 3738 669 3816 adhibendum
708 3740 908 3821 philosophiae
935 3741 1100 3802 Platonicae
1136 3738 1289 3812 rideatur,
1321 3731 1380 3792 recti

159 3851 277 3917 accepto
295 3839 459 3914 sententia,
480 3858 517 3896 ex
537 3827 608 3919 ipsis
624 3840 685 3916 jam
703 3859 788 3920 porro
808 3839 937 3900 Platonis
965 3841 1080 3922 seriptis
1091 3887 1099 3916 ,
1128 3837 1224 3918 qualis
1244 3836 1312 3896 haec
1330 3830 1381 3892 doc·

160 3934 237 3993 trina
259 3935 296 3994 sit
314 3957 430 4015 quoque
450 3935 599 4014 tractanda
619 3936 723 4012 modo,
742 3923 938 4016 exquiramus.

198 4246 223 4306 t)
245 4249 337 4300 Ptaec.
357 4247 400 4299 97.
419 4248 448 4300 Β.
469 4248 548 4302 (3.1).

195 4331 223 4398 2)
242 4335 349 4386 Aristot.
368 4336 476 4404 Μεσορὴ.
494 4337 524 4388 V.
543 4353 568 4404 p.
587 4335 646 4390 100.
666 4337 715 4390 cu.
733 4338 810 4390 tntu
827 4355 853 4406 p.
870 4335 938 4402 351,
956 4334 1016 4390 375.

196 4416 223 4482 3)
242 4420 327 4472 letitia.
347 4437 372 4487 p.
391 4419 450 4473 353.
