2838 5120
688 271 780 330 306·

104 439 145 498 eit
165 435 216 494 ille
235 431 393 491 continuo:
420 449 472 488 nos
491 441 606 505 autem,
633 428 706 508 quid
727 442 845 509 agatur,
876 430 997 506 quinam
1026 431 1086 490 sint
1111 432 1164 510 qui
1193 446 1221 491 et
1249 434 1337 494 collo·

103 545 231 613 quantur
250 543 278 590 et
297 540 397 607 agant,
418 549 476 606 quo
493 528 659 606 pertineant
677 528 802 586 maxime
826 547 969 586 sermones
989 527 1055 601 illi,
1077 527 1240 588 identidem
1260 531 1338 591 inter

104 627 260 711 legendum
279 625 473 686 discernendo
494 625 674 702 exquirimus
694 637 722 684 et
744 624 887 684 nobismet
904 625 961 705 ipsi
982 624 1172 705 explicamus.
1199 626 1257 686 Sed
1277 649 1338 686 non

103 730 223 789 formam
242 737 402 805 spectamus
428 735 560 780 tantum:
591 741 763 798 quamquam
783 721 854 781 haec
878 719 915 778 ad
942 743 1038 780 rerum
1066 723 1136 782 item
1160 723 1337 804 disquisitio·

102 846 169 886 nem
196 824 258 884 vim
286 840 418 899 magnam
447 817 553 878 habet:
582 817 619 877 de
645 819 698 877 hae
726 820 788 899 ipsa
817 839 923 876 rerum
941 821 1154 898 disquisitione
1173 823 1338 899 quaerimus

98 921 298 1004 potissimum,
324 937 397 995 quae
415 937 531 997 prorsus
549 913 628 996 apud
647 915 798 976 Platonem
816 914 962 994 analytica
984 931 1036 977 est.
1077 918 1221 999 Exempla
1249 919 1338 979 nohis

99 1022 133 1080 in
152 1021 214 1094 ejus
233 1015 347 1095 scriptis
365 1014 427 1072 loca
453 1034 519 1072 cum
538 1015 596 1074 alia
618 1029 705 1088 sunt,
730 1027 761 1073 ut
789 1013 827 1073 de
845 1020 935 1089 justo
961 1015 994 1073 in
1021 1015 1148 1090 Politia,
1169 1017 1205 1076 de
1235 1025 1336 1076 animi

97 1115 331 1175 irnmortolitnte
354 1112 386 1170 in
414 1111 585 1185 Phaedone,
606 1126 668 1170 tum
688 1131 755 1170 vero
781 1110 959 1190 perillustris
978 1112 1030 1170 ille
1050 1112 1087 1171 de
1106 1135 1207 1172 umore
1218 1157 1226 1186 ,
1248 1135 1336 1192 quem

96 1215 191 1273 locum
209 1208 419 1290 philosophus,
441 1221 474 1267 ut
487 1209 607 1288 juvenis
624 1210 658 1267 in
675 1207 824 1281 Phaedro,
845 1209 885 1267 ita
906 1211 1086 1288 provectiore
1111 1209 1221 1269 deinde
1240 1225 1335 1270 aetate

97 1308 302 1388 in'Symposio
317 1306 452 1366 tractavit
471 1327 504 1364 ac
523 1307 721 1386 perpurgavit.
758 1304 816 1365 Sed
835 1306 868 1363 in
886 1305 1019 1365 Phaedro
1037 1305 1075 1364 de
1091 1307 1146 1365 hoc
1164 1323 1335 1386 argumento

62 1426 67 1434 ·
97 1406 255 1486 quaesivit,
270 1403 367 1486 prouti
382 1424 433 1462 suo
451 1384 514 1462 loco
532 1402 804 1475 animadvertimus,
821 1400 1065 1479 quemadmodum
1081 1402 1229 1482 analytice
1246 1405 1336 1464 simul

94 1519 123 1564 et
142 1502 306 1583 synthetice
334 1513 545 1580 exponeretur3
572 1498 601 1578 1)
627 1501 661 1559 in
684 1499 836 1578 Symposio
853 1519 923 1559 veru
941 1511 1000 1558 tota
1019 1501 1163 1578 expositio
1184 1501 1338 1580 analytica

96 1599 229 1682 procedit
254 1599 385 1671 ratione,
406 1597 501 1678 ipsum
520 1583 807 1676 adeoSymposium
835 1610 863 1655 et
891 1596 983 1654 forma
1002 1609 1030 1654 et
1055 1596 1215 1674 quaerendi
1244 1599 1334 1659 modo

94 1697 171 1756 hanc
188 1697 329 1754 rationem
349 1695 437 1753 refert
458 1707 542 1774 atque
559 1693 716 1774 exprimit:
745 1681 918 1752 documento
946 1692 1031 1753 nobis
1054 1693 1135 1753 idem
1162 1694 1210 1752 hic
1240 1696 1336 1756 dialo-

95 1815 147 1874 gus
175 1807 234 1868 est,
264 1804 442 1871 quantopere
473 1790 511 1850 ad
539 1813 600 1850 rem
627 1813 689 1851 non
718 1790 809 1850 solum
832 1789 980 1866 jucunde,
1014 1789 1065 1849 sed
1093 1791 1218 1850 interius
1243 1794 1334 1852 etiarn

93 1889 324 1970 exquirendam,
352 1888 453 1948 eadem
472 1888 526 1949 illa
553 1891 627 1948 ratio
654 1889 759 1950 valeat.
810 1888 881 1944 Nam
893 1931 901 1960 ,
931 1901 1082 1966 postquam
1107 1889 1243 1950 convivis
1269 1890 1335 1970 pla·

93 1990 208 2047 cuit-
229 2007 288 2044 rem
318 2007 404 2066 supra
434 1979 649 2059 enarravimus,
679 1985 729 2043 hic
759 1997 872 2056 autem,
903 1984 1028 2062 opinor,
1053 1985 1218 2043 meminisse
1237 1987 1334 2063 juva.

94 2084 155 2142 hit:
176 2113 211 2121 -
231 2084 365 2144 couviris
385 2084 475 2163 igitur
503 2097 653 2162 postquam
671 2079 807 2140 omnibus
834 2079 965 2159 placuit,
988 2093 1019 2138 ut
1047 2080 1098 2138 sua
1119 2082 1241 2160 quisque
1263 2075 1334 2144 vice

92 2201 216 2241 amorem
242 2179 420 2254 celebraret,
441 2181 533 2260 prima
552 2181 661 2253 oratio,
683 2198 756 2258 quae
773 2177 897 2236 Phaedri
918 2191 978 2250 est,
997 2178 1029 2235 in
1050 2176 1178 2237 medium
1203 2201 1255 2238 nos
1286 2204 1334 2241 ar·

38 2260 40 2264 Ι
92 2291 259 2357 gementum
287 2276 421 2336 traducit
445 2276 598 2358 extemplo.
646 2275 818 2336 Encomium
847 2274 926 2332 enim
956 2275 1060 2334 amoris
1087 2288 1151 2348 est,
1179 2295 1238 2352 quo
1265 2291 1334 2337 turn

92 2374 174 2434 dotes
194 2375 248 2432 Dei
267 2373 445 2447 laudantur,
475 2386 537 2432 tum
553 2374 644 2454 ipsius
664 2373 768 2432 amoris
787 2371 951 2430 celebratur
970 2373 1002 2428 in
1021 2371 1108 2429 rebus
1126 2371 1264 2432 huinanis
1286 2377 1335 2436 vis

91 2484 120 2530 et
140 2471 307 2530 auctoritas.
349 2469 407 2528 Hic
431 2472 605 2545 Pausanias,
631 2491 705 2549 quae
734 2469 899 2549 praeclare,
925 2466 976 2526 sed
1002 2489 1063 2526 non
1092 2469 1160 2527 satis
1187 2469 1334 2532 distincte

90 2567 169 2628 dicta
189 2581 288 2640 erant,
310 2553 457 2626 cerne'ndo
477 2569 571 2648 aptius
588 2568 761 2648 pleniusque
781 2565 928 2626 enunciat.
959 2565 1040 2638 Quae
1060 2563 1208 2626 Phaedrus
1229 2566 1334 2644 dixit,

91 2665 206 2743 inquit,
233 2666 296 2723 sine
324 2665 495 2744 exceptione
523 2664 671 2738 laudanda
700 2677 814 2736 essent,
838 2663 863 2720 si
896 2682 971 2720 unus
1000 2675 1073 2719 esset
1100 2683 1196 2722 amor:
1225 2681 1335 2726 verum

90 2763 186 2836 enim,
215 2782 282 2820 cum
300 2759 360 2820 duo
385 2761 463 2835 sint,
493 2775 526 2820 ut
549 2760 625 2822 duae
652 2776 720 2822 sunt
746 2762 894 2833 Veneres,
921 2758 995 2817 alter
1023 2759 1167 2834 Uranius,
1196 2760 1336 2841 vulgaris

90 2857 181 2931 alter,
202 2857 414 2936 distinguamus
433 2859 485 2920 hos
504 2873 615 2940 oportet
633 2859 799 2938 diligenter.
842 2857 907 2929 Qua
926 2854 1130 2933 distinguendi
1159 2859 1222 2918 veri
1248 2879 1334 2920 amo·

89 2955 149 3026 ris,
180 2973 265 3031 quem
286 2955 450 3035 respexerat
468 2955 634 3030 Phaedrus,
662 2954 817 3034 diligantid
843 2951 998 3011 Pausanias
1024 2952 1083 3011 vim
1110 2965 1139 3010 et
1166 2951 1334 3016 efficacita-

88 3064 145 3110 tem
163 3064 251 3116 totam
267 3049 384 3109 demum
402 3052 435 3110 in
452 3052 547 3112 lucem
569 3053 688 3135 profert.
731 3053 806 3109 Turn
829 3071 898 3109 vero
926 3048 1158 3128 Eryximachus,
1178 3055 1332 3114 cernendi

87 3147 142 3208 hoc
162 3148 290 3209 studium
311 3162 339 3208 et
356 3148 482 3229 probans
500 3150 686 3211 vehementer
702 3162 731 3208 et
749 3149 812 3228 ipsc
831 3167 973 3226 usmpans
983 3190 992 3221 ,
1023 3159 1177 3224 utrumque
1196 3168 1334 3212 amorem

88 3245 121 3304 iu
150 3258 208 3304 tota
237 3265 332 3304 rerum
362 3255 475 3306 natura
494 3245 686 3323 omnibusque
710 3247 744 3305 in
771 3245 882 3304 artibus
909 3256 1041 3302 accurate
1069 3242 1235 3324 distinguit.
1293 3251 1332 3308 In

87 3341 133 3400 his
162 3341 285 3421 singulis
314 3363 399 3402 nemo
427 3357 470 3402 est
499 3343 571 3420 quin
600 3343 775 3423 analyticam
803 3341 944 3402 rationem
966 3354 1069 3420 sponte
1089 3340 1330 3406 animadvertat:

87 3450 182 3517 aptam
201 3453 296 3497 autem
318 3439 394 3498 hanc
413 3460 472 3498 esse
492 3440 673 3520 potissimum
692 3439 730 3499 ad
757 3461 802 3499 res
822 3438 945 3498 interius
966 3435 1148 3516 indagandas
1166 3439 1332 3520 explican-

88 3534 212 3612 dasque,
234 3538 365 3616 proxima
391 3534 525 3616 probant.
578 3537 780 3618 Aristophanis
808 3535 887 3594 enim
917 3554 1027 3608 sermo,
1049 3547 1081 3592 ut
1111 3535 1330 3616 meminimus,

88 3632 119 3689 in
150 3632 252 3712 primis
269 3654 342 3711 quac
361 3633 490 3691 Socrates
507 3632 627 3694 tandem
646 3633 773 3713 profert,
795 3633 886 3712 ipsam
903 3644 1035 3710 spectant
1054 3633 1158 3690 amoris
1176 3647 1329 3698 naturam.

88 3730 227 3789 Homines
246 3730 402 3810 distinguit
421 3731 564 3804 comicus,
585 3733 636 3808 qui
655 3731 725 3791 olim
744 3731 882 3801 fuerunt,
906 3727 944 3784 ab
963 3726 1030 3801 his,
1059 3729 1109 3804 qui
1130 3750 1208 3788 nunc
1231 3749 1328 3793 sunt:

89 3825 167 3888 unde
194 3817 334 3907 originem
360 3823 463 3887 amoris
490 3828 634 3905 simulque
663 3829 724 3905 ejus
750 3828 810 3888 vim
830 3840 859 3884 et
877 3836 1010 3883 naturam
1029 3824 1166 3905 explicat.
1207 3828 1244 3888 In
1273 3832 1328 3892 So-

86 3924 174 3981 cratis
193 3946 262 3985 rero
283 3926 431 3999 oratione,
452 3926 599 3984 interioris
616 3924 784 4004 indaginis,
804 3945 876 4002 quae
903 3920 1050 3980 cernendo
1070 3922 1220 4000 procedit,
1249 3947 1328 4007 per-

87 4019 162 4078 fecta
182 4035 276 4080 exstat
294 4023 413 4102 species.
454 4023 593 4104 Opposita
612 4043 715 4102 nempe
733 4021 804 4079 haec
822 4035 863 4080 est
882 4040 949 4080 curn
967 4031 1142 4109 caeterorum
1160 4027 1326 4103 encomiis,

86 4129 149 4174 tum
169 4117 306 4177 laudibus
333 4119 476 4193 maxime,
496 4119 603 4200 quibus
632 4119 744 4199 Agatho
771 4131 836 4198 post
863 4117 931 4176 illos
960 4135 1083 4175 amorem
1110 4116 1324 4196 celebraverat,

86 4215 151 4274 Nou
180 4214 351 4276 discrevisse
379 4217 431 4301 hos
462 4218 502 4277 ait
521 4217 649 4278 Socrates
680 4217 716 4276 ab
735 4217 837 4274 ellectu
856 4199 959 4276 amoris
977 4233 1098 4273 amorem
1120 4214 1222 4294 ipsum.
1257 4221 1324 4282 Nee

85 4347 341 4362 -ssub—

121 4420 146 4486 t)
166 4423 242 4475 rnna
257 4441 282 4491 p.
303 4423 367 4488 aer,
387 4423 443 4478 an,
