2908 5114
753 287 813 348 348

162 453 307 532 origines:
329 471 499 531 quamquam
519 451 649 510 latebant
668 448 765 510 adhue
775 494 785 525 ,
807 449 931 508 necdum
948 451 1010 531 ipsa
1031 450 1228 532 metaphysica
1238 453 1387 511 exstiterat.

161 551 282 630 Propius
300 550 336 610 ad
354 571 414 608 eam
432 550 571 630 processit
590 549 753 608 lonicorum
773 548 929 628 princeps,
951 547 1085 627 idemque
1103 549 1228 609 Socratis
1247 551 1272 608 si
1302 551 1389 608 minus

162 661 346 727 praeceptor,
367 647 430 707 dux
451 659 527 706 certe
548 647 586 705 ad
614 645 803 719 sublimiora,
834 648 1037 726 Anaxagoras,
1068 649 1119 726 qni
1149 668 1235 728 supra
1266 661 1388 706 naturam

160 764 220 802 sese
239 765 340 824 resque
359 742 571 825 adspectabiles
591 745 722 822 erigens,
748 740 835 802 νοῦν
855 743 1052 822 frequentaret
1072 745 1252 804 sermonibus
1272 747 1389 826 scriptis·

159 862 216 920 qne
235 845 314 917 suis,
336 843 503 920 diceretque
514 842 640 921 primum
650 834 747 902 πάντα
768 836 847 921 σ’μοῦ
866 843 975 917 fuisse,
996 855 1058 901 tum
1079 864 1148 904 vero
1168 842 1237 902 νοῦν
1256 843 1389 923 prodiisse

159 951 244 1017 atque
273 940 422 1000 ordinasse
454 943 561 1003 omnia.
609 935 718 1003 Πάντα
746 938 892 1025 χρήματα
919 933 959 1022 ἦν
987 933 1080 1018 σ’μοῦ·
1111 936 1175 1004 εἶτα
1198 943 1268 1017 νοῦς
1296 935 1388 1002 ἐλθών

159 1031 235 1097 αὕτα
266 1031 455 1118 διεκόσμησε.
480 1037 510 1118 l)
551 1042 750 1105 Veruntamen
782 1047 814 1105 in
844 1045 961 1127 placitis
989 1043 1050 1102 illis
1079 1047 1214 1120 cunctis,
1245 1047 1278 1103 in
1308 1045 1388 1124 ipsius

159 1142 347 1217 Anaxagorae
367 1138 485 1197 sublimi
505 1139 559 1197 boc
578 1141 660 1199 effato
671 1187 679 1216 ,
701 1143 787 1202 initia
808 1144 896 1205 rideo
915 1140 1130 1221 metaphysieae
1141 1188 1149 1217 ,
1181 1145 1274 1223 ipsam
1291 1141 1387 1200 doctri-

160 1256 246 1310 nam,
272 1257 345 1314 quae
363 1235 472 1296 deinde
499 1236 553 1296 boc
584 1240 701 1298 nominc
729 1242 873 1304 celebrata
903 1253 962 1313 est,
994 1239 1127 1298 nondum
1155 1241 1252 1310 video.
1293 1239 1387 1298 Multis

153 1333 278 1406 ,demum
295 1334 381 1392 annis
399 1317 490 1415 post,
503 1355 592 1413 quum
612 1335 743 1398 Socrates
762 1354 791 1400 et
813 1339 895 1399 Plato
921 1357 1024 1397 novam
1055 1337 1285 1418 philosophandi
1311 1337 1386 1395 ratio·

161 1451 227 1489 nem
245 1429 456 1521 induxissent,
472 1433 618 1512 profectus
635 1455 650 1491 e
670 1435 798 1496 Platonis
815 1436 912 1497 scbola
932 1434 1117 1510 Aristoteles,
1139 1435 1386 1514 ejusdemqueeum

160 1527 276 1608 placitis
295 1528 424 1587 imbutus
443 1529 479 1589 de
498 1531 584 1591 rebus
604 1537 739 1612 νοηταῖς,
761 1549 823 1594 ιιιιιι
843 1532 996 1592 dialectica
1013 1535 1206 1607 exercitatus,
1236 1551 1386 1590 cannarum

104 1657 107 1666 ·
160 1626 412 1706 investigationem
430 1627 469 1688 ad
492 1628 668 1713 disciplinae
694 1653 823 1694 normam
842 1631 939 1710 adegit
966 1643 1051 1708 atque
1079 1629 1118 1689 ad
1143 1643 1269 1688 mentem
1298 1628 1387 1686 retulit

161 1722 297 1783 hominis.
326 1723 373 1782 Sic
392 1725 508 1784 demum
527 1730 639 1808 prodiit
657 1731 736 1813 apud
755 1732 879 1791 Graecos
899 1729 1016 1809 proprie
1035 1729 1075 1786 sic
1092 1727 1172 1786 dicta
1183 1727 1385 1804 metaphysica.

160 1821 234 1878 Nam
253 1823 363 1900 priores
383 1820 450 1898 illi,
471 1826 549 1903 quod
570 1828 630 1908 ipse
649 1829 690 1887 ait
709 1828 884 1908 disciplinae
911 1837 1031 1898 auctor,
1062 1824 1246 1884 dialecticam
1266 1823 1385 1883 nondun

159 1918 308 1979 tenebant.
357 1915 397 1979 Οἱ
426 1913 484 1999 yolo
505 1918 646 2005 πρότεροι
677 1923 860 2006 διαλεκτικῆς
891 1918 927 1983 oei
957 1925 1103 2000 μετεῖχον.
1125 1921 1157 2002 2)
1198 1921 1333 1996 Scilicet,
1362 1935 1385 1978 ut

160 2013 238 2073 idern
252 2017 386 2094 judicat,
408 2021 590 2084 balbutiebat
613 2026 710 2086 adbuc
730 2026 933 2143 philosophia:
962 2017 1160 2103 ψελλιζομένῃ
1182 2043 1240 2138 pop
1268 2011 1385 2097 ἔοικενῆ

159 2106 264 2196 πρώτη
295 2118 457 2199 φιλοσοφία
477 2121 545 2204 περὶ
564 2116 695 2198 πάντων,
726 2117 777 2185 ἅτε
804 2118 856 2183 νέα
884 2145 915 2184 τε
944 2123 993 2184 καὶ
1021 2147 1076 2186 κατ
1112 2115 1212 2203 ιιόχας
1243 2111 1326 2181 οὖσα
1360 2118 1385 2198 3)

160 2213 253 2274 Erant
271 2218 409 2295 quidem,
430 2215 490 2297 alt,
511 2225 579 2302 qui,
601 2240 632 2284 ut
652 2227 855 2305 Anaxagoras,
877 2226 982 2284 eximia
1003 2227 1160 2306 proderent
1188 2224 1313 2303 placita,
1344 2217 1385 2278 sed

160 2331 227 2370 casu
256 2312 303 2372 illi
331 2318 380 2378 vel
409 2319 521 2400 ingenii
550 2324 679 2403 impetu,
709 2346 770 2383 non
797 2324 908 2383 ratione
937 2323 1158 2401 disserendique
1189 2317 1340 2398 diligentia
1359 2333 1385 2373 eo

160 2428 364 2490 pervenerant.
408 2418 559 2498 Comparat
578 2441 625 2479 eos
642 2420 806 2495 militibus,
827 2422 896 2498 qui,
916 2421 1049 2480 nondum
1060 2419 1211 2479 exercitati
1222 2413 1385 2496 gymnastica

160 2521 209 2566 aut
239 2510 343 2586 armis,
373 2527 449 2572 recte
477 2516 602 2576 subinde
631 2517 740 2576 bostem
770 2518 890 2579 feriunt.
933 2518 1076 2593 Faciunt,
1108 2519 1167 2592 ait,
1199 2506 1261 2574 οἷον
1281 2511 1310 2572 ἒν
1330 2513 1385 2582 ταῖς

160 2599 275 2684 μάχαις
297 2604 325 2667 οἱ
347 2603 528 2689 ἀγύμναστοι
550 2613 679 2674 ποιοῦσι·
705 2613 755 2675 καὶ
776 2609 834 2736 yplp
862 2613 963 2676 ἐκεῖνοι
991 2610 1231 2696 περιφερόμενοι,
1256 2608 1384 2674 τύπτουσι

159 2699 297 2781 πολλάκις
323 2706 414 2786 καλας
442 2709 572 2794 πληγας
600 2709 665 2774 a'tt'
693 2737 760 2776 oves
789 2713 890 2777 ἐκεῖνοι
919 2710 979 2776 dud
1013 2711 1195 2799 ἐπιστήμης,
1226 2738 1293 2778 οιιτε
1313 2705 1383 2775 οὗτοι

161 2806 288 2869 ἐοίκασιν
310 2805 401 2873 εἰδοσι
422 2810 554 2894 λέγειν“
535 2840 555 2876 α
576 2811 703 2896 λέγουσι.
725 2815 757 2896 ἱι)
790 2818 903 2893 Quod
896 2840 927 2875 m
940 2820 1139 2898 Anaxagoram
1150 2817 1271 2877 adhibet
1281 2836 1383 2894 ,quem
1443 2827 1444 2880 J

160 3006 267 3068 ποιΐαν·
296 3011 346 3072 καὶ
373 3037 445 3075 οταν
473 3008 620 3102 απορήση,
647 3013 757 3079 διαί
725 3041 770 3080 τν
806 3014 902 3078 αἰτίαν
928 3011 1009 3088 ἒξ’
988 3011 1115 3099 ανάγκης
1138 3015 1215 3091 ἐστί,
1239 3011 1304 3078 τότε
1319 3012 1383 3075 Since

159 3104 267 3171 αὐτον·
304 3111 336 3174 ἒν
366 3113 402 3175 δὲ
438 3113 500 3190 τοῖς
533 3110 631 3193 ἄλλοις
663 3113 764 3182 πάντα·
792 3119 903 3198 μᾶλλον
930 3117 1057 3180 αἰτιᾶται
1088 3118 1150 3179 τῶν
1181 3113 1346 3200 γινομένων
1364 3139 1381 3196 η

123 3290 127 3298 Ι
160 3209 237 3272 νοῦν.
260 3212 291 3293 5)

196 3408 306 3487 Quid
333 3411 517 3474 Platoni
547 3419 742 3479 debuisse
773 3419 1057 3492 Aristoteles,
1079 3417 1129 3476 ad
1159 3417 1355 3495 metaphy-

455 3523 579 3576 sicom
610 3519 880 3592 tradendam,
903 3515 1105 3574 videtur?

182 3697 261 3765 'Etsi
282 3729 349 3767 vero
368 3708 422 3768 bae
442 3726 510 3772 sunt
523 3709 912 3792 'habendaessmetaphysiccs
931 3709 1010 3792 apud
1031 3709 1153 3770 Graecos
1172 3711 1312 3791 origines,
1333 3707 1379 3764 mi·

161 3822 216 3860 nus
234 3816 329 3862 tamen
350 3809 518 3868 Aristoteles
539 3809 577 3868 ad
596 3831 657 3868 eam
674 3809 878 3891 explicandam
895 3810 1001 3869 lonicis
1030 3808 1212 3889 philosophis
1241 3806 1379 3876 debuisse,

164 3988 417 4004 Q,

193 4110 219 4175 ¹)
237 4111 313 4184 mog.
333 4081 418 4180 rain
439 4118 468 4169 u.
488 4118 512 4170 o.
531 4119 606 4172 eran
624 4119 718 4171 enee.
736 4119 778 4172 ιι.
798 4120 826 4174 o.
847 4119 885 4174 cr.
903 4117 994 4172 vater.
1015 4119 1097 4170 σια.
1117 4135 1142 4185 p.
1162 4119 1204 4169 ιο.

192 4195 218 4260 2)
238 4199 315 4250 Arist.
334 4203 441 4272 Metoplr.
461 4204 479 4255 1.
499 4222 525 4272 p.
546 4205 585 4258 16.
605 4205 654 4256 Ed.
673 4203 745 4270 syth.

193 4280 450 4353 fflMMpQ

193 4365 446 4439 wfflmpffl

192 4453 346 4518 &mm
