2838 5120
745 262 805 322 ²28

164 426 303 484 excitaret
324 425 544 501 infounaretque
565 421 711 496 indolem,
733 426 796 504 pari
816 427 961 504 proposito
977 439 1005 484 et
1023 427 1152 486 omnium
1173 427 1284 484 maxime
1299 449 1356 506 geo-

163 532 304 582 metriam
330 521 478 582 colendam
507 523 627 582 censuit.
669 521 796 582 Socrates
821 524 901 604 apud
921 544 1004 597 eum,
1023 523 1064 582 ad
1082 522 1171 582 finem
1190 522 1314 603 perducta
1328 525 1356 582 de

164 621 339 681 arithmetica
358 621 552 704 disputatione
577 620 630 680 «id
650 622 793 700 prolecto,
814 622 927 700 inquit,
950 641 1009 682 non
1027 623 1174 680 vocabunt
1193 623 1224 680 iu
1238 609 1356 694 dubium,

162 735 299 800 quotquot
321 719 368 780 vel
388 719 599 798 aliquantulum
619 721 787 798 geometriae
806 735 873 778 sunt
887 722 991 800 periti,
1012 720 1087 782 banc
1098 719 1277 800 disciplinam
1285 719 1355 800 plane

162 835 318 899 repugnare
338 819 392 890 iis,
413 839 484 895 quae
504 817 590 896 vulgo
608 816 713 878 dicunt
732 821 793 896 ejus
813 818 942 879 studiosi.
973 819 1144 895 loquuntur
1158 820 1235 878 euim
1254 817 1356 876 ridicule

161 937 274 996 pawsus
300 929 328 974 et
348 915 550 974 illiberaliter:
572 935 638 974 nam
660 931 691 974 ut
711 917 786 976 fabri
809 931 837 978 et
855 918 937 995 quasi
958 916 1122 976 fabricandi
1142 918 1239 976 cauni
1257 916 1357 994 loquer

160 1029 220 1087 tes,
240 1013 278 1073 de
299 1013 442 1074 ducendis
462 1013 624 1092 quadratis,
645 1012 682 1072 de
702 1014 790 1074 lineis
808 1014 1020 1094 producenda,
1041 991 1239 1094 similibusque
1257 1013 1356 1074 dicunt:

160 1105 202 1172 td
230 1107 257 1172 δ’
284 1106 358 1173 ἔστι
385 1134 451 1171 που
478 1110 547 1170 πᾶν
575 1105 613 1172 τό
636 1100 798 1192 μα’θημο
820 1102 984 1193 γνώσεως
1005 1109 1105 1174 ἓνεκα
1127 1107 1357 1193 ἐπιτηδευόμε-

161 1234 234 1273 νον·
256 1217 509 1272 daeeautem
529 1216 770 1293 disciplina
791 1226 880 1275 tota
900 1217 1356 1296 eatcognoaeemdieous·

160 1324 204 1376 aa
224 1316 489 1374 tractanda.»
535 1316 609 1371 Tum
628 1316 730 1400 pergit.
756 1316 884 1387 ullenne
903 1315 935 1374 id
954 1335 1066 1394 quoque
1084 1313 1318 1374 concedendum?
1333 1355 1353 1364 -

162 1414 240 1490 Quid
259 1414 400 1475 tandem?
421 1461 456 1470 ..
474 1405 523 1485 Ὡς
543 1411 588 1491 τῆ
593 1435 607 1484 ς
622 1411 687 1472 τοῦ
702 1407 758 1472 cisi
774 1407 873 1488 ὄντος
886 1402 1064 1493 patriciam,
1081 1407 1142 1474 ἀλλ’
1155 1406 1254 1475 αὐτοῦ
1268 1405 1355 1472 notin

163 1509 333 1596 γιγνομένου
349 1513 397 1574 καὶ
410 1508 624 1592 ἀπολλυμένου·
647 1526 780 1592 oportere
794 1538 860 1574 eam
877 1517 994 1574 addisci
1013 1518 1061 1574 ad
1080 1518 1122 1574 id
1142 1539 1183 1574 ea
1190 1537 1241 1596 gn
1251 1537 1266 1571 ο
1276 1535 1359 1573 σοιν·

162 1621 271 1691 dam,
302 1620 406 1696 quod
426 1627 507 1691 est,
538 1640 594 1676 non
615 1637 719 1675 rerum
738 1623 863 1689 causari,
884 1637 959 1693 qaae
978 1622 1123 1674 oriuntur
1141 1625 1171 1672 et
1183 1623 1317 1692 pereant.
1335 1647 1358 1656 -

64 1755 66 1760 -
162 1714 385 1775 Concedendum
411 1715 516 1795 plane:
556 1713 619 1776 τοῦ
650 1707 714 1793 yda
743 1709 796 1774 u'ei
822 1707 928 1786 ὄντος
952 1738 972 1794 η
999 1705 1222 1794 prosperetur)
1250 1704 1362 1792 γνῶσίς

160 1811 250 1873 ἐστι·
290 1837 360 1872 nam
382 1826 548 1898 geometria
579 1826 661 1896 ejus,
688 1818 764 1895 qaod
782 1827 827 1876 eat
846 1838 979 1894 seraper,
1000 1825 1127 1898 cognitio
1148 1826 1202 1875 est.
1223 1849 1262 1860 —-
1281 1803 1362 1874 ‘Oltis

159 1911 232 1994 ripa,
262 1907 288 1976 oi
315 1919 435 1994 γενναῖε,
463 1915 569 1997 ψυχῆς
595 1913 673 1998 προς
691 1910 838 1996 ,ἀλήθειαν
859 1911 903 1996 εἴη
927 1909 976 1989 ἂν,
997 1914 1046 1976 καὶ
1068 1909 1276 1994 dnspyotormdv
1295 1915 1338 1993 qut

159 2012 257 2098 σόφου
279 2016 408 2091 διανοίας
429 2013 506 2096 προς
526 2014 563 2080 ad
586 2013 646 2080 dvo
670 2023 764 2098 σχεῖν,
787 2015 807 2078 d
827 2017 881 2078 mir
902 2012 1005 2092 κοίταν,
1018 2011 1054 2078 oti
1065 2013 1149 2090 δέον,
1172 2013 1291 2098 ἔχομιν·
1309 2029 1360 2076 tra-
1403 2023 1404 2062 l

158 2123 205 2179 tit
231 2129 351 2203 igitar,
381 2143 396 2179 ο
423 2125 511 2196 bone,
542 2125 582 2180 od
612 2130 770 2180 vamtatem
801 2130 956 2194 animam,
978 2120 1176 2198 epfeetrieque
1195 2128 1256 2178 erit
1273 2121 1361 2175 mealia
1403 2145 1404 2198 t

152 2221 360 2300 philosophae,
383 2230 418 2277 at
435 2223 474 2278 ad
493 2229 649 2296 superiora
669 2223 844 2280 attollamus
855 2266 863 2292 ,
885 2241 959 2298 qaae
978 2241 1057 2278 nune
1068 2265 1076 2293 ‚
1098 2231 1204 2278 cantra
1224 2241 1310 2297 quam
1324 2216 1361 2272 de·
1403 2219 1404 2284 ᾗ

157 2331 222 2391 cet,
242 2327 276 2375 im
295 2321 447 2393 inferiora
467 2320 606 2379 habentus
626 2323 762 2380 densiora.
785 2361 817 2370 -
838 2320 931 2392 Quam
951 2319 1084 2378 maxime.
1099 2349 1134 2358 -
1153 2317 1247 2392 Quam
1259 2314 1360 2374 maxine

158 2417 246 2496 igitur
272 2418 510 2498 praecipiendum
541 2433 600 2492 est,
631 2431 662 2476 ut
692 2421 722 2477 in
753 2419 859 2499 optima
890 2419 1007 2478 civitate
1025 2417 1174 2497 principes
1194 2409 1361 2474 nullomodo

159 2511 339 2595 geometriam
359 2529 514 2595 spernant:
537 2539 622 2590 nam,
643 2537 715 2596 qnae
733 2516 874 2576 accedunt
894 2515 932 2576 ad
951 2518 1011 2593 ejus
1030 2517 1208 2595 propositum
1227 2517 1360 2578 summum,

160 2635 219 2674 non
239 2615 341 2694 exigua
362 2629 437 2675 sunt.
460 2617 663 2690 -Quaenam
686 2615 761 2676 illa?
782 2643 817 2652 -
845 2616 925 2688 Quae
945 2613 1054 2672 bellum
1077 2626 1224 2693 spectant:
1254 2609 1309 2672 καὶ
1329 2598 1360 2684 di

158 2710 213 2772 nui
239 2706 330 2790 προς
356 2707 472 2786 πάσας
497 2707 692 2794 μαθήσεις,
716 2706 808 2774 ὥστε
830 2706 969 2772 κάλλιον
990 2707 1258 2792 ἀποδέχεσθαι,
1281 2709 1362 2788 ἴαμα

159 2835 227 2874 που
249 2807 305 2873 ὅτι
326 2814 375 2898 τῷ
397 2808 467 2898 ὅλῳ
488 2814 547 2876 καὶ
568 2815 672 2876 παντὶ
695 2815 827 2877 διοίσει
849 2809 1009 2896 ἡμμένος
1030 2837 1065 2875 τε
1088 2809 1360 2899 praetermisisti

159 2911 227 2996 μή·
259 2925 358 2996 quin
385 2926 514 2976 etiam
540 2928 715 2994 scineae,
748 2921 796 2977 ad
825 2919 1091 2996 disciplinae
1111 2922 1359 2996 omneefaet'·

160 3021 247 3077 liae
272 3019 580 3097 perdiscendae
608 3024 1183 3096 interesseqaommaaime,
1220 3025 1359 3096 attige-

159 3126 277 3175 riime
297 3123 576 3196 geometriam
596 3119 783 3194 aliquis,
805 3139 876 3174 ezec
897 3137 978 3174 me.»
1004 3111 1033 3193 1)

200 3217 259 3274 Has
279 3228 372 3272 autern
391 3213 510 3288 breves,
542 3214 592 3273 sed
611 3229 706 3272 acutas
724 3215 963 3293 gravissimasque
982 3213 1155 3286 sententias,
1176 3234 1233 3292 qao
1253 3213 1360 3290 diligen-

159 3315 216 3374 tius
232 3311 487 3393 perpenderimus,
507 3331 541 3370 eo
560 3314 667 3370 certius
685 3333 864 3390 assequemur
884 3311 958 3370 effati
969 3311 1158 3384 sententiam,
1179 3311 1257 3389 quod
1268 3305 1358 3369 Platoni

159 3411 298 3470 tribuitur
319 3409 405 3488 vulgo
422 3424 450 3468 et
468 3407 612 3468 declarare
633 3410 803 3469 Plutarchus
823 3409 950 3468 studuit:
985 3401 1002 3467 o‘
1023 3402 1092 3469 ded
1100 3432 1114 3481 ς
1134 3401 1358 3487 γεωμιτριίἳ]
1398 3417 1400 3430 “

158 3511 229 3568 Nam
270 3522 300 3567 ut
339 3509 398 3566 Deo
425 3507 570 3566 tribuebat
599 3507 806 3589 philosophus,
837 3507 915 3586 quod
943 3510 998 3588 ipsi
1024 3511 1055 3569 in
1081 3511 1197 3570 bomine
1226 3509 1358 3570 videbatur

159 3589 331 3681 maximum,
366 3607 405 3665 ita
425 3608 604 3686 geometriam
625 3627 684 3665 non
702 3606 829 3664 tribuere
850 3605 970 3666 divinae
990 3609 1079 3667 menti
1097 3631 1157 3669 non
1177 3610 1280 3690 potuit.
1316 3597 1358 3662 Sel

159 3719 238 3787 patet
258 3705 328 3764 inde
348 3706 434 3779 item,
455 3726 511 3784 quo
531 3705 639 3763 honore
660 3704 734 3762 banc
756 3703 943 3786 disciplinam
961 3705 1111 3767 habuerit:
1133 3730 1186 3768 nec
1197 3706 1357 3768 mirabimur,

157 3805 203 3862 bis
221 3805 393 3884 perspectis,
415 3804 594 3882 geometriam
613 3815 710 3882 postea
728 3801 852 3863 Graecos
869 3796 1006 3884 μάθησιν
1025 3827 1157 3881 vocasse,
1178 3807 1284 3887 quippe
1303 3814 1357 3879 quet

159 3921 215 3961 una
247 3903 374 3961 omnium
405 3901 624 3981 disciplinarum
657 3901 778 3959 maxime
796 3903 975 3964 institutioni
994 3905 1251 3992 essetnadhibenda
1272 3915 1296 3961 et
1313 3893 1355 3956 ⁵⁰1³

159 4001 305 4063 videretur
334 4002 495 4076 disciplina
525 3997 719 4079 appellanda,
749 4021 873 4080 nosque,
904 4025 1000 4062 eorum
1020 4002 1183 4084 exemplum
1203 4015 1321 4069 secutos,
1337 4003 1355 4048 et

159 4119 257 4157 vocem
277 4100 401 4179 ipsorum
424 4111 451 4156 et
471 4097 524 4156 bac
545 4101 604 4193 eain
627 4097 835 4176 significatione
856 4100 964 4181 linguis
975 4103 1078 4161 nostris
1087 4103 1250 4182 suscepisse.
1270 4099 1353 4156 Verum

157 4271 409 4280 --—---—-—-——-

195 4376 215 4439 11
237 4379 272 4427 De
290 4379 350 4444 Καρ.
370 4376 421 4426 Vll.
441 4376 498 4428 527.
517 4378 546 4427 Α.
569 4377 594 4426 Β.

190 4463 215 4526 2)
234 4463 299 4514 Plut.
320 4463 467 4530 Symposion
486 4463 549 4513 Vlll.
570 4464 626 4515 718.
