2898 5120
669 249 728 304 hild

304 404 373 475 -Da
396 408 610 486 palitidt's
637 407 845 484 Platonis
871 407 1079 486 dialogis.
1171 427 1175 434 ’

120 593 162 662 Ut
185 602 307 664 creticos
331 601 498 682 philosophi
528 601 656 682 dialogos
685 601 852 676 dialectici,
883 603 923 663 ita
952 601 1005 662 bos
1031 600 1177 662 subsecuti
1202 602 1317 682 politici

88 700 236 762 videntur:
266 720 340 779 quae
365 701 440 762 rufio
469 701 588 780 ingenio
614 699 741 760 hominis
768 701 886 782 propria
914 713 975 775 est,
1007 713 1071 760 uta
1090 697 1194 778 pulcro
1212 698 1250 760 ad
1270 720 1317 760 ve·

86 817 161 871 rum,
182 797 252 856 hinc
279 812 374 858 autem
394 793 434 860 ad
447 799 560 876 justum
580 799 746 879 bonumque
765 821 799 858 ac
823 819 919 858 rerum
939 797 1131 856 humanarum
1149 797 1317 858 interiorem

85 894 310 972 disquisitionem
338 894 486 976 procedat.
528 896 629 974 ltaque
654 899 762 977 scripto
786 898 943 958 Theaeteto
961 917 993 958 ac
1017 895 1158 974 Sophiste
1170 892 1239 970 ,mad
1259 894 1314 954 Po-

84 994 196 1066 h'tt'eam
224 1011 390 1072 progressus
413 1007 472 1069 est;
496 993 547 1054 sed
568 993 637 1069 hic,
656 996 789 1073 quamvis
817 996 934 1056 nomine
963 993 1113 1076 politicam
1130 992 1316 1073 prudentiam

84 1091 210 1164 referret,
246 1111 278 1148 re
313 1104 429 1165 tamen,
468 1105 500 1152 ut
531 1091 676 1168 vidimus,
709 1093 748 1156 ad
780 1093 964 1154 dialecticam
991 1091 1156 1172 pertinebat
1182 1091 1316 1150 maxime.

83 1188 225 1250 Politicam
255 1187 371 1251 demum
394 1188 462 1250 dart
490 1190 577 1270 operi
604 1205 727 1252 tractare
755 1193 786 1250 in
819 1191 951 1270 Gorgia,
982 1191 1106 1274 maxime
1137 1189 1168 1248 in
1201 1187 1318 1248 Politia

83 1285 178 1365 coepit.
222 1287 352 1368 Gorgiae
379 1301 600 1366 argumentum,
632 1301 664 1350 ut
697 1289 851 1363 Phaedri,
879 1288 1052 1349 rhetoricam
1080 1287 1141 1346 sive
1172 1283 1247 1342 bene
1272 1284 1317 1347 di·

82 1383 160 1442 cendi
189 1397 281 1444 artem
304 1397 430 1464 spectat,
455 1407 555 1446 varum
581 1401 675 1446 exstat
704 1388 736 1448 in
764 1409 797 1446 eo
827 1387 906 1448 locus
928 1385 978 1444 illc
997 1383 1034 1444 de
1050 1384 1164 1460 justitia
1183 1383 1315 1462 gravissi·

82 1500 155 1556 mus,
192 1503 251 1560 quo
284 1484 428 1560 justorum
458 1483 689 1564 injustorumque
723 1499 788 1566 post
823 1498 943 1546 mortem
975 1481 1122 1561 judicium
1151 1479 1315 1562 descripsit.

82 1579 229 1638 Accessisse
252 1592 347 1640 autem
371 1580 411 1640 ita
437 1595 539 1660 sponte
570 1583 622 1642 sua
647 1583 685 1643 ad
713 1584 880 1656 Politiam,
914 1580 976 1655 vel,
1007 1593 1037 1637 ut
1066 1578 1182 1659 proprie
1208 1578 1316 1638 inscri-

81 1675 186 1738 bendus
213 1675 347 1756 dialogus
374 1691 454 1753 crat,
486 1677 525 1740 ad
560 1681 713 1762 dialogum
750 1677 818 1760 περὶ
846 1678 901 1742 τοῦ
928 1674 1043 1742 δικαίου
1070 1673 1317 1736 conscribendum

79 1780 198 1844 videtur.
240 1780 356 1859 Adjecit
381 1783 427 1842 his
452 1783 571 1843 taudem
602 1779 690 1840 senili
719 1796 812 1841 aetate
839 1803 933 1862 opus,
961 1781 1113 1860 politicum
1141 1780 1246 1860 plane,
1277 1780 1313 1838 de

79 1877 224 1959 lagida&
243 1879 297 1940 sed
325 1881 412 1940 nobis
437 1882 562 1962 primum
588 1878 625 1938 de
644 1879 761 1940 Politia
781 1878 941 1960 agendum,
963 1880 1046 1955 cujus
1063 1897 1137 1956 quae
1163 1876 1202 1934 sit
1220 1877 1294 1934 ratio
1304 1921 1313 1950 ,

78 1978 149 2054 quod
168 1979 199 2038 in
222 1981 323 2059 primis
348 1981 547 2060 propositum,
569 1978 601 2040 in
619 1997 723 2056 magua
746 1977 926 2038 eruditorum
946 1977 1100 2050 dissensu,
1122 1994 1224 2056 operae
1243 1993 1311 2054 pre·
1403 1969 1412 1976 ’

79 2075 144 2136 cru
162 2091 204 2138 est
226 2079 389 2158 exquirere.

442 2255 501 2314 Da
524 2254 930 2316 PolitiaPloloat‘e.
1309 2335 1313 2342 ι

1224 2361 1244 2406 0

111 2469 193 2528 Ratio
218 2465 327 2548 dialogi
353 2487 369 2526 e
398 2467 597 2548 disputatione
618 2478 716 2528 nostra
740 2455 954 2546 quodammodo
972 2463 1157 2542 intelligitur.
1200 2462 1247 2524 Ad
1266 2464 1310 2524 iu·

77 2565 266 2644 vesugaudam
289 2567 432 2643 justitiam
448 2565 640 2646 philosophus
658 2565 691 2627 in
709 2585 744 2623 eo
760 2564 898 2644 optimam
918 2561 1035 2622 effinxit
1052 2563 1209 2621 civitatem.
1252 2561 1310 2624 Sed

76 2662 173 2724 accidit
202 2665 260 2738 ita,
282 2678 314 2722 ut
340 2664 393 2726 alii
408 2664 574 2742 justitiam,
595 2663 648 2722 alii
667 2662 877 2742 rempublicam
902 2659 1010 2738 dialogi
1032 2679 1091 2718 esse
1109 2673 1309 2737 argumentum

75 2773 213 2838 putarent.
243 2763 444 2836 Muretus,
464 2762 514 2840 qui
531 2781 607 2822 uuus
623 2760 655 2819 iu
669 2759 775 2840 paucis
792 2759 900 2840 optime
916 2771 945 2816 et
964 2757 1034 2836 legit
1052 2756 1180 2816 Platonis
1198 2756 1308 2820 librum

75 2869 100 2916 et
120 2859 326 2940 interpretatus
348 2873 408 2932 cst,
434 2860 475 2923 sic
504 2858 541 2919 de
561 2877 594 2918 eo
620 2870 726 2918 mouet.
772 2855 875 2915 «Mihi
901 2855 1016 2934 utrique
1045 2867 1122 2914 recte
1140 2851 1237 2912 dicere
1259 2855 1307 2914 vi-

75 2957 182 3022 dentur.
224 2965 297 3024 Nam
325 2952 433 3032 σκοπὰς
459 2973 519 3033 est,
541 2969 569 3016 et
591 2952 659 3034 περὶ
681 2939 884 3034 δίκαιοσιίνης,
906 2965 933 3012 et
954 2949 1021 3030 περί
1043 2947 1200 3023 πολιτείας.
1241 2953 1305 3014 Nou

76 3068 103 3115 ut
128 3061 186 3121 sint
214 3063 273 3123 duo
301 3059 426 3135 σκοποί,
446 3059 498 3120 sed
525 3074 556 3118 ut
571 3059 641 3118 baec
663 3057 722 3117 duo
740 3056 818 3118 idem
838 3057 907 3116 siut.
949 3053 1021 3112 Nam
1040 3050 1119 3131 quod
1138 3063 1179 3110 est
1198 3046 1231 3110 ἓν
1251 3048 1309 3133 μιᾷ

74 3156 156 3242 ψυχῇ
183 3157 372 3243 δικαιοσύνη,
394 3167 427 3227 id
452 3168 486 3225 in
512 3165 630 3222 civitate
656 3161 724 3220 talis
746 3150 887 3218 noberta.
929 3157 1002 3218 Nam
1022 3169 1050 3216 et
1073 3157 1106 3216 iu
1126 3155 1229 3236 politia
1249 3157 1307 3241 tria

73 3271 168 3334 genera
194 3267 373 3344 respondent
398 3264 492 3325 tribus
516 3262 628 3320 animae
653 3259 804 3338 partibus,
832 3245 870 3316 ad
899 3248 1062 3334 molestator
1086 3251 1131 3338 τῷ
1153 3246 1249 3338 λόγῳ,
1269 3248 1309 3316 ad

74 3348 261 3438 mampsis,
294 3356 336 3436 eric
357 3363 520 3442 πολεμοῦν,
544 3357 589 3444 τῷ
615 3357 723 3441 θυμῷ,
749 3351 784 3417 τό
804 3352 931 3438 θητικόν
957 3356 1003 3441 τῷ
1027 3354 1245 3442 ἐπιθυμητικῷ.
1265 3393 1306 3408 -·

74 3455 142 3536 Ergo
160 3476 189 3518 et
206 3465 333 3540 quilibet
351 3481 482 3526 nostrum
502 3461 579 3524 vivit
598 3457 754 3532 πολιτικῶς
777 3451 1007 3538 &namecha
1030 3471 1058 3518 et
1079 3451 1168 3532 πόλις
1186 3456 1308 3531 δικαίαις

71 3557 230 3634 ταχθεῖσαι
256 3577 355 3642 estque
382 3564 495 3643 justitia
526 3560 658 3623 πολιτεία
688 3561 807 3640 ψυχῆς,
836 3573 865 3621 et
892 3557 1024 3622 πολιτεία
1054 3551 1223 3640 δοιαιοσιίνη
1249 3553 1308 3620 nti·

72 3652 149 3732 laag.
173 3687 209 3700 --
229 3662 294 3720 Non
320 3685 387 3745 crgo
411 3659 470 3721 duo
498 3677 567 3724 suut
591 3659 707 3736 σκοποί,
734 3659 785 3720 sed
807 3662 927 3738 unicus,
948 3660 1015 3742 aspi
1031 3658 1182 3740 πολιτικῆς
1198 3659 1309 3732 δικαιο-

73 3751 156 3841 οιίνης
173 3760 223 3822 eat
236 3760 305 3841 napi
320 3761 435 3838 δικαίοις
450 3762 630 3841 nahasthan
659 3763 688 3846 l)
730 3765 872 3844 Equidem
899 3790 959 3827 nou
976 3767 1099 3842 dubito,
1121 3768 1211 3846 quin,
1232 3767 1308 3829 lecta

72 3859 174 3943 dialogi
195 3863 392 3944 descriptione
410 3879 526 3942 nostra,
548 3868 670 3932 videant
689 3868 828 3944 lectores,
845 3870 976 3946 justitiae
995 3869 1193 3949 exquirendae
1210 3875 1309 3934 cauma

72 3960 204 4038 scriptum
230 3983 246 4019 a
270 3962 389 4022 Platone
411 3962 564 4045 ⁴dialogum
590 3987 659 4025 esse.
701 3967 788 4040 Quod
815 3987 848 4026 eo
873 3966 991 4046 plenius
1013 3968 1229 4048 intelligemus,
1250 3993 1308 4051 quo

72 4053 236 4136 diligentius
263 4072 292 4117 ct
320 4062 497 4140 prooemium
525 4063 653 4143 dialogi,
674 4078 703 4123 et
729 4065 856 4144 primos,
876 4067 926 4142 qui
948 4065 981 4124 in
1005 4086 1039 4124 eo
1057 4081 1232 4144 occurrunt,
1254 4091 1309 4128 ser·

74 4171 166 4213 mones
180 4156 400 4218 attenderimus?
420 4161 493 4220 Nam
512 4161 610 4223 ubivis
630 4162 662 4220 iu
683 4161 762 4220 bisce
781 4161 819 4222 de
830 4170 941 4239 jacto,
960 4162 1034 4243 quid
1055 4165 1105 4239 sit,
1128 4165 1309 4243 exquiritur,

107 4427 132 4492 l)
150 4431 239 4484 hirriat.
255 4437 283 4490 itt
299 4435 365 4488 Pae.
383 4438 469 4506 heom.
485 4449 609 4496 οαιαιιαιι.
629 4438 697 4510 Opp·
717 4439 761 4492 tlt.
775 4439 834 4494 51⁷.
