2950 5134
774 255 814 313 50

188 435 244 482 tate
264 421 460 482 celebraturus
487 430 537 476 est.
580 417 672 475 Tenet
691 414 768 474 huuc
789 407 922 494 locuunry'
948 409 1132 494 α’χρώματός
1158 435 1188 474 τε
1209 413 1258 474 καὶ
1278 407 1413 495 ἀσχημά-

186 538 283 592 cruror
304 517 352 579 nni
373 510 492 598 ἀναφής
513 507 598 574 οὐσία
620 505 714 584 ὅπως
735 505 823 586 οὖσα,
844 517 895 589 id,
913 516 991 595 quod
1014 537 1080 578 vere
1096 532 1137 576 est
1156 537 1211 575 nec
1226 516 1353 576 colorem
1372 531 1413 576 aut

187 623 307 680 sormam
335 619 422 678 habet
441 638 494 676 nec
522 628 600 676 tactu
626 615 804 694 percipitur,
825 614 875 673 sed
895 614 931 672 ab
961 636 1017 674 una
1037 615 1165 696 conspici
1188 629 1285 674 mente
1312 629 1413 696 potest,

186 739 259 798 quae
278 717 391 795 aurigae
412 715 503 774 instar
516 713 644 772 animum
659 711 817 791 gubernat:
831 711 898 770 illic
913 713 966 772 hoc
986 714 1066 773 adest
1082 733 1139 772 uno
1155 733 1220 772 cum
1238 733 1308 773 vera
1327 715 1414 772 scien-

185 816 235 875 tia.
258 817 340 874 Hanc
360 827 492 894 spectans
510 803 612 871 coicior
626 803 721 882 ὅπως
739 803 829 870 οὖσαν
849 831 913 870 cum
932 812 986 870 Dei
1004 811 1310 892 intelligentia,.quae
1325 826 1413 870 mente

186 933 258 993 pura
278 925 306 970 et
323 910 445 969 scicntia
474 913 615 985 vertitur,
637 926 698 971 tum
721 913 811 970 animi
830 912 967 987 cuiusque
995 909 1088 982 ecies,
1109 929 1181 986 quac
1208 909 1279 968 huic
1309 911 1352 968 rei
1370 931 1414 989 par

185 1011 223 1068 sit
242 1012 358 1082 futura,
390 1022 417 1067 et
442 1007 557 1087 placida
585 1008 886 1089 fruiturovolup'tate,
914 1021 943 1066 et
969 1006 1022 1065 hoc
1050 1007 1111 1065 veri
1140 1007 1306 1086 spectaculo
1336 1008 1414 1066 aditur·

185 1121 270 1185 atque
289 1104 484 1178 exhilaretur,
505 1106 643 1184 quamdiu
664 1106 735 1164 coeli
762 1107 906 1186 vertigine
925 1105 957 1163 in
975 1104 1116 1164 circulum
1136 1105 1268 1166 vertitur.
1310 1106 1349 1164 In
1368 1105 1414 1164 hoc

185 1219 280 1263 autem
296 1203 421 1261 circuitu
439 1203 530 1282 ipsam
550 1204 759 1284 contemplatur
779 1205 939 1282 justitiam,
958 1204 1176 1283 temperantiam
1195 1203 1306 1284 ipsam,
1333 1205 1414 1284 ipsam

185 1303 303 1361 omnino
322 1300 471 1359 scientiam
481 1346 490 1375 ,
511 1323 652 1381 nonquae
673 1317 739 1362 natu
758 1300 916 1380 aliquando
933 1315 992 1375 ost,
1013 1315 1063 1360 aut
1080 1322 1153 1380 quae
1172 1299 1230 1360 alia
1248 1315 1292 1360 est
1306 1303 1340 1360 in
1358 1301 1414 1360 aliis

185 1421 282 1458 eorum
293 1443 301 1473 ,
318 1420 392 1477 *quae
411 1419 490 1456 nunc
512 1422 571 1458 osce
591 1399 730 1476 dicimus3
753 1400 803 1459 sed
823 1401 945 1478 quaein
965 1421 997 1458 co
1016 1400 1147 1472 obtinet,
1168 1398 1247 1478 quud
1271 1421 1340 1458 vere
1363 1412 1413 1468 cst,

185 1491 205 1557 ὅ
226 1495 304 1557 ἐστιν
326 1489 360 1556 dr
383 1489 493 1570 drewes:
522 1498 597 1558 hanc
628 1499 716 1577 igitur
744 1499 894 1557 scientiam
908 1510 937 1556 et
953 1511 1063 1557 caetera
1083 1499 1190 1578 pariter
1214 1498 1332 1572 omnia,
1351 1516 1414 1574 quac

185 1621 252 1662 vere
268 1613 356 1672 sunt,
374 1597 586 1677 contemplatus
605 1598 735 1669 animus,
760 1597 850 1674 iisque
881 1597 1008 1655 nutritus
1031 1617 1062 1654 ac
1088 1609 1204 1677 pastus,
1225 1596 1372 1676 recipiens
1391 1613 1413 1651 se

186 1717 282 1760 rursus
301 1697 378 1754 intra
396 1695 526 1768 coelum,
547 1694 663 1753 domum
674 1693 763 1753 redit.
805 1695 955 1772 Postquam
976 1708 1071 1752 autem
1091 1693 1196 1768 rediit,
1217 1714 1307 1772 equos
1325 1692 1414 1770 auriga

185 1797 222 1856 ad
238 1813 375 1876 praesepe
399 1794 524 1866 sistens,
550 1791 719 1866 ambrosiam
746 1791 783 1850 iis
808 1791 924 1871 projicit
945 1805 974 1850 et
997 1806 1095 1850 nectar
1122 1793 1241 1872 insuper
1259 1790 1414 1872 potandum

187 1893 314 1974 praebet.
356 1891 394 1949 Et
412 1891 484 1949 haec
502 1889 618 1969 quidem
636 1902 680 1948 est
697 1889 822 1950 Deorum
842 1889 910 1948 vita.
945 1888 973 1968 l)

226 1993 284 2049 Iter
295 2002 396 2048 autem
415 1988 493 2047 illud
512 1987 632 2046 coeleste
651 1986 689 2045 ad
710 1987 805 2066 ipsum
827 1986 1083 2068 contemplandum
1102 2007 1221 2063 verum,
1235 2007 1311 2046 -cum
1338 1984 1414 2044 certis

186 2089 347 2148 instituitur
365 2085 636 2167 temporibus,tum
653 2084 732 2142 hunc
753 2085 786 2142 in
805 2084 930 2145 modum.
962 2086 1085 2166 Magnus
1104 2086 1136 2144 in
1156 2085 1236 2144 coelo
1251 2084 1316 2144 dux
1336 2082 1414 2162 Jupi-

187 2201 250 2258 ter,
266 2185 374 2244 alatum
388 2184 481 2244 citans
495 2202 627 2255 currum,
636 2183 762 2262 primum
777 2183 901 2257 incedit,
922 2183 1062 2244 ordinans
1075 2185 1170 2244 omnia
1187 2198 1218 2242 et
1231 2183 1414 2265 providenter

186 2283 351 2362 disponens.
394 2283 480 2342 Hunc
510 2281 639 2358 sequitur
658 2280 799 2338 exercitus
827 2282 950 2340 Deorum
970 2294 998 2339 et
1016 2282 1211 2355 Daemunum,
1232 2283 1265 2341 in
1286 2279 1413 2340 undecim

185 2365 278 2460 partes
302 2377 482 2438 distributus.
520 2378 620 2436 Manet
640 2378 717 2439 enim
737 2377 824 2436 Vesta
841 2379 873 2436 in
897 2381 1019 2438 Deorum
1038 2367 1190 2439 domicilio¹
1208 2379 1277 2439 sola.
1311 2375 1411 2438 Caetori

186 2497 273 2550 vcro,
294 2477 344 2554 qni
364 2477 397 2535 in
421 2475 574 2536 duodecim
601 2477 725 2535 Deorum
748 2496 867 2534 numero
886 2491 1058 2551 censentur,
1079 2493 1161 2536 suum
1175 2478 1302 2556 quisque
1321 2495 1412 2556 agmen

186 2576 308 2635 ducunt.
350 2574 460 2633 Multae
485 2588 553 2632 sunt
573 2574 649 2632 intra
669 2572 780 2631 coelum
798 2574 1015 2647 cursitationes,
1036 2574 1126 2637 multa
1145 2575 1285 2654 beataque
1309 2585 1411 2655 spectu-

185 2673 269 2747 cula,
291 2694 350 2751 quo
368 2675 492 2733 Deorum
507 2692 600 2752 genus
614 2668 767 2730 {beatorum
784 2673 935 2747 vertitur,
954 2693 1036 2742 snum
1051 2675 1172 2752 quisque
1200 2694 1308 2732 munus
1336 2691 1411 2753 pera-

186 2791 272 2850 gens:
294 2772 422 2850 sequitur
442 2784 536 2830 autem
550 2769 801 2856 dllosequicnnque
820 2783 847 2828 et
861 2772 927 2830 vult
945 2785 973 2830 et
986 2785 1093 2852 potest:
1115 2793 1183 2830 nam
1201 2771 1278 2830 licor
1298 2793 1314 2830 a
1334 2770 1411 2829 choro

186 2869 310 2926 Deorum
328 2869 429 2949 procul
453 2881 576 2926 remotus
603 2881 654 2926 est.
697 2865 821 2940 Quando
841 2889 908 2928 vero
936 2867 974 2927 ad
1002 2871 1089 2950 dapes
1109 2883 1137 2928 et
1162 2871 1300 2929 convivia
1324 2885 1410 2949 procc-

187 2964 264 3025 dunt
274 3011 282 3040 ,
303 2965 426 3025 arduum
444 2964 644 3026 conscendunt
661 2964 758 3024 locum
776 2965 814 3024 ad
835 2987 976 3028 summum
999 2968 1072 3027 coeli
1090 2969 1245 3028 voracem:
1266 2989 1325 3046 quo
1344 2970 1408 3046 poit-

187 3085 271 3142 quam
289 3078 484 3147 pervenerunt
495 3109 503 3138 ‚
524 3077 604 3121 extra
628 3064 767 3144 progressi
787 3064 819 3123 in
838 3066 911 3124 coeli
931 3066 1014 3126 dorso
1033 3066 1209 3124 subsistunt:
1234 3064 1410 3124 subsistentes

187 3175 281 3222 autem
300 3163 372 3221 coeli
391 3161 576 3222 conversione
592 3175 819 3237 convertuntur,
840 3178 867 3222 et
880 3178 1010 3244 spectant
1023 3185 1095 3243 quoe
1113 3177 1192 3223 extra
1210 3177 1277 3222 sunt
1291 3164 1331 3226 in,
1342 3161 1408 3228 loco,

92 3342 93 3350 ἵ
188 3281 272 3338 quem
291 3259 509 3340 descripsimus,
529 3251 787 3344 ὐπερουρανίῳ.
818 3261 850 3344 2)

421 3454 465 3514 Do
485 3466 583 3516 uninri
601 3467 634 3516 in
652 3469 841 3536 praesentem
861 3459 1057 3517 conditionem
1078 3459 1174 3534 lapsu.

219 3563 224 3588 Ι

229 3647 332 3707 Nullus
353 3663 393 3709 est
413 3650 555 3712 humanus
574 3656 700 3729 animus,
730 3656 802 3735 quin
820 3654 889 3713 huic
907 3653 1014 3734 agmini
1034 3639 1157 3714 Deorum
1175 3652 1341 3715 interfuerit
1362 3644 1406 3704 ali-

187 3747 304 3825 quando
323 3761 350 3806 et
369 3769 469 3808 verum
491 3755 669 3832 spectarem
689 3754 762 3812 coeli
785 3753 890 3812 vertice
914 3754 1085 3812 tentaverit:
1106 3752 1290 3832 caeteroquin
1310 3750 1340 3807 in
1360 3745 1406 3802 hoc

187 3865 289 3924 corpus
310 3867 369 3904 non
388 3849 522 3910 venisset.
565 3849 622 3908 Sed
643 3849 833 3910 humanorum
854 3849 983 3908 conditio
1001 3852 1161 3910 animorum
1181 3851 1264 3928 longe
1284 3848 1340 3906 alia
1359 3853 1406 3905 est,

187 3964 219 4002 ac
245 3941 421 4003 divinorum.
464 3947 502 4004 Hi
533 3948 611 4006 enim
638 3962 667 4006 et
692 3949 817 4028 aurigam
843 3947 951 4007 habent
973 3949 1144 4029 prudentem
1172 3962 1200 4007 et
1223 3969 1308 4026 equos
1332 3945 1405 4003 freno

188 4039 432 4120 obtemperantes:
456 4043 516 4102 illis
545 4067 612 4104 vero
639 4044 711 4104 alter
731 4067 819 4126 equus
843 4060 884 4105 est
907 4045 1029 4120 docilis,
1049 4047 1121 4104 alter
1151 4067 1233 4124 aegre
1258 4051 1403 4104 coercetur-

187 4138 286 4216 Itaque
307 4152 338 4196 ut
359 4126 399 4197 ‘in
429 4140 523 4198 locum
550 4157 693 4201 venerunt
720 4145 860 4218 arduum,
881 4165 961 4225 aegre
980 4159 1186 4225 processerunt.
1228 4145 1298 4204 Nam
1326 4155 1404 4218 equus

221 4379 246 4446 ι)
265 4383 372 4434 raaia.
391 4381 448 4434 cir.
469 4382 497 4436 c.
515 4384 545 4438 n.
564 4386 594 4437 n.

219 4465 246 4530 2)
267 4469 327 4518 soa.
347 4466 404 4519 ros.
423 4468 453 4520 s.
469 4467 526 4520 arr.
546 4471 576 4522 s.
596 4471 624 4522 r.
