2838 5120
638 265 693 326 261

70 430 158 512 sophos
174 431 212 489 sic
231 429 309 488 illud
330 430 361 487 in
381 427 560 508 disputando
582 424 696 490 efficere
715 428 876 504 studuisse,
897 443 930 490 ut
953 434 1070 493 nomina
1091 435 1157 495 aliis
1185 436 1280 496 nomi·

69 530 144 588 nibus
170 528 321 606 verbisque
351 526 542 606 explicarent.
592 527 677 601 Quod
706 526 824 606 quidem
858 551 910 588 nec
940 551 1056 610 prorsus
1086 533 1280 614 spernendum

69 627 189 700 videtur,
209 640 237 685 et
258 638 425 705 usurpatum
451 625 603 704 aliquoties
627 624 746 705 abipso
771 625 889 687 Platone
909 642 959 686 est.
1009 629 1112 689 Exstat
1131 631 1218 710 hujus
1239 633 1280 706 rei

68 727 94 783 iu
119 728 176 802 ejus
203 723 332 783 Phaedro
359 723 541 804 exemplum,
564 722 615 780 ubi
646 715 737 802 ἔρως,
759 727 796 790 de
821 747 878 808 quo
904 739 964 785 erat
989 729 1167 804 accuratius,
1196 751 1281 810 quarn

66 825 154 904 Lysias
181 824 306 896 fecerat,
333 822 494 900 agendum,
521 821 607 902 longa
627 827 757 885 oratione
776 824 925 884 delinitur.
965 817 1008 883 ‘H
1024 819 1081 908 γάρ
1103 821 1171 887 ἄνευ
1192 821 1295 907 λόγον

66 915 145 1002 δόξης
166 919 214 980 ἐπὶ
234 915 269 981 ad
286 914 388 1001 ὁρθόν
404 913 548 1001 ὁρμώσης
564 916 737 1004 κρατήσασα
753 919 915 1000 ἐπιθνμία,
933 919 1011 1008 ripale
1024 921 1135 1012 ήδσνῆν
1150 924 1171 989 α’
1169 933 1284 1010 χθεῖσα

64 1018 174 1098 κάλλους
180 1071 191 1098 ,
219 1022 267 1083 καὶ
298 1017 357 1083 aiud
389 1016 429 1083 al
458 1021 520 1084 τῶν
552 1019 660 1106 ἑαυτῆς
690 1025 835 1107 συγγενῶν
862 1021 1032 1106 ἐπιθυμιῶν
1058 1029 1107 1091 ἐπὶ
1136 1025 1284 1110 σωμάτων

64 1121 171 1200 uilior,
198 1120 373 1208 ε’ῤῥωμένως
398 1122 566 1208 ῥωσθεῖσα,
595 1121 736 1209 νικήσασα
762 1122 878 1211 α’γωγῆ,
906 1123 957 1189 u'n’
981 1126 1074 1214 αὐτῆς
1099 1132 1154 1215 τῆς
1180 1128 1284 1216 ῥώμης

65 1227 223 1308 ἐπωνυμίαν
259 1229 410 1308 λαβοῦσα,
447 1223 523 1310 ἔρως
565 1223 689 1312 ἐκλήθη.
714 1230 745 1311 l)
793 1232 858 1290 Non
888 1245 929 1291 est
958 1231 1010 1310 id,
1040 1221 1178 1314 inquam,
1208 1257 1285 1318 sper·

65 1331 202 1408 neudum,
234 1333 424 1391 necessarium
448 1331 520 1391 adeo
544 1333 690 1411 negotium
719 1344 770 1390 est.
821 1330 893 1390 Nam
923 1353 959 1389 ne
987 1346 1092 1392 temere
1120 1335 1153 1393 in
1181 1335 1285 1416 dispu-

64 1431 144 1491 tando
171 1443 291 1510 vagetur
319 1429 428 1505 oratio,
457 1428 490 1489 id
518 1431 643 1511 primum
675 1428 818 1511 agendum
845 1424 1063 1508 disputantibus
1094 1446 1154 1507 est,
1185 1447 1217 1491 ut
1248 1434 1285 1493 de

65 1531 204 1589 nominum
237 1531 449 1606 verborumque
484 1530 626 1587 sententia
661 1543 689 1588 et
720 1525 933 1608 significatione
966 1527 1044 1587 inter
1073 1531 1149 1610 ipsos
1177 1552 1286 1591 couve-

65 1630 135 1688 uiat:
155 1630 356 1708 caeteroquin,
378 1626 479 1686 iisdem
499 1627 542 1684 usi
563 1627 730 1687 nominibus
741 1673 749 1701 ,
771 1625 807 1686 de
826 1623 949 1684 diversis
967 1626 1053 1685 rebus
1070 1643 1154 1708 agant
1174 1650 1286 1689 necesse
1346 1659 1352 1672 ·

65 1741 115 1801 est,
136 1749 187 1786 nec
212 1749 272 1786 esse
292 1727 396 1808 poterit
415 1724 577 1806 probabilis
591 1725 696 1804 aliquis
707 1727 796 1785 totius
813 1723 1018 1803 disputationis
1036 1727 1140 1786 exitus.
1162 1728 1286 1802 Verum,

65 1828 184 1902 quamvis
204 1825 236 1886 id
256 1827 287 1883 in
308 1822 498 1904 disceptando
514 1823 599 1899 utile,
629 1825 687 1884 imo
705 1823 894 1883 necessarium
912 1821 968 1897 sit,
991 1825 1155 1885 cavendum
1174 1840 1286 1900 tamen,

66 1945 95 1981 ne
116 1924 160 1983 his
182 1921 407 1983 delinitionibus
431 1921 604 1982 arbitremur
630 1923 721 2004 ipsam
748 1943 843 1981 rerum
872 1931 1019 1979 naturam
1043 1923 1184 2004 explicari
1205 1927 1283 1983 satis.

65 2020 93 2078 ld
111 2043 174 2082 curn
194 2022 407 2082 arbitrarentur
434 2033 491 2079 tarn
512 2021 668 2098 antiquae,
689 2041 774 2101 quam
804 2018 982 2078 recentioris·
999 2021 1099 2080 aetatis
1117 2020 1283 2103 philosophi

65 2119 157 2194 nolti,
186 2121 297 2200 scripta
325 2118 450 2178 subinde
478 2118 638 2179 ediderunt
673 2119 826 2179 verborum
860 2118 984 2193 referta,
1014 2117 1101 2178 rebus
1128 2119 1282 2196 destituta3

66 2231 124 2291 aut,
144 2221 167 2277 si
192 2217 241 2280 vel
261 2219 384 2274 maxime
407 2215 570 2297 synthetieh
595 2218 707 2276 ratione
732 2216 923 2291 definientes,
943 2235 987 2274 res
1015 2217 1090 2298 ipsas
1118 2218 1287 2278 nominibus

65 2315 200 2396 explicare
228 2329 421 2391 conarentur,
451 2329 509 2374 tam
529 2317 647 2394 jejunae
669 2316 739 2376 inde
783 2327 866 2374 natae
894 2313 1108 2375 dissertationes
1136 2330 1222 2392 sunt,
1255 2329 1286 2375 ut

65 2413 204 2474 obscurare
222 2415 314 2494 magis
335 2414 492 2493 legentium
508 2415 643 2494 ingenia,
663 2435 750 2494 quam
769 2413 915 2495 explicare
941 2426 970 2473 et
986 2413 1133 2474 illustrare
1151 2414 1286 2477 rideren-

66 2523 113 2571 tur.
152 2515 216 2572 Non
237 2513 277 2572 ita
295 2511 395 2588 Plato,
417 2525 449 2571 ut
468 2532 504 2569 ex
523 2511 577 2571 hae
597 2513 659 2594 ipsa
678 2513 714 2572 de
734 2512 860 2594 sophista
879 2510 1081 2590 disquisitione
1100 2513 1285 2594 intelligitur.

68 2610 234 2671 Definiturus
262 2609 341 2691 apud
368 2631 434 2669 eum
454 2611 586 2686 Eleates,
615 2613 680 2690 quis
706 2612 743 2670 sit
770 2610 916 2691 sophista,
938 2630 997 2669 non
1018 2609 1104 2690 longa
1123 2633 1191 2672 usus
1219 2633 1286 2671 ver·

70 2705 155 2767 borum
178 2711 253 2770 serie
274 2709 363 2769 rerba
384 2707 480 2768 verbis
500 2708 649 2768 declarare
669 2710 787 2782 nititur,
807 2707 858 2767 sed
879 2707 917 2766 ad
948 2723 1016 2767 rot
1045 2711 1190 2771 convertit
1214 2731 1288 2770 con-

73 2805 139 2865 tinuo
156 2822 284 2867 mentem
308 2821 453 2881 nostram,
473 2808 506 2865 in
524 2807 634 2867 medias
655 2829 707 2867 nos
726 2821 801 2868 artes
822 2805 967 2881 traducit,
987 2805 1039 2865 has
1066 2808 1215 2869 universas
1238 2831 1285 2868 no·

71 2901 163 2964 hiscum
181 2907 326 2967 discernit
346 2906 380 2963 in
402 2918 517 2986 partes,
538 2904 733 2987 discretasque
756 2901 1037 2985 identidempartes
1060 2905 1171 2964 tamdiu
1189 2907 1287 2967 denuo

68 3001 210 3080 discernit,
240 3003 333 3063 donec
357 3003 498 3084 sophistae
522 3025 586 3080 ars,
605 3027 679 3084 quae
699 3019 727 3064 et
745 3002 840 3082 qualis
859 3004 915 3077 sit,
940 3015 1084 3083 appareat.
1126 3004 1177 3064 Est
1196 3005 1286 3081 haec,

68 3099 163 3178 lateor,
182 3124 243 3162 non
262 3103 379 3176 brevis,
401 3124 460 3162 non
480 3102 696 3182 compendiaria
716 3104 783 3176 via,
807 3115 837 3160 ut
851 3100 889 3159 ad
906 3121 1000 3160 rerum
1019 3101 1205 3162 definitiones
1224 3125 1287 3184 pcr-

67 3204 226 3276 veniamus,
252 3201 302 3261 sed
327 3223 384 3260 una
410 3200 514 3260 efficax
534 3203 659 3262 maxime
679 3215 721 3260 est
745 3199 783 3258 ad
803 3221 847 3273 res
865 3199 941 3280 ipsas
958 3220 1017 3258 una
1036 3221 1102 3260 cum
1121 3202 1288 3262 nominibus

66 3313 150 3360 mente
168 3299 385 3382 percipiendas,
407 3279 444 3358 aid
465 3309 561 3358 reruni
581 3298 791 3380 concipiendas
808 3297 900 3357 claras
918 3297 1124 3377 distinctasque
1142 3302 1287 3360 notiones:

65 3395 145 3457 efficit
159 3399 253 3472 adeo,
281 3412 312 3456 ut
335 3400 392 3479 ipsi
411 3399 613 3472 inveniamus,
641 3419 748 3479 perque
775 3395 928 3476 synthesin
949 3411 1152 3478 componamus
1179 3397 1289 3456 defini-

64 3493 157 3556 tiones.
178 3498 251 3556 Nam
268 3496 414 3576 analytica
434 3497 504 3555 haee
525 3495 687 3555 deliniendi
704 3494 796 3570 ratio,
829 3494 907 3571 quod
923 3515 959 3553 ex
976 3496 1038 3575 ipso
1058 3497 1176 3557 Platone
1204 3496 1289 3556 nobis

66 3591 127 3652 dein
145 3595 199 3654 erit
218 3593 497 3668 demonstrandum,
523 3595 712 3672 apothetieao
730 3593 843 3674 peperit
865 3591 1061 3680 definitiones.

100 3690 144 3751 Sic
178 3694 268 3772 igitur
305 3693 435 3752 eontinet
465 3692 543 3773 apud
570 3692 716 3752 Platonem
747 3691 816 3750 haec
841 3690 981 3750 cernendi
1009 3692 1210 3772 jungendique
1245 3714 1291 3752 ars

66 3786 240 3870 illustratque
270 3791 356 3849 simul
388 3791 498 3871 egregie
524 3791 696 3851 Socraticam
725 3812 791 3850 cum
821 3783 998 3870 ἒπαγωγήν,
1030 3804 1090 3849 tum
1120 3790 1285 3852 deliniendi

66 3899 154 3948 artem.
176 3891 217 3949 Ut
237 3903 330 3948 autem
351 3888 501 3970 descripsit
520 3889 728 3971 philosophus,
746 3891 786 3950 ita
806 3892 956 3970 usurpavit
973 3903 1121 3969 utramque
1142 3891 1173 3948 in
1194 3891 1290 3970 serip-

67 3983 100 4042 tis
116 3987 181 4047 suis.
223 3990 313 4066 Cujus
336 3989 379 4047 rei
404 3987 536 4068 exempla
560 4009 624 4047 eum
648 4008 685 4045 ex
710 3988 776 4048 aliis
801 3991 863 4067 ejus
887 3988 1029 4068 dialogis,
1055 4002 1116 4047 tum
1135 4010 1150 4046 e
1170 3982 1300 4047 Potrtso'

68 4082 158 4144 allerre
177 4086 271 4146 multa
290 4086 374 4146 licet:
394 4085 448 4146 sed
469 4107 560 4146 unum
578 4085 737 4146 adduxisse
761 4085 884 4146 sufficiet
912 4108 927 4146 e
953 4087 1094 4151 Dictimae
1120 4087 1198 4168 apud
1225 4109 1290 4146 enm

67 4175 99 4237 de
114 4182 213 4260 pulcro
229 4184 421 4245 sermonibus.
471 4184 659 4245 Tradidimus
677 4205 724 4244 eos
744 4185 776 4244 in
797 4187 1011 4268 superioribus,
1032 4185 1083 4245 sed
1109 4186 1157 4243 hle
1186 4207 1288 4266 operae

69 4280 182 4355 pretium
202 4297 263 4358 est,
281 4283 466 4344 dialecticum
483 4284 516 4344 in
536 4284 572 4344 iis
593 4285 647 4344 iter
667 4281 834 4359 attendere,
854 4305 912 4370 quo
934 4285 972 4343 ad
997 4303 1043 4344 res
1066 4285 1195 4342 omnium
1222 4305 1288 4364 gra-

74 4415 318 4432 Q—ss-——a—

100 4472 123 4538 1)
139 4477 245 4530 Placete.
264 4476 322 4530 238.
347 4478 377 4528 Β.
400 4477 427 4528 G.
