2898 5120
680 213 736 274 511

98 391 279 460 conjunctae.
321 381 470 463 Expressit
498 381 552 442 hoc
582 380 664 442 Plato
692 379 780 462 plane
804 380 837 440 in
856 378 1018 440 Promethei
1037 379 1139 441 fabula
1155 385 1327 448 enarranda.

97 481 215 542 Dederat
243 480 421 540 hominibus
438 480 641 556 Prometheus,
672 501 730 539 una
758 499 824 538 eum
854 479 940 559 igne,
961 471 1018 560 τήν
1040 473 1175 560 ἔντεχνον
1204 481 1327 566 σοφίαν,
1418 475 1420 479 ’

97 603 147 663 qua
174 583 309 642 instructi
335 581 552 663 prospiciebant
581 581 656 656 sibi,
679 595 711 658 ut
740 594 769 640 et
788 579 869 639 cibos
889 593 918 640 et
936 595 1029 641 vestes
1047 595 1076 641 et
1095 603 1173 642 arma
1192 599 1220 645 et
1237 587 1328 666 quid-

96 680 161 762 quid
186 681 224 741 ad
255 682 331 740 vitae
363 701 445 738 usum
475 680 687 760 utilitatemque
713 679 890 760 pertineret,
913 678 971 738 sibi
991 695 1206 761 compararent,
1228 683 1328 745 deerat

96 801 157 840 uero
184 778 354 839 mortalibus
383 772 533 859 πολιτικὴε
561 800 618 857 quo
650 778 757 853 fiebat,
790 791 822 836 ut
849 776 896 836 his
929 777 1001 858 ipsis
1027 778 1129 853 armis,
1160 779 1267 858 quibus
1296 805 1326 842 se

95 879 282 941 defendere-a
301 881 370 940 feris
388 879 488 940 bestiis
510 879 691 953 debuerant,
713 900 742 937 se
768 877 897 938 invicem
916 877 1128 962 interimerent.
1170 880 1251 955 Quid
1268 883 1326 963 igi-

93 981 158 1039 tur?
199 979 327 1060 Nempe,
358 999 395 1036 ne
424 979 530 1059 periret
549 977 699 1038 bominum
720 998 827 1058 genus,
848 976 924 1034 cavit
942 976 1078 1057 Jupiter,
1098 998 1131 1037 ac
1146 979 1324 1041 Mercurium

94 1076 127 1136 ad
145 1077 261 1136 miseros
288 1076 422 1136 mortales
448 1077 541 1152 misit,
562 1077 612 1156 qui
638 1075 754 1136 inderet
781 1076 817 1135 iis
835 1072 913 1134 αἰδῶ
933 1073 983 1134 καὶ
1004 1071 1110 1155 δίκην,
1130 1081 1275 1154 pudorem
1295 1094 1324 1140 et

87 1181 225 1250 justitiae
249 1196 378 1246 sensum.
421 1176 496 1234 Tum
521 1195 589 1235 vero
607 1187 691 1233 enata
711 1175 743 1233 in
762 1174 809 1234 his
827 1177 911 1235 terris
932 1175 1052 1256 politica
1072 1190 1133 1251 est,
1155 1193 1325 1258 coeperunt·

93 1292 142 1351 que
162 1272 294 1332 homines
322 1272 356 1331 in
376 1271 545 1332 civitatibus
574 1271 664 1332 vitam
684 1291 767 1351 agere
785 1271 921 1347 civilem,
941 1273 962 1334 i.
983 1295 1008 1333 e.
1024 1274 1109 1352 justis
1125 1273 1238 1356 legibus
1255 1290 1327 1338 tem·

91 1384 224 1450 peratum,
247 1385 280 1430 ut
297 1371 329 1430 in
350 1369 463 1451 legibus
480 1370 622 1430 haberent
641 1371 804 1430 verissimae
822 1372 924 1432 salutis
942 1372 1149 1451 felicitatisque
1169 1373 1325 1453 praesidia.

92 1468 161 1527 Haec
186 1481 254 1528 sunt
284 1489 437 1548 germana,
469 1469 501 1536 ni
529 1468 674 1544 fallimur,
690 1471 769 1548 juris
793 1469 908 1550 publici
936 1471 1105 1552 principia,
1126 1469 1233 1550 quibus
1260 1493 1324 1552 per·

92 1567 172 1646 ceptis
198 1579 295 1642 reete,
336 1581 364 1626 et
398 1567 566 1626 Ciceronem
596 1566 812 1646 intelligemus,
843 1567 895 1627 ubi
932 1569 995 1628 sine
1018 1568 1134 1647 justitia
1164 1589 1223 1628 esse
1254 1571 1324 1629 civi-

91 1676 169 1723 tatem
195 1686 256 1724 non
283 1647 379 1744 posse
394 1661 537 1738 affirmat,
567 1684 622 1723 nec
652 1677 758 1724 statum
784 1667 904 1725 naturae
932 1679 983 1726 aut
1011 1666 1129 1726 rudium
1148 1667 1324 1748 populorum

91 1775 278 1837 contractum,
299 1760 415 1840 qualem
441 1761 615 1820 recentiores
640 1759 809 1844 philosophi
836 1763 1008 1844 lingendum
1034 1767 1194 1826 necessario
1218 1766 1324 1827 existi-

90 1874 230 1919 maverunt
240 1907 249 1936 ,
269 1858 462 1920 desideraturi
480 1879 651 1940 magnopere
670 1881 780 1922 sumus.

339 2052 398 2112 De
420 2075 543 2132 opera
563 2053 772 2113 Platonis
792 2056 835 2113 de
856 2053 1054 2138 lgegibust

122 2250 227 2323 Quodsi
251 2250 360 2312 rectius
389 2249 475 2311 etiam
505 2262 533 2309 et
561 2249 726 2330 intelligere
752 2264 782 2311 et
810 2249 973 2328 dijudicare
995 2249 1159 2334 vpoliticam
1186 2250 1317 2313 Platonis

87 2347 220 2424 uelimus,
237 2347 398 2428 legendum
416 2347 500 2412 uobis
519 2349 674 2430 praecipue
704 2369 776 2429 opus
800 2362 860 2424 est,
885 2348 965 2428 quod
977 2351 1018 2412 ,de
1041 2345 1174 2429 Legibus
1192 2349 1315 2432 inscrip-

85 2455 139 2504 tum
165 2461 215 2508 est.
257 2447 331 2506 Nam
360 2447 449 2509 utin
476 2446 596 2508 Politia
623 2447 661 2508 ad
681 2447 887 2528 explicandam
904 2446 1169 2526 illustrandamque
1189 2447 1314 2528 ethicam

87 2543 222 2621 politicam
244 2544 408 2620 adhibuit,
429 2546 470 2607 ita
495 2546 529 2609 iu
551 2545 640 2608 hocce
664 2545 780 2625 dialogo
802 2547 894 2626 ipsam
914 2545 982 2606 data
1003 2545 1089 2626 opera
1105 2545 1218 2606 tradere
1237 2547 1311 2628 poli·

86 2639 162 2702 dcam
187 2644 310 2706 studuit.
349 2644 451 2724 Itaque
482 2643 608 2706 Cliniam
632 2643 682 2702 hle
708 2645 874 2706 Cretensem
892 2642 1016 2706 induxit
1035 2663 1100 2704 cum
1117 2643 1241 2724 Megillo
1259 2643 1316 2704 Lae
1392 2651 1399 2665 '

82 2736 260 2804 emimonto
288 2754 317 2800 et
345 2741 458 2822 hospite
486 2739 660 2803 Atheniensi
688 2739 725 2800 de
748 2740 863 2802 colonia
883 2739 1039 2803 condenda
1055 2753 1203 2820 agentem,
1224 2761 1312 2820 quam

84 2833 137 2914 ipse
162 2855 232 2902 esset
262 2840 403 2902 ducturus
430 2854 460 2900 et
482 2839 601 2922 optimis
620 2838 783 2918 quibusque
802 2837 916 2920 legibus
935 2839 1077 2900 instruere
1095 2852 1204 2901 averet.
1246 2838 1312 2903 Ser·

85 2951 171 2996 mones
187 2938 220 2998 bi
241 2940 331 3019 igitur
350 2960 430 3013 uon„
452 2951 485 2998 ut
502 2938 536 3000 in
554 2938 673 2998 Politia
684 2937 853 3016 ,justitiam
871 2951 901 2996 et
921 2937 1012 3002 uitam
1034 2936 1147 2999 beatam
1164 2951 1311 3018 spectant,

85 3030 127 3090 sed
143 3033 179 3094 ad
198 3035 275 3118 leges
292 3039 460 3099 referuntur
478 3037 619 3118 proprie,
631 3035 864 3116 quibusoptime
884 3049 912 3096 et
936 3035 1130 3112 constituatur
1149 3049 1177 3094 et
1196 3049 1312 3116 regatur

83 3128 184 3194 civitas.
234 3138 416 3215 Quamquam
444 3134 526 3197 abest
556 3134 700 3210 multum,
732 3149 782 3210 ut,
810 3134 899 3198 missa
926 3134 1038 3211 ethica,
1070 3147 1160 3194 artem
1188 3154 1242 3195 nos
1268 3134 1309 3195 ita

81 3224 156 3288 Plato
178 3233 322 3314 regnandi
341 3233 487 3309 docuerit,
506 3232 587 3312 quod
609 3255 699 3295 unum
717 3247 815 3315 postea
831 3235 931 3294 conati
948 3246 1019 3294 sunt
1037 3233 1140 3310 multi,
1163 3233 1222 3294 imo
1242 3251 1310 3294 vero

81 3325 277 3405 explicandam
303 3331 356 3392 ille
383 3331 532 3412 politicam
558 3353 597 3392 ex
625 3332 721 3394 ethica
746 3345 831 3411 atque
849 3352 887 3390 ex
905 3333 1043 3394 interiore
1057 3331 1185 3392 hominis
1202 3331 1307 3393 notitia

81 3427 192 3488 censuit„
231 3429 290 3490 sod
316 3429 353 3496 de
378 3428 501 3508 dialogis
529 3429 676 3504 Platonis,
702 3443 751 3504 ut,
770 3427 850 3508 quod
868 3431 909 3490 sit
926 3429 1005 3510 apud
1025 3451 1090 3492 eum
1117 3428 1252 3510 politicae
1278 3441 1307 3487 et

80 3517 181 3586 ethicae
200 3528 374 3604 vinculum,
392 3527 592 3608 intelligatur,
611 3527 683 3588 baec
705 3529 790 3588 satis:
811 3548 891 3586 nunc
908 3549 984 3608 quae
1005 3529 1153 3589 verissime
1178 3523 1305 3586 dicenda

81 3616 114 3676 Sil
138 3627 221 3688 vita
243 3627 596 3706 beata,exquiramus
