2924 5132
649 266 726 330 ων,
764 269 766 272 ’

84 457 152 496 cere
172 419 439 512 inuisitatem,
460 443 489 496 ri
506 438 588 495 bonis
607 423 735 496 institut
752 437 993 518 lapidesciaitat
1010 435 1108 510 debst,
1121 436 1174 512 nel
1189 436 1317 510 audire,

81 543 148 595 sine
163 541 204 594 sit
220 535 411 611 illejanior',
430 541 492 594 sine
512 527 629 611 senior,
658 544 719 619 ctae
741 536 929 594 carminibus
947 535 1019 594 leaeo
1030 540 1239 613 inserantur,
1255 545 1317 597 stae

79 636 184 694 solata
207 639 342 696 oratione
368 643 576 693 enarrentur:
603 643 710 714 quippe
737 655 813 713 quoe
830 655 883 692 nec
901 642 1007 692 sanctu
1021 621 1177 694 tenutam
1191 643 1270 711 mut,
1289 643 1317 696 ei

79 733 247 808 dicuntur,
267 752 360 812 neque
378 735 472 792 utilio
490 736 573 792 nobis
583 778 591 808 ,
610 733 704 812 neqiee
721 741 806 792 inter
826 752 856 791 se
874 753 1009 792 consono.
1021 756 1035 790 o
1061 729 1090 814 1)
1191 756 1208 782 *a

123 825 217 892 Locris
241 831 290 891 hic
319 851 389 891 sane
417 831 497 914 apud
516 832 694 914 Platonem,
707 846 740 892 ut
759 831 913 892 sublimem
930 831 1021 912 ipsius
1036 829 1072 890 de
1093 829 1317 893 divinanarum

77 931 255 991 sententiam
284 927 491 1012 percipiamus,
522 951 598 992 uuus
626 931 659 990 in
687 932 789 1012 paucis
818 933 943 992 maxime
970 931 1118 991 notandus
1143 929 1228 990 nobis
1255 945 1314 992 est:

78 1028 163 1090 valet
189 1025 269 1088 adeo·
289 1026 327 1088 ad
354 1043 483 1090 unarum
511 1028 549 1090 de
574 1029 693 1088 sublimi
723 1043 890 1110 argumento
914 1029 1061 1108 judicium
1079 1049 1145 1089 cum
1162 1029 1316 1090 illustran-

66 1127 172 1202 dum,
191 1139 253 1186 tum
272 1125 514 1190 confirmandum.
555 1127 628 1187 Nam
647 1126 857 1208 distinguenda
876 1128 961 1188 nobis
977 1142 1036 1203 est,
1064 1126 1144 1207 quod
1159 1128 1317 1210 negligitur

74 1247 93 1286 a
114 1225 236 1301 multis,
250 1223 368 1307 duplex
390 1227 469 1287 vocis
487 1229 604 1286 bonitas
623 1225 807 1307 significatio.
849 1227 1029 1308 Usurpamus
1045 1247 1107 1286 eam
1125 1225 1162 1286 de
1179 1228 1233 1287 Dei
1249 1249 1316 1309 erga
1408 1293 1410 1296 ,

74 1345 136 1386 nos
155 1323 333 1401 clementia,
358 1337 391 1384 ut
419 1323 497 1406 apud
527 1325 694 1386 Ciceronem
722 1346 782 1383 nou
809 1324 896 1384 semel
923 1325 1069 1402 occurrit3
1092 1347 1121 1386 v.
1149 1345 1174 1387 c.
1201 1323 1253 1387 ubi
1277 1325 1316 1390 de

78 1424 224 1505 Dionysio
250 1437 361 1484 narrat:
375 1429 450 1500 jecor
475 1447 594 1484 mensor
613 1433 775 1506 argenteas
789 1425 825 1482 de
844 1425 977 1484 munibus
995 1424 1128 1483 deluisti
1138 1431 1240 1501 jussit
1256 1446 1316 1498 aar

68 1527 187 1601 ferri:
218 1528 252 1579 in
282 1525 390 1601 quibus
419 1524 496 1601 qaod
522 1545 603 1582 more
632 1529 744 1581 ueteris
775 1521 919 1581 Graeciae
948 1530 1135 1600 inscriptum
1153 1533 1247 1598 esset,
1268 1544 1315 1584 so·

73 1637 177 1682 nonu!
199 1633 329 1696 aaaron,
361 1628 409 1678 uti
436 1643 467 1680 ce
492 1617 595 1682 cariem
619 1623 811 1680 bonitate
840 1622 913 1682 celle
940 1622 1067 1681 dicebat.
1094 1617 1126 1702 2)
1176 1621 1225 1681 Fit
1252 1621 1314 1698 ita,

73 1735 110 1782 ut
127 1741 191 1780 nos
208 1704 281 1778 ¹lere
309 1719 345 1780 de
372 1721 426 1782 Dei
452 1719 601 1782 attributis
631 1735 761 1801 agentes,
790 1722 952 1779 bonitatem
980 1721 1035 1780 Dei
1055 1719 1092 1780 de
1111 1719 1313 1794 munificentia
1370 1725 1373 1733 '

72 1822 142 1898 ejus
167 1819 256 1898 inque
281 1817 439 1878 homiuem.
457 1817 605 1879 voluntate
634 1811 818 1900 accipiamus.
869 1818 907 1878 Et
936 1831 1012 1878 recte
1043 1840 1095 1879 uos
1124 1817 1252 1897 quidem.
1279 1815 1313 1898 3)

71 1918 278 1978 Veruntamen
303 1930 345 1976 est
373 1917 431 1978 alia
457 1919 526 1978 item
538 1942 541 1948 ·
553 1917 681 1996 ejusdcm
711 1918 790 1979 vocis
815 1917 878 1992 vis,
897 1915 949 1976 ubi
968 1915 1005 1977 de
1020 1919 1151 1978 bonitate
1170 1938 1200 1978 v.
1218 1937 1243 1978 e.
1258 1925 1311 1976 tn·

67 2024 181 2100 genii,
209 2025 306 2093 ocem,
335 2038 478 2092 caussae,
506 2017 665 2091 similium,
693 2017 811 2098 agimus.
852 2014 1005 2096 Significat
1021 2017 1063 2077 ita
1082 2016 1124 2076 rei
1145 2023 1311 2092 virtutem,

68 2123 317 2200 poententiam,
336 2118 562 2194 perfectionem.
604 2114 640 2176 Id
668 2115 709 2174 sic
736 2112 947 2198 traducendum
966 2113 1004 2174 ad
1024 2114 1157 2177 divinam
1179 2127 1312 2176 naturam
1350 2111 1352 2116 ⁴

71 2227 137 2289 est,
160 2215 375 2289 nemoralem,
396 2235 484 2292 quam
507 2235 559 2274 nos
577 2234 732 2289 vocamus,
752 2215 914 2274 bonitatem
931 2213 952 2273 i.
971 2233 996 2274 e.
1016 2213 1154 2274 virtutem
1173 2233 1312 2274 summam

70 2311 308 2395 perfectamque,
338 2312 554 2393 intelligamus,
581 2333 700 2392 eamque
727 2333 786 2373 nou
815 2312 930 2386 minus,
959 2333 1045 2392 quam
1072 2311 1255 2372 clenentiam
1282 2325 1313 2372 ct

70 2409 304 2490 benignitatem,
335 2408 373 2470 ad
401 2411 454 2471 Dei
484 2411 642 2487 attributa,
673 2411 731 2470 imo
759 2430 828 2473 vero
856 2409 895 2472 ad
923 2407 1043 2470 divinae
1071 2424 1191 2470 naturae
1208 2403 1312 2474 ὸῦσίαν

42 2579 45 2596 1
71 2515 242 2575 referamus.
292 2513 342 2575 lu
356 2515 469 2576 scilicet
497 2515 683 2597 intelligebat
710 2515 831 2577 divinus
856 2515 976 2576 divinae
1004 2527 1123 2574 naturae
1153 2515 1310 2595 interpres,

71 2635 165 2695 quum
188 2615 314 2692 juveni,
334 2613 386 2694 qui
404 2615 498 2696 ipsum
517 2615 629 2696 vulgari
646 2615 759 2675 ratione
774 2617 881 2674 benum
896 2608 1079 2695 magistrum
1097 2612 1311 2694 appellaverat,

72 2710 154 2773 illud
174 2711 351 2792 reponebat:
384 2710 427 2772 Τι’
447 2734 485 2790 με
505 2707 597 2793 λέγεις
619 2706 753 2793 α’γαθόνς
772 2706 869 2786 οὐδεὶς
888 2705 1021 2792 ἀγαθός,
1039 2709 1065 2772 εἰ
1078 2704 1124 2792 μή
1140 2700 1231 2785 εἶς,ο“
1252 2707 1312 2770 (de-

74 2811 163 2900 694)
202 2816 260 2878 Sed
291 2837 343 2877 nos
364 2798 405 2875 de
420 2815 512 2876 altero
531 2815 599 2875 item
618 2815 748 2876 Platonis
774 2813 843 2898 περὶ
864 2811 1023 2896 θεολογίας
1042 2806 1127 2899 τύπῳ
1149 2811 1310 2876 videamus.

91 2987 96 2996 Ι
120 2942 135 2974 u
143 2919 249 2982 Bonam
272 2922 361 3003 igitur
388 2922 466 2981 Deus
491 2933 551 2996 est,
582 2921 622 2980 ait
639 2919 790 2993 Socrates,
812 2921 895 2999 eique
915 2918 1059 2979 contraria
1080 2930 1149 2977 sunt
1165 2938 1309 2996 quaecun-

79 3039 133 3098 que
153 3041 202 3084 nos
221 3022 304 3081 mala
323 3040 424 3082 vocare
444 3011 584 3078 solemus:
606 3018 713 3080 horum
730 3017 862 3077 homines
882 3030 1011 3077 auctores
1027 3015 1213 3076 existimandi
1224 3029 1292 3075 sunt
1299 3063 1310 3094 ,

74 3121 152 3180 Deus
178 3139 239 3178 uon
265 3132 365 3178 auctor
391 3130 442 3179 est.
483 3117 564 3193 Quid
594 3137 663 3182 vcro
691 3117 836 3178 secundus
854 3117 902 3176 hic
921 3109 1027 3192 saluom
1068 3116 1145 3176 Num
1164 3113 1312 3175 existimas
1374 3117 1378 3128 “

71 3225 317 3305 praestigiatorem
346 3245 405 3283 esse
435 3225 544 3300 Deum,
577 3237 621 3299 et,
644 3223 736 3286 veluti
762 3244 799 3283 ex
818 3221 954 3296 insidiis,
975 3219 1048 3279 alias
1067 3219 1125 3278 alia
1142 3218 1195 3278 sub
1214 3220 1311 3301 specie

70 3325 236 3404 apparere?
266 3344 304 3382 an
331 3344 400 3383 vero
430 3322 592 3403 simplicem
621 3344 680 3392 csse
710 3324 808 3405 potius
837 3322 1013 3399 minimeque
1033 3317 1161 3379 omnium
1184 3319 1310 3399 speciem

70 3424 281 3483 mutantemlu
304 3419 335 3502 5)
375 3420 543 3502 Ingreditur
568 3423 611 3484 ita
637 3421 766 3482 Socrates
787 3420 832 3507 'dc
859 3418 1108 3480 immutabilitate
1134 3418 1188 3477 Dei
1209 3438 1241 3476 ac
1259 3440 1311 3476 oe-

67 3528 206 3580 rocitate
244 3519 360 3580 dicere:
402 3533 551 3598 utramque
589 3533 683 3578 autem
718 3540 733 3578 e
768 3517 889 3580 divinae
919 3531 1039 3576 naturae
1067 3515 1167 3576 indole
1194 3517 1309 3597 repetit.

72 3615 273 3698 «Quidquid,
294 3620 354 3695 ait,
375 3617 500 3700 speciem
517 3631 608 3677 mutat
627 3605 726 3694 suam,
760 3615 807 3678 vel
826 3637 878 3697 per
896 3628 984 3675 semet
1003 3616 1099 3696 ipsum
1116 3613 1308 3689 intrinsecus,

67 3718 119 3779 vel
150 3717 328 3800 extrinsecus
353 3715 390 3776 ab
417 3715 475 3777 alio
500 3729 639 3779 mutatur.
681 3714 767 3792 Quod
793 3735 861 3778 vero
889 3714 996 3796 optimc
1014 3711 1168 3785 sehabet,
1189 3711 1308 3772 minime

104 4031 132 4099 1)
152 4035 189 4086 De
204 4037 267 4105 llep.
282 4037 311 4089 ll.
329 4033 381 4088 3⁷9
393 4035 422 4090 G.
437 4064 473 4074 -
487 4035 538 4088 380
556 4033 585 4089 G.

103 4118 133 4185 2)
154 4119 531 4175 cie.deNm.Deor.111.st.

103 4205 135 4273 3)
152 4207 240 4278 Nuper
259 4207 292 4260 de
311 4207 443 4273 hocloco,
460 4208 487 4260 in
505 4208 574 4261 omni
588 4202 724 4279 theologia
737 4205 907 4278 merissima,
926 4204 1035 4275 elegans
1056 4202 1125 4272 apud
1144 4218 1192 4266 uos
1210 4201 1308 4273 prodiit

69 4296 219 4366 disquisitio
233 4295 258 4345 J.
274 4295 307 4346 Η.
325 4294 491 4346 Seboltcm‘
509 4296 539 4346 dc
554 4295 603 4346 Dei
620 4310 681 4362 erqo
700 4293 819 4346 minent
839 4287 931 4344 amora
950 4287 1217 4354 restituisses.

104 4379 133 4447 r)
150 4381 249 4448 Εαανιρ.
269 4381 354 4434 burae
367 4380 453 4433 xvrss.
471 4379 512 4433 19.
608 4411 614 4422 ι
637 4397 640 4402 ·
961 4397 963 4402 ·

105 4468 134 4532 5)
152 4469 189 4520 De
203 4469 265 4538 trop.
280 4468 308 4520 ΙΙ.
324 4466 376 4520 380
389 4467 420 4519 Ι).
