2886 5118
675 293 734 356 393

78 453 139 516 nis.
181 452 411 542 Deprehendisse
433 454 517 516 nobis
538 458 642 533 modo,
663 457 742 536 quod
765 469 874 518 certum
896 469 923 514 et
946 454 1126 516 immutabile
1149 466 1242 528 esset,
1265 454 1320 512 visi

77 573 196 630 sumus,
220 573 299 612 nunc
321 566 422 614 contra
444 553 521 614 nihil
542 575 601 614 esse
622 569 752 631 certum,
774 556 869 616 omnia
892 555 996 614 mutari
1019 567 1104 631 atquo
1126 553 1157 610 in
1179 563 1318 632 perpetua

76 671 140 709 esse
162 649 349 710 fluctuatione
371 650 510 712 dicamus.
553 651 611 713 Sed
633 655 783 715 veritatem
804 653 968 732 quaerimus
990 651 1076 711 unice
1088 695 1096 724 ,
1117 669 1189 728 quae
1209 649 1321 708 etiamsi

75 747 164 808 nulla
185 750 242 824 sit,
263 748 313 809 sed
335 769 394 809 esse
425 749 570 812 duntaxat
600 753 759 827 videatur,
788 750 821 811 id
852 751 947 832 ipsum
968 747 1199 810 existimabimus
1218 765 1319 808 verum

75 865 148 907 esse.
190 849 249 929 Age
271 849 380 928 igitur,
410 848 487 910 banc
516 870 705 930 quaecunque
735 850 855 910 tandem
876 849 932 922 sit,
955 849 1109 909 veritatem
1132 866 1147 905 e
1168 843 1317 904 recondita

73 944 197 1003 istorum
227 946 377 1006 hominum
408 947 551 1028 sapientia
583 961 732 1030 expromat
763 947 849 1008 nobis
879 946 1018 1006 Socrates.
1061 945 1108 1005 Sic
1140 946 1193 1006 ilie
1214 962 1317 1025 porro:

77 1064 91 1095 a
103 1056 178 1103 tune
200 1064 268 1105 vero
288 1042 448 1123 intelligis,
469 1045 584 1126 inquit,
605 1046 780 1122 Theaeteto,
800 1066 889 1126 quare
909 1044 980 1103 haec
1001 1043 1162 1104 secundum
1180 1045 1317 1121 Protago-

70 1161 143 1216 rae,
165 1141 251 1220 qu'am
271 1142 516 1218 memoravimus,
538 1147 729 1217 sententiam,
752 1143 823 1203 talia
850 1143 934 1202 sinti
957 1179 988 1192 -
1010 1141 1146 1202 Nondum
1171 1143 1314 1222 equidem.

72 1238 207 1300 Gratiam
228 1241 317 1320 igitur
336 1240 408 1301 mihi
433 1240 573 1318 babebis,
605 1243 628 1302 si
650 1243 705 1304 tibi
727 1243 803 1318 viri,
825 1243 882 1302 imo
913 1240 1042 1302 virorum
1063 1240 1315 1302 celeberrimorum

71 1337 205 1397 abditam
226 1339 386 1400 sententiae
407 1339 557 1401 veritatem
582 1339 612 1421 l)
633 1341 856 1424 investigavero.
881 1367 912 1378 -
934 1336 1048 1412 Quidni
1069 1337 1316 1420 habeametmag-

71 1455 140 1494 nam
162 1434 309 1516 quidem?
330 1435 463 1497 -Vide
485 1438 574 1517 igitur
595 1453 622 1499 et
644 1441 853 1522 circumspice,
874 1459 911 1498 ne
931 1433 997 1516 quis
1006 1455 1038 1494 ea
1053 1435 1194 1517 profanus
1205 1435 1315 1497 audiat.

69 1531 148 1592 Sunt
169 1547 265 1593 autem
286 1533 352 1610 illi,
374 1537 425 1614 qui
447 1535 525 1596 nihil
545 1536 629 1600 aliud
650 1559 709 1598 esse
729 1551 854 1620 putant,
875 1537 932 1596 nisi
954 1532 1034 1614 quod
1049 1532 1183 1594 manibus
1193 1533 1316 1594 firmiter

69 1632 187 1713 possint
200 1632 463 1718 comprehendere,
494 1635 621 1695 actiones
642 1657 711 1696 vero
741 1621 996 1717 generationesque
1019 1645 1047 1693 et
1068 1631 1213 1711 quidquid
1234 1633 1315 1692 cerni

69 1751 130 1788 non
153 1743 249 1810 potest
270 1730 303 1788 in
324 1750 423 1790 eorum
444 1753 583 1807 numero,
604 1754 678 1811 quae
698 1744 789 1809 eunt,
811 1755 870 1794 non
891 1732 1011 1792 habent.
1034 1763 1068 1774 -
1089 1732 1200 1804 Duras,
1223 1752 1240 1789 o
1261 1729 1316 1789 So-

67 1841 180 1902 crates,
202 1841 230 1886 et
249 1848 363 1908 asperos
382 1828 513 1889 homines
533 1851 680 1892 memoras.
702 1859 736 1870 -
757 1831 833 1892 Sunt
850 1831 946 1905 enim,
968 1851 984 1888 o
1006 1848 1095 1910 puer,
1118 1849 1134 1886 a
1155 1827 1313 1887 Musisad-
1382 1827 1387 1838 '

69 1924 193 1985 modum
211 1926 319 1985 alieni:
341 1926 389 1985 illi
413 1948 480 1987 vero
501 1927 593 1988 multo
615 1929 822 2009 elegantiores,
844 1947 967 2008 quorum
988 1926 1043 1984 tibi
1065 1924 1316 2004 traditurusmys·

68 2025 141 2083 teria
161 2045 235 2084 snm.
277 2023 477 2104 Principium,
500 2024 579 2084 unde
601 2039 630 2084 et
650 2047 701 2102 ea,
722 2048 794 2106 quae
809 2023 1025 2087 hactenusdixi
1036 2067 1045 2098 ,
1068 2020 1315 2100 omniapendent,

67 2120 120 2180 boc
143 2121 210 2181 illis
229 2136 289 2199 est,
311 2113 352 2194 oie
373 2115 408 2182 td
426 2121 490 2184 πᾶν
508 2119 620 2203 κίνησις
642 2116 680 2206 ἤν
700 2123 749 2186 καὶ
771 2117 842 2185 ἄλλο
863 2116 946 2204 nupsi
965 2119 1056 2182 τοῦτο
1067 2113 1169 2180 οὐδὲν·
1189 2128 1312 2180 univor-

67 2241 133 2278 eum
153 2221 240 2278 borco
259 2233 372 2282 motum
393 2233 423 2282 et
441 2225 530 2282 aliud
545 2237 668 2302 praeter
684 2236 798 2284 motum
819 2227 902 2283 nitet
919 2244 1001 2283 aare:
1031 2220 1123 2280 motfis
1142 2231 1237 2278 autem
1256 2217 1315 2276 duo

68 2337 127 2377 esse
146 2337 275 2397 genera,
316 2335 469 2400 utrumque
491 2321 682 2384 multitudine
702 2323 872 2397 infinitum,
893 2322 954 2382 vim
973 2340 1042 2380 vero
1063 2319 1185 2377 alterum
1203 2315 1315 2375 habens

67 2414 197 2490 agendi,
218 2415 340 2476 alterum
361 2419 516 2499 patiendi:
539 2440 575 2480 ex
597 2421 701 2481 borum
723 2434 818 2480 autem
840 2439 992 2498 congressu
1013 2432 1041 2477 et
1060 2417 1196 2475 frictione
1216 2415 1315 2470 mutua

72 2514 154 2572 nasci
173 2523 293 2574 numero
312 2515 451 2591 infinita,
473 2519 568 2598 specie
588 2518 679 2594 bina,
708 2520 831 2579 alterum
853 2510 1052 2596 αἰσθητόν,
1076 2507 1254 2590 αἴσθησιν
1275 2510 1314 2567 al·

68 2623 187 2684 terum,
208 2632 330 2690 quorum
349 2613 403 2672 hoc
422 2633 487 2673 cnm
507 2615 561 2676 iilo
579 2617 737 2677 convenire
747 2631 774 2675 et
791 2618 939 2697 generari:
959 2629 1102 2674 caeterum
1120 2603 1314 2690 cicatricem

66 2707 110 2766 bis
129 2706 213 2788 apud
234 2729 287 2768 nos
307 2710 477 2770 nominibus
498 2712 660 2792 appellari,
682 2711 780 2787 visits,
801 2713 939 2788 auditos,
961 2710 1104 2787 olfactus,
1116 2711 1313 2793 gustus,sen-

66 2805 173 2885 sitaque
192 2806 295 2886 frigidi
314 2821 342 2867 et
361 2807 472 2883 calidi,
492 2811 599 2889 quique
617 2810 782 2891 voluptates
801 2824 829 2870 et
847 2810 981 2884 dolores,
1000 2797 1156 2889 ¹appetitus
1175 2825 1202 2870 et
1222 2811 1312 2870 timo-

66 2922 110 2962 res
129 2913 293 2964 vocanturr
314 2904 443 2984 aliosque
464 2907 580 2966 affectus
598 2907 787 2984 innumeros,
809 2909 860 2988 qui
883 2909 1001 2968 nomine
1033 2921 1135 2968 carent
1146 2954 1154 2982 ,
1176 2911 1313 2968 nomina-

65 3011 107 3060 tos
127 3021 217 3080 quam
235 3002 394 3082 plurimos;
414 2998 608 3085 αἰσθητόν
631 3019 727 3068 antem
746 3026 837 3086 genus
856 3005 903 3066 his
923 3004 1047 3084 singulis
1067 3025 1128 3064 esse
1148 3009 1312 3084 cognatum,

66 3098 182 3158 visibus
203 3101 365 3180 omnigenis
384 3106 553 3188 omnigenos
574 3107 699 3167 colores:
722 3103 873 3190 auditibus
894 3103 994 3164 itidem
1007 3125 1109 3166 voces:
1132 3103 1309 3183 caeterisque

65 3189 226 3278 αἰσθήσεσι
250 3210 361 3261 caetera
380 3197 545 3284 αἰσθητᾶ.”
567 3204 599 3284 2)

104 3299 195 3358 Hunc
218 3299 251 3357 in
272 3295 389 3390 modum
410 3303 542 3364 Socrates
563 3303 758 3386 sophistarum
780 3300 896 3382 illorum
908 3312 937 3358 et
947 3299 1186 3381 philosophorum
1204 3297 1311 3381 piacita

66 3397 209 3478 exponit:
231 3395 362 3459 illustrat
383 3416 479 3462 autern
501 3403 616 3483 singula
637 3423 704 3462 cum
736 3400 802 3459 aliis
824 3398 984 3480 exemplis,
1005 3413 1069 3463 tum
1088 3398 1142 3458 hoc
1153 3444 1162 3474 ,
1183 3397 1221 3458 ab
1246 3419 1311 3458 ocu·

64 3495 100 3554 lis
121 3508 151 3554 et
173 3491 320 3556 coloribus
348 3495 445 3560 ducto.
492 3521 506 3554 a
522 3500 608 3576 Quod
639 3499 765 3560 colorem
797 3517 882 3557 vocas
913 3496 1034 3574 album,
1056 3498 1173 3576 inquit,
1203 3495 1331 3569 idnec,

63 3590 145 3652 aliud
167 3591 326 3672 quidquam
345 3611 426 3658 extra
445 3599 544 3660 oculos
564 3613 628 3659 tuos
648 3619 707 3656 esse
718 3643 727 3672 ,
748 3617 801 3656 nec
822 3595 854 3653 in
885 3594 998 3670 oculis,
1028 3595 1194 3654 existimes:
1216 3615 1311 3671 neque

63 3692 108 3751 illi
127 3705 162 3750 tu
181 3691 277 3750 locum
297 3709 407 3755 certum
426 3698 555 3767 tribuas:
575 3699 636 3778 jam
658 3696 736 3754 euim
757 3707 886 3754 maneret
904 3691 1013 3753 alieubi
1034 3693 1137 3752 ordine
1157 3691 1328 3758 arefieret-

63 3790 264 3867 generatione.
287 3820 322 3830 -
342 3794 494 3867 Quomodo
515 3797 605 3877 igitur
634 3793 712 3853 illud
734 3815 762 3852 se
783 3791 897 3852 habet?
919 3825 954 3834 —
974 3791 1132 3869 Sequemur
1150 3810 1308 3850 sermonem
1364 3835 1371 3848 .
1401 3850 1409 3865 .

62 3889 258 3968 superiorem,
286 3913 376 3971 quum
407 3893 484 3953 nihil
502 3915 554 3976 per
574 3915 603 3954 se
631 3893 726 3973 ipsum
748 3913 838 3950 unum
867 3911 926 3950 esse
947 3888 1140 3970 ponebamus:
1165 3903 1250 3970 atque
1269 3888 1327 3949 ita'

63 3985 149 4044 nobis
167 3988 249 4068 niger
267 3989 408 4071 albusque
428 4006 456 4051 et
472 3993 569 4072 quivis
588 3991 663 4050 alius
684 3989 763 4048 color
783 4009 819 4049 ex
851 3988 1000 4048 oculorum
1021 3987 1059 4046 ad
1080 3989 1304 4049 convenientem

63 4081 134 4162 ipsis
153 4106 250 4146 rerum
270 4103 378 4149 motum
397 4091 593 4172 applicatione
614 4089 758 4149 exstitisse
777 4086 946 4160 videbitur,
964 4098 992 4144 et
1011 4085 1206 4165 quodcunque
1231 4085 1309 4144 colo·
1353 4119 1366 4144 ο

97 4295 124 4362 1)
143 4300 357 4373 Protagorae
368 4308 508 4374 antiquitus
517 4306 582 4358 liber
592 4291 786 4378 exstitit'AdtJ'
793 4299 880 4360 Stoa
894 4309 1113 4376 inscriptus-vid.
1131 4306 1306 4360 Gr·oen.1'ro-

62 4411 73 4442 ’ς
150 4433 157 4448 ο
234 4435 239 4446 ·
279 4435 283 4450 ι
340 4435 345 4448 ι

75 4397 411 4540 Ἥὶῗῖιὲξθυ.-
433 4484 536 4535 et.
