2838 5120
619 283 676 344 301

48 453 123 533 quod
141 453 276 532 scriptum
296 463 357 524 est,
378 446 506 529 appellet
525 447 589 508 illic
617 438 707 526 λόγου
735 441 847 518 ζοῖντος
866 440 916 505 rai
938 435 1081 525 ἐμψύχου
1106 437 1264 518 εἴδωλον,
1325 483 1326 488 1

50 560 170 610 uiuentis
200 557 388 626 animatique
417 554 562 606 samonis
588 549 867 608 simulacrum.
892 546 921 627 1)
961 548 1042 622 Quae
1062 567 1130 606 sene
1151 561 1264 606 senten-

48 652 99 710 ties
125 651 164 709 sic
194 663 311 708 neturus
340 644 535 726 respondent,
556 645 596 705 sie
623 645 751 708 nativam
771 639 901 705 referunt
918 646 1044 706 hominis
1061 647 1094 704 in
1113 643 1266 726 cogitando

48 747 240 828 loquendoque
267 746 424 819 rationem,
456 757 488 804 ut
505 743 600 804 ,docte
620 765 680 804 non
698 757 799 823 egeant
816 743 1063 824 interpretatione.
1104 742 1161 803 Sed
1182 742 1267 802 nobis

47 846 184 905 hominem
218 847 286 905 item
320 843 402 903 Pleto
427 840 605 923 'cogitantem
641 842 841 922 dicentemque
871 842 957 901 simul
985 842 1137 923 proponit,
1169 840 1267 900 ductis

46 946 161 1003 maxime
191 965 228 1004 ex
255 944 378 1003 Homero
409 942 567 1022 exemplis,
598 964 628 1003 v.
658 962 684 1002 c.
714 940 765 999 ubi
791 940 924 1020 Ulyssem
943 945 1026 1024 poete
1044 939 1085 999 sic
1103 939 1264 999 solitarium

46 1040 191 1123 cogitando
212 1040 356 1102 dicentem
376 1060 526 1118 secumque
546 1038 909 1119 colloquenteminducit:

139 1147 143 1156 '
194 1135 328 1202 Τέτλαθι
350 1132 407 1221 δή,
429 1135 553 1220 κραδίη·
575 1135 624 1200 καὶ
644 1130 781 1219 κύντερον
801 1129 872 1197 ἄλλο
891 1130 958 1197 ποτ’
977 1129 1114 1218 &lut-²)

46 1242 147 1302 Similis
174 1255 234 1318 est,
256 1255 288 1301 ut
307 1242 441 1301 novimus
452 1285 461 1315 ,
481 1260 634 1320 puerorum
659 1240 747 1298 retia:
770 1240 926 1320 cogitantes
936 1218 993 1298 'illi
1013 1241 1112 1298 secum'
1130 1239 1186 1321 ipsi
1205 1239 1267 1298 fere

47 1342 215 1420 loquuntur,
246 1353 278 1400 ut
306 1340 384 1400 idem
413 1339 500 1420 plene
530 1337 608 1420 apud
637 1359 685 1399 eos
711 1345 846 1419 cogitare
866 1351 896 1396 et
912 1339 1010 1396 dicere
1029 1339 1076 1397 sit.
1117 1337 1175 1396 Nec
1196 1357 1265 1398 vero

47 1460 190 1520 puerorum
210 1439 281 1498 haee
300 1452 413 1498 tentum
433 1450 482 1497 aut
499 1437 668 1512 hominum,
689 1438 739 1516 qui
759 1458 775 1495 e
794 1437 886 1516 poitis
904 1435 1069 1517 finguntur,
1088 1435 1266 1496 consuetudo

47 1551 97 1596 est:
119 1540 179 1618 ipse
199 1523 382 1619 Xenophon,
404 1551 436 1597 ut
455 1537 569 1617 scripsit
587 1536 619 1594 in
636 1537 788 1611 Anciasi,
810 1551 891 1610 cum,
912 1535 1074 1595 interfectis
1094 1534 1268 1594 Graecorum

48 1634 178 1711 ducibus,
200 1635 238 1696 ad
254 1656 376 1696 summes
394 1635 426 1694 hi
446 1634 592 1714 angustias
607 1632 716 1693 redacti
736 1645 846 1708 essent,
866 1633 930 1714 peri
944 1633 1070 1708 ratione,
1087 1631 1268 1714 reputando,

48 1753 133 1794 secum
154 1735 215 1816 ipse
236 1734 470 1814 colloquebatur:
487 1721 529 1792 ’τί
554 1725 739 1810 κατάκειμαι;
766 1725 788 1813 ἠ’
817 1726 852 1791 δὲ
878 1725 931 1802 vit
957 1727 1124 1812 προβαίνει·
1148 1723 1212 1810 ἅμα
1233 1725 1269 1792 δὲ

48 1832 83 1916 τῇ
107 1827 207 1919 η’μέρρι
227 1827 305 1908 :iude
324 1828 395 1907 τούς
413 1832 571 1914 πολεμίους
591 1827 681 1916 ἥξειν·
703 1833 729 1895 εἰ
750 1829 785 1895 δὲ
805 1822 998 1916 γενησόμεθα
1019 1831 1069 1894 ἐπὶ
1089 1835 1218 1914 βασιλεῖ,
1239 1829 1271 1894 τί

49 1930 194 2012 ἐμποδών,
220 1929 277 2018 μήη
294 1930 365 2017 οὐχὶ
390 1929 569 2016 πάνταμὲν
588 1932 627 1998 cci
647 1930 845 2018 χαλεπώτατα
866 1929 1021 2010 ἐπιδόντας
1028 1981 1038 2010 ,
1059 1929 1157 1996 πάντα
1177 1931 1212 1996 δὲ
1225 1929 1271 1996 ⁴cei
1371 1937 1373 1944 ’

50 2032 194 2099 δεινότατα
229 2033 400 2115 παθόντας,
433 2033 646 2121 ὑβριζομένους
673 2034 855 2114 οἷποθανεῖνς
884 2032 965 2113 ὅπως
993 2034 1030 2099 δὲ
1057 2031 1270 2117 ἀμυνούμεθα,

50 2134 141 2216 ου’δεὶς
166 2135 432 2224 παρασκευάζεται,
454 2137 517 2204 out
538 2141 727 2223 ἐπιμελεῖται,
749 2137 1059 2220 intumescimus,
1083 2133 1181 2223 ὥσπερ
1204 2134 1270 2213 ἐξόν

50 2235 167 2323 ἡσυχίαν
189 2239 277 2326 ἔχειν.
315 2239 386 2326 Ἐμοὶ
409 2238 462 2306 οὖν
482 2239 536 2306 τόν
557 2244 589 2306 ἐκ
610 2242 695 2319 ποίας
715 2238 828 2320 πόλεως
849 2238 978 2327 στρατόν
997 2242 1156 2327 προσδοκῶ
1176 2243 1270 2305 ταῦτα

51 2341 171 2428 πράξειν·
201 2347 290 2409 ποιάν
316 2343 343 2408 δ’
367 2342 479 2430 η’λικίαν
505 2346 629 2434 ἐμαυτῷ
656 2347 757 2410 ἐλθεῖν
783 2343 919 2428 :irapinas
931 2372 941 2423 ,·
968 2341 1004 2408 oti
1030 2340 1087 2428 prin
1114 2341 1200 2428 ἔγωγ’
1227 2341 1269 2408 ἔτι

51 2439 238 2533 πρεσβύτερος
274 2444 396 2530 ἔσομαι,
436 2445 498 2526 tir
526 2445 656 2532 τήμερον
694 2451 802 2531 προδῶ
838 2445 971 2531 ἒμαυτόν
1006 2455 1069 2523 τοῖς
1098 2447 1269 2529 πολεμίοις·

53 2555 116 2628 qaid
131 2561 219 2630 jacea
250 2554 323 2612 lic?
356 2551 635 2636 Noaprogreditur
655 2565 685 2613 et
703 2564 946 2635 quamprimum
965 2555 1128 2628 illuserit,
1149 2576 1267 2612 consen·

55 2659 163 2711 tansum
182 2662 245 2727 cst,
266 2654 361 2712 leostcs
379 2655 569 2713 adventuras.
598 2651 709 2732 Quodsi
725 2653 820 2734 Regis
838 2661 871 2711 in
881 2662 1060 2733 potestatem
1076 2659 1266 2726 venerimus,

57 2751 118 2824 quid
141 2751 292 2829 probibet,
322 2759 479 2830 quominus
504 2760 690 2835 grauissimo
719 2774 851 2831 quaeque
881 2762 911 2810 ct
939 2752 1141 2829 adspiciamus
1164 2762 1194 2809 et
1214 2745 1280 2830 μα’

56 2854 175 2927 tiamnr,
207 2853 454 2930 contumeliisque
478 2851 585 2928 affecti
604 2851 769 2909 necamur?
802 2849 949 2930 Quopaclo
969 2860 1082 2912 nosmet
1101 2857 1204 2907 tutari
1224 2852 1269 2908 de·
1360 2899 1364 2906 .

56 2946 180 3025 leamus,
199 2951 241 3008 ud
268 2952 301 3008 id
330 2972 360 3008 se
385 2973 469 3009 nemo
489 2960 644 3029 comparat
662 2973 755 3028 neque
774 2951 1079 3018 resulliauraeest;
1095 2951 1145 3008 sed
1159 2950 1270 3007 licita

48 3051 194 3124 jacemus,
227 3057 315 3128 quasi
343 3051 424 3107 nobis
454 3049 555 3108 otiosis
581 3070 642 3134 esse
670 3050 770 3108 liceat.
811 3048 876 3128 Ego
903 3069 971 3105 cero
991 3069 1123 3126 quanam
1142 3069 1177 3105 ea
1198 3049 1270 3104 urbs

54 3143 148 3203 ducem
173 3149 243 3206 leacc
263 3149 430 3222 facturum
458 3148 614 3225 suspecto?
635 3168 725 3226 quam
743 3155 874 3206 aetatem
892 3141 1090 3224 mihimetipsi
1108 3157 1270 3204 uenturam

55 3247 203 3320 opperior?
234 3243 294 3304 Nec
325 3253 404 3304 enim
435 3253 633 3305 maturiorem
663 3248 703 3304 ad
731 3255 859 3306 aetatem
875 3253 1050 3323 perenuium
1062 3291 1070 3320 ,
1092 3253 1120 3304 si
1138 3247 1271 3304 lactibus

55 3340 128 3401 leodis
157 3367 202 3403 me
231 3346 377 3404 dedidere.
400 3343 431 3425 3)
472 3345 573 3404 Simile
598 3343 670 3425 quid
689 3341 726 3404 de
745 3365 773 3403 se
793 3357 891 3404 narret
910 3343 1026 3405 Servius
1045 3343 1211 3425 Sulpicius,
1231 3343 1269 3403 ed

55 3439 210 3502 Ciceronem
231 3442 360 3502 scribens
378 3442 415 3503 de
434 3459 524 3503 morte
543 3443 674 3503 Tulliae:
694 3466 732 3501 ea
750 3442 828 3502 Acie
849 3444 986 3519 rediens,
1007 3465 1076 3501 cum
1094 3446 1129 3502 al
1148 3442 1269 3524 Aegina

55 3537 199 3618 Megaram
229 3563 333 3601 versus
360 3551 553 3623 navigarem,
585 3551 665 3620 caepi
694 3551 831 3624 regiones
859 3550 1062 3601 circumcirca
1088 3551 1268 3621 prospicere.

56 3633 119 3695 Post
136 3662 180 3698 me
199 3652 267 3699 erat
285 3641 426 3722 Aegina:
447 3652 518 3699 ante
537 3641 663 3722 Megara
674 3667 684 3700 :
705 3644 812 3700 dectru
830 3640 993 3701 Piraeeus:
1015 3649 1144 3700 sinistra
1164 3641 1268 3702 Carin-

57 3735 135 3794 llus:
161 3760 235 3817 quae
258 3741 363 3818 ‹ppida
388 3731 516 3818 quodam·
537 3750 665 3819 tempore
681 3743 905 3816 florentissima
918 3744 1076 3815 suerunt,
1098 3762 1178 3798 nunc
1193 3761 1270 3816 pro-

59 3843 146 3893 strata
164 3848 193 3897 el
212 3840 318 3896 diruto
336 3849 407 3897 unte
425 3841 522 3898 oculos
533 3847 652 3916 jacent.
695 3841 781 3918 Caspi
800 3851 911 3921 egomet
927 3862 1040 3898 mecum
1059 3847 1101 3898 sic
1120 3847 1269 3920 cogitare:

58 3930 129 3992 lem!
150 3959 200 3996 nos
218 3938 392 3996 homunculi
408 3940 624 4018 indignamur,
645 3950 673 3999 si
691 3947 758 4019 quis
782 3946 1060 4009 nastruminteriil
1080 3950 1136 3999 aut
1155 3947 1268 4000 accisus

58 4040 110 4106 ut,
138 4057 262 4112 quoram
288 4044 353 4094 cita
380 4039 497 4096 brevior
519 4060 579 4097 esse
599 4041 698 4114 debet,
719 4061 787 4097 cum
809 4061 866 4098 uno
886 4040 944 4097 loco
963 4047 1008 4096 tot
1026 4039 1164 4118 oppidum
1181 4041 1268 4097 cuda·

58 4147 119 4187 cera
140 4142 276 4211 projecta
293 4135 428 4212 jacent?
463 4136 554 4196 Visne
583 4148 616 4196 tu
644 4148 691 4212 te,
724 4137 813 4196 Serui
823 4183 832 4212 ,
863 4139 995 4196 cohibere
1024 4149 1054 4197 et
1082 4145 1251 4196 meminisse

58 4248 295 4266 ἣκει-

87 4303 110 4370 ιι
127 4309 231 4363 enar.
249 4310 308 4363 ero.
329 4310 359 4362 ι.
379 4310 426 4364 or.
445 4315 522 4366 rem
536 4330 560 4378 p.
579 4312 643 4380 ιιι,
662 4313 721 4365 ur.

88 4400 110 4465 :t
128 4405 198 4459 rom.
214 4410 296 4475 oens.
319 4392 353 4462 ν’.
375 4426 415 4461 α.
437 4409 477 4461 re.
497 4408 536 4462 or.
553 4409 628 4461 erato
647 4413 677 4462 u
693 4413 755 4480 esp.
772 4409 814 4461 ιιι.
833 4407 891 4460 eoo.
910 4410 937 4458 o.

88 4496 110 4562 3)
126 4501 238 4571 Xenoph.
258 4507 337 4558 Anai-
359 4505 401 4557 lll.
421 4505 450 4568 t,
470 4505 511 4557 10.
