2908 5114
674 263 733 324 325
811 281 813 285 ’

81 425 152 486 dere
178 423 217 486 ad
241 439 383 486 summum
410 423 512 499 decet,
542 425 594 504 qui
623 424 662 485 ad
690 425 752 486 veri
778 426 929 487 scientiam
949 425 1097 502 tendunt,
1118 443 1250 490 accurate
1268 429 1320 491 bos

80 525 164 584 Plato
184 522 339 599 delinivit,
361 543 413 584 nos
431 537 526 582 autem
546 523 633 583 facile
652 545 668 584 e
687 523 776 584 dictis
795 523 963 586 efficiemus.

173 719 227 780 De
250 722 482 802 gradibus,
514 721 670 797 quibus
697 726 740 778 in
769 681 964 778 muudum
988 713 1165 800 νοητδν,
1196 726 1246 783 od

361 819 479 877 ideas
507 819 758 894 spectandas
786 821 1044 882 accenditur.

120 1015 254 1088 Quatuor
281 1027 350 1073 sunt
377 1013 424 1074 illi
453 1012 532 1094 apud
557 1011 725 1086 Platonem,
746 1033 869 1091 quorum
888 1034 1016 1076 summus
1036 1007 1139 1096 νόησις
1159 1028 1218 1075 est:
1243 1011 1321 1074 unde

79 1103 252 1192 ἐπιστήμη,
285 1119 415 1175 scientio
442 1119 507 1170 νονν·
518 1159 526 1188 ,
559 1105 727 1170 αὐτοῦτοῦ
749 1101 834 1182 ὄντος
863 1119 992 1171 scientio
1021 1118 1144 1176 exsistit.
1186 1110 1271 1187 Quod
1292 1125 1323 1170 ut
1364 1130 1370 1142 ·

79 1225 146 1292 apte
168 1209 315 1272 Glauconi
335 1208 512 1270 demonstret
529 1211 678 1286 Socrates,
698 1232 785 1290 quam
803 1209 1026 1290 diligentissime
1047 1237 1064 1274 a
1082 1211 1193 1272 mundo
1213 1223 1322 1291 specta·

79 1307 134 1366 bili
155 1306 376 1387 intelligibilem
396 1307 571 1387 distinguit,
594 1308 640 1368 illi
661 1306 808 1388 quidquid
828 1302 973 1379 δοξαστεῖν
993 1326 1054 1388 est,
1076 1312 1145 1373 huie
1166 1302 1205 1369 td
1223 1325 1321 1387 γνωσ-

78 1399 131 1466 cdv
152 1406 297 1466 tribuens.
339 1403 397 1464 Sed
426 1405 521 1484 ipsum
550 1406 668 1466 illorum
697 1427 876 1484 sermonem,
898 1423 930 1469 ut
949 1430 994 1469 res
1012 1408 1099 1490 plene
1119 1409 1323 1488 intelligatur,

79 1525 270 1588 apponamus.
315 1502 460 1576 «Veluti,
489 1503 605 1581 inquit,
626 1504 744 1582 accepti
763 1503 843 1565 linet
862 1507 1002 1588 bipartito
1021 1508 1054 1566 in
1073 1506 1208 1586 aequales
1226 1520 1323 1586 partes

80 1603 224 1678 dissecta,
263 1614 413 1679 utramque
448 1614 578 1680 partem,
608 1599 727 1660 alteram
765 1604 934 1682 spectabilis
960 1605 1093 1684 generis,
1123 1602 1323 1683 intelligibilis

80 1702 221 1775 alteram,
240 1697 270 1779 l)
300 1697 390 1758 simili
419 1699 531 1757 ratione
556 1719 655 1758 rursus
669 1697 799 1758 disseca:
819 1701 906 1760 facile
924 1703 965 1762 ita
984 1703 1017 1762 in
1038 1702 1084 1761 his
1103 1703 1240 1779 utrinque
1259 1700 1323 1759 cla·

80 1800 197 1860 ritatem
225 1811 254 1858 et
279 1795 482 1873 obscuritatem
510 1795 702 1876 comparabis.
754 1798 790 1858 In
819 1798 973 1879 spectabili
1003 1820 1108 1880 genere
1135 1800 1226 1859 altera
1252 1818 1321 1879 pars

80 1911 166 1956 erunt
198 1893 368 1955 simulacra:
400 1891 467 1952 dieo
495 1907 589 1976 autem
618 1894 788 1970 simulacra,
810 1900 937 1975 primum
958 1897 1094 1971 umbras,
1116 1911 1178 1957 tum
1196 1915 1269 1976 quae
1288 1897 1322 1954 in

80 1997 161 2075 aquis
191 2005 349 2074 apparent,
379 2011 510 2070 quaeque
542 1992 574 2050 in
604 1991 691 2054 rebus
721 1991 884 2072 quibusque
905 1993 1024 2068 densis,
1046 1993 1193 2068 laevibus,
1213 1992 1324 2064 lucidis

81 2092 190 2153 adsunt
210 2077 242 2149 et'
256 2087 402 2170 quidquid
430 2088 629 2167 hujuscemodi
649 2103 707 2149 est:
729 2093 873 2152 tenesne?
893 2129 929 2144 -
960 2093 1058 2151 Teneo
1080 2112 1158 2152 vero.
1173 2130 1208 2140 -
1237 2090 1323 2150 Alte·

82 2211 140 2250 ram
166 2203 279 2271 partem
306 2207 382 2268 pone
409 2185 462 2245 illa
490 2187 603 2266 negotia
629 2188 799 2262 continere,
830 2209 952 2267 quorum
971 2190 1056 2264 baec,
1078 2209 1151 2268 quae
1171 2186 1320 2262 diximus,

80 2287 234 2348 simulacra
252 2298 321 2348 sunt
330 2330 340 2359 ,
361 2283 500 2346 animalia
518 2284 650 2360 scilicet,
670 2304 743 2363 quae
761 2285 841 2366 apud
860 2307 912 2346 nos
929 2299 998 2346 sunt
1011 2306 1166 2366 omnesque
1185 2285 1320 2346 arborum

81 2400 107 2444 et
133 2385 322 2466 plantarum,
353 2401 449 2442 rerum
479 2384 549 2442 item
578 2396 639 2442 arte
666 2384 808 2442 factarum
832 2385 950 2464 species.
969 2421 1005 2434 -
1045 2385 1134 2444 Pono.
1155 2421 1190 2431 -
1226 2382 1318 2443 Visne

80 2484 165 2542 etiam
184 2494 333 2557 utramque
352 2480 428 2538 hanc
449 2493 559 2559 partem
579 2481 740 2540 secundum
760 2480 811 2556 id,
832 2481 911 2560 quod
930 2500 1032 2542 verum
1051 2494 1093 2540 cst
1112 2495 1141 2541 et
1159 2480 1239 2560 quod
1259 2501 1319 2542 non

81 2595 121 2640 est
150 2599 272 2653 verum,
302 2576 449 2652 discerni,
473 2589 523 2651 ut,
549 2577 794 2654 quomadmodum
814 2598 938 2657 eaquae
958 2578 1227 2657 opinamuradea
1245 2599 1325 2656 quae

81 2687 268 2760 cognocimus
287 2697 317 2736 se
335 2675 459 2750 babent,
479 2678 520 2735 sic
543 2675 698 2736 simulacra
716 2677 755 2736 ad
775 2677 828 2736 illa
845 2697 874 2736 se
890 2675 1017 2736 habeant
1035 2696 1108 2754 quae
1124 2676 1320 2736 referunt..

82 2776 177 2836 Velim
207 2774 351 2854 equidem.
366 2809 401 2821 -
432 2773 509 2835 Vide
535 2775 597 2851 jam
624 2772 825 2853 intelligibilis
851 2773 964 2853 generis
981 2774 1156 2847 sectionem,
1177 2773 1320 2851 quemad-

82 2875 196 2934 modum
218 2871 423 2934 disseeandum
441 2874 488 2932 sit.
509 2911 545 2922 -
585 2872 650 2946 Qua
670 2870 726 2930 tibi
746 2872 857 2932 ratione
875 2869 1017 2932 videtur?
1035 2907 1070 2920 -
1100 2871 1214 2944 Haece,
1236 2885 1268 2930 ut
1286 2873 1319 2932 in

82 2971 168 3032 altera
199 2983 280 3052 parte
309 2970 424 3030 animus
451 2969 533 3045 illis,
563 2989 637 3048 quae
665 2968 750 3028 modo
769 2967 979 3044 discrevimus,
1000 2981 1138 3046 tanquam
1156 2967 1319 3028 simulacris

83 3083 184 3144 utens,
216 3067 362 3146 inquirere
391 3081 509 3148 cogatur
537 3066 574 3126 ab
594 3059 774 3128 ὑποθέσεσιν
794 3049 884 3141 inde,
906 3087 966 3126 non
988 3065 1027 3126 ad
1045 3065 1245 3146 principium,
1266 3065 1318 3126 sed
1345 3072 1349 3086 ¹

82 3167 117 3227 ad
145 3167 235 3226 linem
262 3163 466 3246 progrediens:
498 3168 530 3227 in
560 3168 650 3228 altera
677 3189 746 3228 veru
772 3179 854 3248 parte
872 3164 911 3225 ad
930 3164 1109 3245 principium
1129 3157 1319 3226 cirumcidetur

61 3265 195 3354 'tendam
217 3285 254 3324 ex
273 3255 418 3336 ὑποθέσει
438 3265 616 3342 escendens,
637 3287 669 3326 ac
690 3267 753 3325 sine
771 3263 953 3336 simulacris,
974 3282 1048 3340 quae
1066 3261 1123 3322 buc
1136 3265 1318 3338 referuntur,

83 3361 148 3442 ipsis
179 3363 254 3424 ideis
280 3386 332 3445 per
358 3363 443 3424 hasce
471 3364 547 3444 ipsas
575 3365 686 3424 ratione
713 3361 910 3444 procedens.»
936 3357 968 3439 2)
1009 3358 1095 3435 Quod
1121 3376 1273 3443 postquam
1292 3351 1323 3422 ‘e'

83 3463 248 3538 geometriae
277 3485 310 3522 ae
340 3462 511 3523 dialecticae
531 3460 690 3543 disciplina
710 3459 872 3522 declaravit
891 3457 1042 3532 Socrates,
1063 3456 1176 3521 Glauco
1199 3481 1214 3515 s
1226 3461 1319 3521 intel-

83 3556 155 3638 ligo,
186 3560 303 3639 inquit,
334 3581 416 3642 aegre
444 3558 583 3638 quidem,
613 3581 666 3620 nec
687 3559 774 3618 satis:
796 3556 907 3618 videris
925 3557 1004 3616 enim
1021 3555 1096 3614 mibi
1117 3557 1227 3636 grande
1244 3579 1317 3638 opus

85 3656 191 3736 moliri;
223 3658 301 3719 velle
329 3672 423 3718 autem
449 3671 478 3717 te
507 3659 654 3738 suspicor,
682 3656 791 3716 clarius
818 3674 877 3714 esse
898 3653 976 3714 illud
987 3700 996 3728 ,
1017 3653 1096 3732 quod
1116 3656 1220 3729 iniis,
1241 3675 1314 3732 quac

84 3767 147 3814 sunt
175 3767 204 3816 et
232 3770 328 3817 mente
355 3756 578 3838 percipiuntur,
608 3755 779 3815 dialecticae
807 3752 929 3812 scientie
950 3764 1112 3831 spectatur,
1132 3772 1219 3829 quam
1238 3753 1317 3830 quod

84 3869 131 3930 per
157 3867 231 3914 artes
254 3853 362 3934 aliquis
381 3853 493 3933 assequi
513 3852 627 3913 studeat
638 3899 646 3928 ,
667 3852 774 3932 quibus
793 3851 942 3932 principia
962 3841 1121 3922 ὑποθέσεις
1141 3865 1226 3910 sunt:
1249 3851 1317 3912 dccc-

84 3947 144 4038 νοίᾳ
165 3951 212 4012 illi
238 3953 270 4011 in
296 3951 454 4034 spectando
485 3951 527 4011 uti
557 3950 687 4025 debent,
708 3971 769 4010 non
799 3940 989 4029 αἰσθήσεσιν·
1013 3944 1180 4012 decidisti
1201 3947 1247 4033 μή
1269 3947 1316 4014 ἐπ’

84 4045 178 4136 ἀρχήν
203 4045 386 4126 ἀνελθόντας
415 4051 544 4125 σκοπεῖν,
574 4044 637 4110 stt'
661 4046 693 4122 ἔξ
718 4043 910 4127 ὑποθέσεων,
935 4050 1023 4114 νοῦν
1048 4047 1100 4116 οὐκ
1127 4048 1222 4134 ἴσχειν
1248 4054 1318 4138 περὶ

117 4255 140 4322 1)
158 4257 195 4325 (tn
215 4255 320 4325 Graecis
333 4255 440 4307 confusa
459 4261 519 4306 sunt
541 4251 676 4322 quaedem.
711 4252 815 4306 Rectius
828 4253 909 4307 verba
930 4239 967 4310 τό
986 4269 1018 4310 τε
1039 4246 1095 4309 τοῦ
1110 4240 1215 4330 domui
1275 4225 1315 4298 ...

86 4335 238 4418 νοουμένου
260 4355 389 4413 ponentur
409 4355 469 4400 ante
491 4333 578 4403 πάλιν
599 4335 686 4422 τέμνε
706 4388 742 4398 -
763 4335 910 4424 λόγον.-
942 4346 1002 4414 Ed.)

116 4438 140 4506 2)
162 4442 207 4497 cu.
227 4443 260 4496 ad
277 4443 339 4500 baec
360 4441 511 4514 explicanda
530 4461 597 4514 quae
617 4461 696 4514 supra
715 4445 861 4500 monuimus
882 4463 907 4516 p.
927 4443 1161 4513 2³0‚231l‚289.
