2908 5114
633 331 688 389 371

50 490 277 570 quorumlleue
296 503 338 552 ait
359 507 473 554 auctor.
500 493 529 573 l)
570 493 705 574 Ineptum
724 492 775 567 id,
798 495 908 570 fateor,
931 498 985 570 sit,
1012 483 1040 556 et
1061 517 1129 558 vero
1147 497 1203 576 ipsi
1224 495 1287 553 Pla·

50 591 126 649 tonis
144 588 292 649 doctrinae
310 607 469 674 repugnet,
489 589 632 670 siquidem
653 591 693 649 sic
722 591 899 672 accipiatur,
920 607 951 652 ut
980 594 1026 654 his
1047 593 1143 656 verbis
1161 593 1287 652 enunci-

51 703 115 747 atur
134 687 197 746 illic
207 733 216 760 ,
239 710 331 769 neque
350 711 386 749 ex
406 691 559 750 universae
584 688 743 748 sententiae
772 689 902 765 ratione,
925 705 1046 771 apteque
1066 691 1132 750 idat
1151 711 1167 748 a
1187 711 1310 770 παρα-,

52 783 187 865 δείγματι
209 787 366 862 distincti,
399 789 571 849 declaretur,
614 784 855 867 Παραδείγματα
875 789 987 849 scilicet
1012 809 1044 848 eo
1065 789 1127 848 loco
1148 792 1291 871 spectavit

53 887 151 961 Plato,
173 907 245 966 quae
266 907 319 945 nos
350 907 451 946 vocare
481 889 596 946 idealio
623 888 765 964 solemus,
795 890 958 949 nunidem
986 887 1102 968 proprie
1122 889 1162 947 sic
1184 889 1286 948 dictas.

51 987 91 1045 De
112 985 274 1066 pictoribus
292 1005 384 1044 sermo
404 999 462 1060 est,
484 986 554 1066 qui,
574 999 717 1065 quantum
737 1009 753 1046 a
782 988 903 1047 veritate
924 983 1042 1058 absint,
1062 984 1133 1044 hinc
1152 985 1290 1060 docetur,

28 1082 128 1174 'quod
148 1103 209 1140 rem
228 1105 244 1141 a
265 1081 356 1141 fabris
386 1084 510 1159 factam,
538 1084 631 1145 veluti
652 1083 759 1144 lectum
780 1084 827 1144 vel
854 1103 999 1157 mensam,
1020 1083 1191 1158 imitantur,
1213 1083 1301 1142 sabri-

53 1194 146 1240 autem
167 1181 198 1238 in
217 1180 264 1239 his
284 1181 463 1241 fabricandis
472 1182 610 1243 divinum
625 1191 742 1241 ‘mensae
762 1202 794 1242 ac
814 1182 883 1241 lecti
897 1180 1070 1260 exemplum
1086 1195 1288 1262 respexerunt:

55 1279 131 1338 unde
152 1277 238 1336 tertio
249 1277 316 1337 illos
334 1278 397 1338 locu
415 1302 430 1338 a
450 1281 571 1340 veritate
591 1280 688 1339 abesse
709 1278 844 1339 efficitur,
886 1279 924 1340 Et
942 1279 982 1338 sic
1001 1278 1119 1356 quidem
1135 1279 1292 1339 nobissen·

54 1377 174 1435 tentiam
190 1375 273 1434 illius
292 1376 355 1435 loco
372 1378 651 1459 interpretantibus,
679 1378 777 1436 minus
805 1377 857 1436 illa
875 1377 975 1457 inepta
994 1375 1043 1437 vel
1064 1375 1191 1435 absurda
1211 1373 1293 1436 vide·

55 1488 108 1533 tur.
151 1473 210 1532 Sed
229 1474 340 1532 instant
359 1475 417 1534 isti,
439 1475 507 1536 Sive
527 1476 658 1536 idearum
678 1476 742 1534 illic
753 1521 762 1550 ,
780 1476 936 1554 inquiunt,
960 1477 1023 1535 sive
1042 1467 1294 1556 παραδειγμάτων

55 1572 113 1630 sive
132 1570 274 1630 idealium
293 1573 402 1631 mentio
421 1573 471 1647 fit,
491 1595 587 1632 rerum
605 1575 724 1633 istarum
744 1586 844 1631 auctor
863 1574 941 1631 Deus
960 1573 1087 1633 dicitur:
1108 1596 1165 1654 quo
1185 1573 1229 1632 nil
1251 1587 1294 1632 est
1390 1599 1392 1604 ’

56 1668 220 1727 absurdius.
262 1670 413 1730 Cernimus
422 1716 430 1745 ,
451 1693 538 1750 quam
556 1671 642 1731 facile
661 1673 723 1753 ipse
742 1691 794 1729 nos
813 1670 915 1745 Plato,
937 1672 995 1730 nisi
1006 1672 1223 1752 philosophiam
1232 1674 1295 1749 ejus

58 1779 83 1824 et
101 1767 226 1826 interius
244 1769 475 1847 perspexerimus
494 1783 523 1826 et
543 1790 557 1826 e
586 1771 698 1850 poetica
718 1767 837 1827 dicendi
866 1768 978 1826 ratione
997 1770 1240 1850 explicuerimus,
1262 1769 1295 1826 iu

58 1885 179 1922 errorem
196 1865 287 1944 possit
305 1864 420 1926 ducere.
438 1929 441 1932 ,
462 1867 534 1925 Nam
553 1867 647 1926 iacere
667 1866 766 1940 ideas,
796 1866 929 1944 ineptum
960 1879 1019 1924 est:
1050 1865 1131 1944 quod
1159 1867 1220 1946 ipse
1252 1865 1293 1922 ait

59 1961 155 2020 eodem
183 1960 263 2020 loco:
293 1955 330 2020 ου’
353 1949 417 2045 γάρΙ
434 1984 492 2024 που
527 1951 584 2043 τήν
605 1986 636 2044 γε
669 1957 752 2023 ἰδέαν
783 1955 877 2042 αὐτήν
906 1961 1085 2044 δημιουργεῖ
1110 1955 1208 2034 οὐδεὶς
1235 1959 1296 2021 τῶν

59 2058 258 2139 δημιουργῶν.
281 2063 313 2143 2)
363 2065 421 2123 Nec
451 2085 520 2125 vero
557 2063 663 2124 idealia
703 2064 799 2123 facere
836 2065 932 2142 aptius
969 2063 1093 2123 dicatur.
1143 2063 1211 2121 Ille·
1229 2081 1298 2124 vero

60 2163 149 2220 Deum
169 2159 268 2236 dixit,
287 2182 376 2240 quum
395 2160 533 2221 conderet
552 2161 712 2235 mundum,
732 2159 837 2219 mundi
864 2160 1017 2238 cujusdam
1048 2162 1170 2240 perfecti
1195 2152 1299 2239 παρά-

62 2259 165 2338 δειγμα
197 2260 287 2318 menti
313 2253 463 2317 habuisse*
479 2261 676 2338 propositum,
708 2258 745 2316 ad
766 2259 849 2333 cujus
869 2257 990 2315 formam
1021 2255 1171 2336 effingeret
1191 2259 1298 2320 omnia.

62 2361 94 2419 ld
113 2358 249 2418 similiter
266 2378 319 2415 nos
338 2355 375 2414 de
394 2355 529 2414 humanis
547 2356 638 2414 labris
658 2369 686 2414 et
700 2352 862 2412 artificibus
881 2374 1069 2434 usurpamus:
1092 2357 1245 2436 usurpavit
1262 2356 1299 2414 de

63 2457 164 2518 Phidia
183 2456 299 2529 Cicero,
333 2474 386 2512 nec
405 2467 502 2512 tamen
530 2454 681 2531 quisquam
712 2448 853 2509 artificem
874 2451 986 2522 facere
1009 2451 1089 2511 ideas
1115 2449 1175 2513 vel·
1189 2453 1299 2512 idealia

64 2555 179 2614 dixerit.
221 2553 334 2611 Poetice
351 2566 446 2610 autem
466 2550 548 2610 Plato
567 2551 705 2611 divinum
723 2541 913 2628 παράδειγμα
933 2547 1112 2608 continuisse
1123 2551 1220 2608 omnia
1230 2567 1300 2628 per-

65 2654 134 2712 secta
154 2652 251 2732 specie
282 2649 389 2722 linxit,
418 2669 491 2727 quae
516 2647 721 2728 complexurus
750 2646 908 2726 aliquando
937 2645 1143 2727 adspectabilis
1172 2645 1300 2704 mundus

67 2752 145 2810 foret.
169 2749 279 2807 Verum
299 2749 377 2806 enirn
406 2766 474 2805 vero
504 2767 564 2805 non
592 2744 786 2824 argutandum
808 2744 894 2803 nobis
914 2743 951 2803 de
971 2741 1023 2804 his
1039 2755 1098 2816 est,
1129 2756 1161 2802 ut
1181 2739 1301 2808 fuerunt

67 2850 113 2926 qui
141 2849 271 2906 facerent
300 2858 483 2922 quaerentes,
509 2843 604 2922 ipsine
630 2843 690 2900 Deo
710 2840 788 2922 apud
817 2841 967 2900 Platonem
998 2839 1080 2897 ideae
1109 2839 1157 2898 vel
1188 2841 1300 2900 formae

68 2967 156 3004 rerum
179 2957 374 3024 praestarent,
395 2942 503 3021 quippe
522 2960 592 3018 quas
610 2941 687 2998 Deus
699 2940 823 2998 intuitus
841 2938 976 3017 fingatur.
1019 2937 1108 3010 Quasi
1119 2936 1302 2995 seilicetide·

69 3064 97 3101 ae
112 3043 162 3118 rel
184 3043 291 3100 formae
309 3060 425 3113 rerum,
445 3059 515 3117 quas
543 3058 623 3096 mens
650 3037 799 3116 concipit,
818 3057 878 3095 nou
901 3047 1031 3122 amepte
1060 3031 1302 3112 distinguendae,

70 3139 115 3198 sed
125 3137 302 3220 separandae
313 3149 407 3196 essent
417 3156 546 3216 prorsus:
569 3148 618 3193 aut
638 3134 720 3212 quasi
740 3133 810 3193 haec
832 3134 929 3193 omnia
950 3145 1045 3191 essent
1064 3130 1103 3212 ad
1131 3129 1302 3189 dialecticae

70 3237 141 3317 leges
159 3235 303 3316 exigenda
322 3249 406 3312 atque
427 3255 442 3292 a
464 3232 683 3292 dialecticorum
703 3231 898 3312 captiunculis
916 3228 1107 3294 vindicanda.

107 3336 217 3394 Verum
239 3347 271 3393 ut
289 3333 343 3392 hae
362 3330 502 3392 videntur
520 3349 635 3389 caussae
664 3331 952 3409 opportunitatesque
970 3327 1078 3401 fuisse,
1099 3326 1206 3404 quibus
1225 3326 1304 3383 acei-

72 3431 149 3490 deret
159 3479 168 3507 ,
188 3445 221 3490 ut
239 3431 396 3490 multorum
418 3429 450 3488 in
471 3426 726 3509 reprehensionem
741 3425 875 3486 doctrina
896 3426 932 3484 de
953 3424 1028 3483 ideis
1042 3423 1190 3484 Platonica
1201 3422 1305 3480 incur-

74 3545 144 3589 reret
155 3531 218 3605 ,ita
239 3529 423 3609 praecipuam
442 3527 572 3605 omnium
602 3544 853 3582 commemoremus
872 3522 1000 3582 tandem.
1044 3523 1095 3581 Est
1114 3518 1167 3578 illa
1187 3540 1247 3578 non
1268 3519 1306 3576 ab

77 3630 264 3708 interpretum
283 3626 384 3700 vitiis,
413 3624 464 3684 sed
494 3623 531 3682 ab
553 3622 644 3702 ipsius
672 3621 802 3681 Platonis
832 3622 893 3681 sive
913 3620 1036 3680 audacia
1067 3620 1128 3680 sive
1148 3617 1308 3676 temeritate

76 3727 239 3807 repetenda.
281 3726 334 3786 Dei
356 3725 447 3784 instar
468 3721 661 3804 philosophus
682 3740 777 3779 rerum
798 3719 990 3780 humanarum
1001 3720 1129 3798 perfecta
1146 3711 1309 3795 παραδείγ-

77 3847 154 3900 ματα
176 3839 203 3884 et
225 3839 319 3885 mente
341 3822 475 3902 concepit
503 3834 531 3878 et
550 3839 602 3878 nos
622 3820 710 3898 jussit
729 3817 767 3877 ad
796 3839 894 3877 eorum
914 3815 1119 3896 perfectionem
1138 3835 1183 3874 res
1199 3831 1310 3877 nostras

79 3945 254 4006 componere.
283 3923 364 3996 Hoc,
387 3921 410 3980 si
431 3917 514 3998 quid,
536 3918 632 3978 audax
654 3917 800 3997 negotium
817 3916 876 3975 fuit
896 3927 923 3973 et
940 3916 1007 3991 jure
1027 3913 1311 3993 reprehendendum.

82 4097 331 4108 ——-—--..—--

114 4205 142 4268 1)
161 4206 198 4256 m
216 4206 280 4271 nep,
295 4202 326 4252 x.
339 4199 397 4251 sae.
417 4197 465 4249 cr.
483 4197 560 4248 nrm
575 4212 601 4262 p.
621 4191 680 4244 aas.

114 4289 144 4354 a)
162 4291 222 4342 ma
242 4287 300 4338 sae.
323 4286 352 4336 a.
