2832 5120
625 271 681 333 139

53 457 98 495 nec
115 434 307 515 valetudinis,
328 455 381 494 neo
399 435 441 495 rei
460 433 612 518 ,familiaris
638 433 744 494 hahere
763 435 921 509 rationem,
953 437 1105 515 omniaque
1132 433 1263 516 perpeti,

53 535 105 615 ipsa
130 535 292 614 cognitione
321 547 349 593 et
376 534 495 593 scientia
523 546 638 613 captos3
662 546 690 590 et
713 553 778 592 cum
802 533 935 592 maximis
955 535 1032 592 curis
1059 548 1086 593 et
1114 531 1263 593 laboribus
1346 583 1349 594 ι

51 651 220 712 compensare
236 651 311 705 eam,
332 651 416 710 quam
436 652 473 690 ex
487 630 626 692 discendo
644 632 760 712 capiant
766 676 774 705 ,
791 630 968 711 voluptatem
976 635 1008 691 lu
1036 630 1065 712 1)
1085 633 1264 711 Quamquam

49 729 272 789 Academiei‘illi
291 742 400 789 veteres
419 743 447 788 et
465 731 648 810 Peripatetici
668 751 745 804 non,
768 743 799 788 ut
816 729 915 803 Plato,
936 729 1005 788 haec
1029 731 1125 789 omnia
1150 751 1197 788 ex⁴
1214 749 1263 786 na·

50 840 106 886 tura
123 828 224 886 amoris
240 827 427 908 repetierunt.
469 828 523 902 Id,
544 828 567 886 si
586 828 659 906 quid
682 828 785 902 aliud,
806 827 987 888 Platonicum
1007 843 1065 903 est,
1087 849 1263 909 expressum·

50 947 97 1004 que
113 927 145 986 in
162 927 331 985 Phaedone.
362 926 549 1007 Philosophus
566 927 629 986 illic
649 927 723 987 dicit
740 947 774 984 eo
792 925 860 985 duci
880 925 1071 1006 cognoscendi
1091 926 1220 1000 ardore„
1233 933 1266 984 ut

49 1038 164 1084 mortuos
191 1045 220 1082 sc
250 1042 328 1099 esse,
358 1045 443 1103 quam
469 1025 571 1085 'viuere
591 1024 703 1083 malint.
740 1025 811 1083 Nam
830 1025 904 1083 ferra
922 1023 988 1084 illos
1007 1023 1142 1098 moleste,
1163 1043 1264 1086 verum

49 1143 88 1196 se,
108 1119 189 1200 cujus
212 1121 332 1180 ardente
352 1121 474 1202 flagrant
492 1122 607 1197 studio,
628 1123 661 1182 in
681 1123 734 1180 hac
751 1121 870 1201 quidem
885 1123 945 1182 vita
960 1124 1070 1201 assequi
1090 1143 1150 1181 non
1167 1141 1263 1203 posse,

48 1222 146 1301 quippe
165 1219 318 1301 impeditos
334 1223 461 1300 corporis
475 1220 603 1280 vinculis
612 1266 621 1296 ,
642 1222 675 1279 in
689 1241 764 1300 quo,
786 1234 922 1299 tanquam
940 1220 973 1279 in
991 1241 1121 1293 carcere,
1141 1221 1263 1300 degunt:

47 1331 221 1378 contemnere
246 1318 336 1396 igitur
362 1332 498 1392 mortem,
520 1320 577 1378 imo
605 1340 673 1380 vero
696 1332 816 1378 mortem
844 1332 996 1399 expetere,
1017 1339 1073 1398 quo
1100 1318 1265 1394 doctrinaS,

47 1437 109 1492 quas
129 1417 214 1474 unice
232 1428 347 1488 amant,
368 1430 505 1496 tanquam
532 1416 652 1476 delicias
679 1437 743 1476 suas
771 1428 798 1474 et
823 1416 1001 1497 voluptates,
1022 1415 1113 1475 libere
1136 1429 1265 1495 totasque

47 1513 257 1593 amplectantur.
287 1514 365 1572 Haec
386 1527 456 1573 tero
474 1515 562 1573 unius
580 1528 622 1573 est
639 1516 743 1574 amoris
762 1515 806 1573 via
816 1559 824 1590 ,
845 1513 923 1593 quod
943 1514 1087 1594 eleganter
1105 1535 1189 1593 supra
1208 1535 1264 1572 me-

3 1681 4 1690 ,
47 1612 161 1671 moravit
177 1611 334 1671 Phaedrus.
376 1611 523 1692 Orpheum
545 1611 751 1693 reprehendit,
772 1613 850 1693 quod
877 1613 963 1673 vivus
994 1631 1110 1670 uxorem
1138 1633 1173 1671 ex
1200 1635 1265 1672 orco

3 1723 5 1796 L
47 1707 175 1769 reducere
195 1708 326 1784 studuit,
347 1724 467 1769 mortem
487 1731 539 1792 pro
558 1731 590 1769 ca
613 1711 710 1770 subire
731 1733 790 1770 non
818 1712 972 1770 sustinuit:
993 1710 1047 1770 hoe
1076 1712 1153 1769 enim
1180 1713 1266 1771 unice

3 1849 5 1898 ζ
47 1816 173 1867 amantia
193 1827 261 1867 esse.
283 1805 315 1887 2)
336 1805 426 1888 Negat
443 1808 514 1867 adeo
532 1808 564 1867 in
584 1808 737 1870 Phaedone
756 1809 903 1894 Socrates,
924 1809 1028 1868 naturh
1055 1809 1180 1887 aliquem
1208 1819 1267 1870 esse

3 1959 5 1968 ,
46 1904 261 1986 philosophum,
290 1907 340 1985 qui
364 1908 438 1966 mori
456 1905 589 1966 discendi
610 1907 708 1988 caussh
732 1927 792 1966 non
811 1909 910 1987 cupiat
929 1903 1121 1967 vehementer.
1163 1908 1266 1967 Nonne

3 2051 5 2084 ,
46 2003 195 2062 absurdum
213 2004 268 2078 sit,
289 2005 346 2078 ait,
367 2006 390 2064 si
410 2026 471 2064 non
486 2004 612 2062 libenter
625 2004 788 2085 philosophi
805 2004 877 2064 illuc
892 2005 1266 2086 proficiscantu1·,quocum

47 2095 240 2181 pervenerint,
262 2123 324 2184 spes
333 2116 375 2162 est
393 2104 453 2162 fore
460 2149 469 2178 ,
497 2116 544 2176 ut,
564 2102 643 2181 quod
658 2116 790 2162 amarunt
804 2121 855 2184 per
870 2104 959 2163 vitam
978 2117 1081 2176 totam,
1100 2102 1266 2200 optineant,

4 2189 5 2242 3
48 2213 170 2258 amarunt
196 2213 291 2258 autem
313 2201 501 2280 sapientiam:
518 2225 551 2236 -·
583 2193 605 2281 ἢ
631 2195 832 2283 ἀνθρωπίνων
856 2197 913 2280 μὲν
937 2199 1082 2260 παιδικῶν
1099 2201 1148 2261 καὶ
1168 2225 1267 2280 γυναι·
1333 2257 1336 2260 .

4 2333 5 2336 =
47 2298 97 2357 κῶν
125 2295 177 2358 καὶ
206 2291 295 2358 υἱέων
327 2288 561 2376 ἀποθανόντων,
592 2301 694 2364 πολλοὶ
728 2298 812 2384 δη
799 2297 915 2377 eadmer
944 2298 1100 2384 ἠθέλησαν
1125 2301 1177 2377 εἰς
1192 2296 1292 2390 ᾅδου

49 2395 151 2473 ἐλθεῖν,
177 2391 238 2458 dno*
265 2392 375 2480 ταίτης
395 2394 609 2484 α’γόμινσιτῆς
629 2402 761 2480 ἕλπιλλσς,
784 2405 841 2487 τῆς
861 2405 916 2466 τσῦ
937 2400 1077 2482 ὄψεσθαί
1095 2429 1125 2466 τε
1148 2404 1209 2469 ἐκεῖ
1227 2396 1268 2468 ὧν

49 2494 211 2580 ἒιιιθυμσυν
235 2498 284 2561 καὶ
310 2496 497 2575 ξυνέσεσθαι
527 2500 736 2626 ηιρυνήσεως
762 2501 846 2569 ὃὲ”
826 2530 885 2588 aaa
910 2531 959 2582 τις
980 2529 1027 2593 τῳ
1056 2498 1133 2570 ὄντι
1161 2509 1267 2593 ἐρῶν,

48 2601 88 2662 aul
110 2598 212 2684 λαβών
239 2596 362 2684 σφοδρα
386 2599 443 2686 τήν
467 2601 559 2731 αὐτην
586 2602 696 2692 ταύτην
724 2608 842 2684 ἐλπίδα,
869 2572 1017 2692 μηδαμοῦι
1041 2603 1186 2671 ἄλλοθι
1171 2604 1268 2672 mad-

49 2686 143 2775 §rohai
169 2699 250 2791 σαπῇ
276 2699 325 2777 α’ξλ
324 2729 378 2780 ως
391 2696 537 2787 λόγου,’
521 2735 540 2792 η
569 2709 601 2772 ἐν
627 2705 759 2797 ddov,
739 2707 928 2794 σγανακτήσιι
950 2735 980 2773 τι
1002 2705 1201 2794 ἄπυθνησκων
1221 2711 1269 2774 καὶ

50 2803 92 2868 otia
111 2802 237 2888 ἄσμενος
258 2802 389 2869 εἶσιν
350 2830 472 2883 aureo&
495 2837 535 2872 ιιιι
559 2837 626 2875 aero
643 2823 769 2874 amasiis
779 2817 966 2891 ,exorabam
983 2817 1086 2873 liberie
1101 2817 1267 2892 defunctio,

51 2914 129 2970 multi
152 2921 254 2991 sponte
274 2933 329 2969 ιιια
349 2921 381 2970 in
401 2935 504 2972 orcum
524 2915 684 2972 voluerunt
701 2916 874 2978 descendere
884 2961 893 2988 ,
915 2915 970 2971 hee
992 2935 1040 2990 spe
1060 2916 1144 2971 ducti
1154 2959 1162 2987 ,
1175 2916 1268 2988 fore,

52 3020 79 3066 ut
93 3011 156 3069 illic
177 3013 298 3088 aliquid
315 3022 412 3069 essent
430 3034 622 3091 eorumquae
642 3025 821 3071 ornaverunt
835 3014 1028 3090 adspectum
1051 3020 1287 3090 sapientiae„

52 3118 138 3167 eutem
160 3131 286 3166 verua
306 3123 485 3186 amator,
507 3113 675 3189 eademape
695 3113 804 3171 ductus
823 3114 1029 3186 uehementer,
1048 3131 1077 3174 se
1106 3131 1170 3168 eam
1193 3133 1268 3169 παι-

53 3229 128 3282 ηιισιιι
140 3219 352 3266 assecuturum
372 3211 448 3268 olidi
463 3233 537 3286 aare,
563 3219 626 3269 nisi
653 3219 686 3268 in
714 3233 798 3286 oreo,
820 3213 868 3269 hic
896 3219 999 3291 igitur
1027 3231 1116 3291 aegre
1144 3207 1268 3267 mortem

47 3307 136 3382 seret,
156 3327 250 3385 neque
271 3329 301 3365 ee
322 3312 470 3389 migrabit
489 3291 650 3368 dedendae?
672 3307 704 3390 3)

111 3502 166 3562 De
195 3511 347 3564 mentia
368 3509 503 3582 oculo,
525 3530 598 3586 quo
619 3530 695 3567 une
716 3516 840 3566 cerni
861 3514 1192 3583 ceritaepoteet.

6 3727 10 3740 ·
87 3697 138 3756 Sed
156 3721 213 3778 quo
232 3701 321 3780 magis
340 3701 411 3761 illue
432 3723 537 3784 pergo,
558 3726 615 3784 quo
640 3703 843 3764 contendimus
861 3704 1060 3776 continenter,
1084 3699 1122 3759 ad
1142 3697 1269 3773 nobilem

57 3793 163 3857 &cratis
190 3792 371 3879 μαιειπυιήν,
400 3824 433 3862 co
461 3803 534 3862 mihi
563 3802 648 3885 plura
675 3803 862 3883 gravioraque
892 3814 1065 3875 occurrunt,
1089 3820 1161 3878 quae
1189 3799 1270 3878 prius

58 3893 196 3958 videantur
216 3921 251 3960 ex
271 3900 391 3961 Platone
407 3901 597 3982 explicanda,
613 3922 698 3981 quam
714 3900 786 3959 illue
803 3901 1014 3983 perveniamus.
1036 3899 1162 3959 Tantum
1177 3897 1269 3971 abest,

6 4041 8 4080 ,
59 4003 84 4048 ut
99 4009 226 4059 statueret
245 4000 343 4075 Plato,
364 3999 460 4080 quod,
481 4022 497 4059 a
515 4001 623 4060 Lockio
653 3999 738 4074 inde,
759 3998 968 4058 recentioribus
988 3997 1168 4079 philosophis
1185 4014 1271 4074 quam

7 4085 9 4132 ῗ
59 4087 198 4166 plurimum
216 4097 344 4177 placuit,
366 4098 442 4158 nihil
462 4120 521 4159 esse
544 4099 711 4173 inanimo,
732 4099 805 4186 quin
829 4117 881 4177 per
910 4098 1036 4179 corporis
1062 4116 1161 4157 sensus
1181 4094 1268 4152 intra·
1304 4115 1306 4120 ·
1368 4096 1372 4102 ’

88 4296 110 4362 1)
126 4301 159 4352 De
171 4304 225 4356 Fiat.
243 4303 272 4356 V.
293 4306 334 4358 18.

89 4379 111 4442 ²)
129 4387 203 4457 Satap.
221 4388 279 4441 179.
298 4390 328 4443 1).
411 4402 412 4411 ¹

91 4467 112 4532 3)
129 4469 213 4524 ttae.
232 4475 273 4525 68.
292 4475 321 4527 Α.
