<?xml version="1.0" encoding="UTF-8"?>
<!DOCTYPE html PUBLIC "-//W3C//DTD XHTML 1.0 Transitional//EN"
    "http://www.w3.org/TR/xhtml1/DTD/xhtml1-transitional.dtd">
<html xmlns="http://www.w3.org/1999/xhtml" xml:lang="en" lang="en">
 <head>
  <title>
</title>
<meta http-equiv="Content-Type" content="text/html;charset=utf-8" />
  <meta name='ocr-system' content='tesseract 3.04.00' />
  <meta name='ocr-capabilities' content='ocr_page ocr_carea ocr_par ocr_line ocrx_word'/>
</head>
<body>
  <div class='ocr_page' id='page_1' title='image "./initiaphilosoph02heusgoog_0035.png"; bbox 0 0 2950 5134; ppageno 0'>
   <div class='ocr_carea' id='block_1_1' title="bbox 761 254 797 312">
    <p class='ocr_par' dir='ltr' id='par_1_1' title="bbox 761 254 797 312">
     <span class='ocr_line' id='line_1_1' title="bbox 761 254 797 312; baseline 0 0"><span class='ocrx_word' id='word_1_1' title='bbox 761 254 797 312; x_wconf 82' lang='lat' dir='ltr'><strong>lt</strong></span> 
     </span>
    </p>
   </div>
   <div class='ocr_carea' id='block_1_2' title="bbox 161 413 1457 3706">
    <p class='ocr_par' dir='ltr' id='par_1_2' title="bbox 161 413 1457 3706">
     <span class='ocr_line' id='line_1_2' title="bbox 162 413 1392 498; baseline 0 -22"><span class='ocrx_word' id='word_1_2' title='bbox 162 428 267 476; x_wconf 82' lang='lat' dir='ltr'><strong>torrem.</strong></span> <span class='ocrx_word' id='word_1_3' title='bbox 309 415 359 474; x_wconf 89' lang='lat' dir='ltr'><strong>Est</strong></span> <span class='ocrx_word' id='word_1_4' title='bbox 381 413 495 474; x_wconf 90' lang='lat' dir='ltr'><strong>scilicet</strong></span> <span class='ocrx_word' id='word_1_5' title='bbox 515 415 696 494; x_wconf 80' lang='lat' dir='ltr'><strong>ingeniorum</strong></span> <span class='ocrx_word' id='word_1_6' title='bbox 719 417 804 474; x_wconf 88' lang='lat' dir='ltr'><strong>etiam</strong></span> <span class='ocrx_word' id='word_1_7' title='bbox 830 415 962 496; x_wconf 88' lang='lat' dir='ltr'><strong>cognatio</strong></span> <span class='ocrx_word' id='word_1_8' title='bbox 985 417 1145 494; x_wconf 78' lang='lat' dir='ltr'>quaedam,</span> <span class='ocrx_word' id='word_1_9' title='bbox 1165 439 1240 498; x_wconf 89' lang='lat' dir='ltr'><strong>quae</strong></span> <span class='ocrx_word' id='word_1_10' title='bbox 1261 437 1392 480; x_wconf 83' lang='lat' dir='ltr'><strong>sensuum</strong></span> 
     </span>
     <span class='ocr_line' id='line_1_3' title="bbox 162 526 1390 618; baseline 0 -28"><span class='ocrx_word' id='word_1_11' title='bbox 162 529 378 610; x_wconf 89' lang='lat' dir='ltr'><strong>studiorumque</strong></span> <span class='ocrx_word' id='word_1_12' title='bbox 402 526 595 588; x_wconf 84' lang='lat' dir='ltr'><strong>similitudine</strong></span> <span class='ocrx_word' id='word_1_13' title='bbox 617 529 800 588; x_wconf 84' lang='lat' dir='ltr'><strong>continetur:</strong></span> <span class='ocrx_word' id='word_1_14' title='bbox 827 545 883 588; x_wconf 43' lang='lat' dir='ltr'><strong>res,</strong></span> <span class='ocrx_word' id='word_1_15' title='bbox 895 551 962 589; x_wconf 88' lang='lat' dir='ltr'><strong>sane</strong></span> <span class='ocrx_word' id='word_1_16' title='bbox 988 532 1148 618; x_wconf 85' lang='lat' dir='ltr'><strong>mirabilis,</strong></span> <span class='ocrx_word' id='word_1_17' title='bbox 1170 531 1281 613; x_wconf 87' lang='lat' dir='ltr'><strong>qualit</strong></span> <span class='ocrx_word' id='word_1_18' title='bbox 1301 551 1390 612; x_wconf 91' lang='lat' dir='ltr'><strong>saepe·</strong></span> 
     </span>
     <span class='ocr_line' id='line_1_4' title="bbox 162 642 1390 726; baseline 0 -22"><span class='ocrx_word' id='word_1_19' title='bbox 162 665 300 719; x_wconf 87' lang='lat' dir='ltr'><strong>numero,</strong></span> <span class='ocrx_word' id='word_1_20' title='bbox 322 658 355 704; x_wconf 91' lang='lat' dir='ltr'><strong>ut</strong></span> <span class='ocrx_word' id='word_1_21' title='bbox 377 643 429 703; x_wconf 91' lang='lat' dir='ltr'><strong>alii</strong></span> <span class='ocrx_word' id='word_1_22' title='bbox 449 645 482 703; x_wconf 92' lang='lat' dir='ltr'><strong>in</strong></span> <span class='ocrx_word' id='word_1_23' title='bbox 505 642 627 702; x_wconf 89' lang='lat' dir='ltr'><strong>aliorum</strong></span> <span class='ocrx_word' id='word_1_24' title='bbox 652 643 771 722; x_wconf 88' lang='lat' dir='ltr'><strong>vestigia</strong></span> <span class='ocrx_word' id='word_1_25' title='bbox 796 643 948 702; x_wconf 82' lang='lat' dir='ltr'><strong>incurrant</strong></span> <span class='ocrx_word' id='word_1_26' title='bbox 967 659 1086 726; x_wconf 86' lang='lat' dir='ltr'><strong>sponte,</strong></span> <span class='ocrx_word' id='word_1_27' title='bbox 1106 646 1241 725; x_wconf 83' lang='lat' dir='ltr'><strong>quamvis</strong></span> <span class='ocrx_word' id='word_1_28' title='bbox 1258 660 1286 705; x_wconf 88' lang='lat' dir='ltr'><strong>et</strong></span> <span class='ocrx_word' id='word_1_29' title='bbox 1305 646 1390 725; x_wconf 88' lang='lat' dir='ltr'><strong>regio·</strong></span> 
     </span>
     <span class='ocr_line' id='line_1_5' title="bbox 163 756 1392 841; baseline -0.002 -23"><span class='ocrx_word' id='word_1_30' title='bbox 163 779 233 818; x_wconf 91' lang='lat' dir='ltr'><strong>num</strong></span> <span class='ocrx_word' id='word_1_31' title='bbox 251 772 280 818; x_wconf 91' lang='lat' dir='ltr'><strong>et</strong></span> <span class='ocrx_word' id='word_1_32' title='bbox 303 773 463 839; x_wconf 90' lang='lat' dir='ltr'><strong>temporum</strong></span> <span class='ocrx_word' id='word_1_33' title='bbox 485 757 641 820; x_wconf 88' lang='lat' dir='ltr'><strong>intervallo</strong></span> <span class='ocrx_word' id='word_1_34' title='bbox 665 778 750 837; x_wconf 91' lang='lat' dir='ltr'><strong>quam</strong></span> <span class='ocrx_word' id='word_1_35' title='bbox 775 756 938 838; x_wconf 84' lang='lat' dir='ltr'><strong>longissime</strong></span> <span class='ocrx_word' id='word_1_36' title='bbox 957 759 1016 819; x_wconf 89' lang='lat' dir='ltr'><strong>sint</strong></span> <span class='ocrx_word' id='word_1_37' title='bbox 1035 757 1186 839; x_wconf 86' lang='lat' dir='ltr'><strong>disjuncti.</strong></span> <span class='ocrx_word' id='word_1_38' title='bbox 1229 759 1277 820; x_wconf 90' lang='lat' dir='ltr'><strong>Sic</strong></span> <span class='ocrx_word' id='word_1_39' title='bbox 1294 772 1392 841; x_wconf 91' lang='lat' dir='ltr'><strong>sponte</strong></span> 
     </span>
     <span class='ocr_line' id='line_1_6' title="bbox 163 872 1391 956; baseline -0.003 -22"><span class='ocrx_word' id='word_1_40' title='bbox 163 873 387 955; x_wconf 84' lang='lat' dir='ltr'><strong>Xenophontem</strong></span> <span class='ocrx_word' id='word_1_41' title='bbox 402 873 572 951; x_wconf 83' lang='lat' dir='ltr'><strong>sequebatur</strong></span> <span class='ocrx_word' id='word_1_42' title='bbox 587 872 783 932; x_wconf 85' lang='lat' dir='ltr'><strong>Ruhnkenius</strong></span> <span class='ocrx_word' id='word_1_43' title='bbox 797 885 824 932; x_wconf 90' lang='lat' dir='ltr'><strong>et</strong></span> <span class='ocrx_word' id='word_1_44' title='bbox 839 885 978 952; x_wconf 89' lang='lat' dir='ltr'><strong>quotquot</strong></span> <span class='ocrx_word' id='word_1_45' title='bbox 995 873 1112 953; x_wconf 87' lang='lat' dir='ltr'><strong>ingenio</strong></span> <span class='ocrx_word' id='word_1_46' title='bbox 1129 896 1195 934; x_wconf 91' lang='lat' dir='ltr'><strong>cum</strong></span> <span class='ocrx_word' id='word_1_47' title='bbox 1217 873 1391 956; x_wconf 89' lang='lat' dir='ltr'><strong>Xenophon·</strong></span> 
     </span>
     <span class='ocr_line' id='line_1_7' title="bbox 163 986 1391 1069; baseline -0.004 -20"><span class='ocrx_word' id='word_1_48' title='bbox 163 1005 191 1050; x_wconf 91' lang='lat' dir='ltr'><strong>tc</strong></span> <span class='ocrx_word' id='word_1_49' title='bbox 216 1002 310 1049; x_wconf 89' lang='lat' dir='ltr'><strong>essent</strong></span> <span class='ocrx_word' id='word_1_50' title='bbox 329 986 453 1066; x_wconf 84' lang='lat' dir='ltr'><strong>cognati.</strong></span> <span class='ocrx_word' id='word_1_51' title='bbox 485 986 745 1069; x_wconf 87' lang='lat' dir='ltr'><strong>Philosophabatur</strong></span> <span class='ocrx_word' id='word_1_52' title='bbox 765 986 834 1044; x_wconf 88' lang='lat' dir='ltr'><strong>item</strong></span> <span class='ocrx_word' id='word_1_53' title='bbox 854 987 998 1067; x_wconf 81' lang='lat' dir='ltr'><strong>eleganter</strong></span> <span class='ocrx_word' id='word_1_54' title='bbox 1017 1001 1045 1047; x_wconf 87' lang='lat' dir='ltr'><strong>ct</strong></span> <span class='ocrx_word' id='word_1_55' title='bbox 1059 1003 1121 1060; x_wconf 86' lang='lat' dir='ltr'><strong>tum</strong></span> <span class='ocrx_word' id='word_1_56' title='bbox 1140 991 1283 1063; x_wconf 87' lang='lat' dir='ltr'><strong>maxime,</strong></span> <span class='ocrx_word' id='word_1_57' title='bbox 1306 1005 1391 1066; x_wconf 90' lang='lat' dir='ltr'><strong>quum</strong></span> 
     </span>
     <span class='ocr_line' id='line_1_8' title="bbox 163 1100 1391 1186; baseline -0.005 -22"><span class='ocrx_word' id='word_1_58' title='bbox 163 1104 282 1164; x_wconf 89' lang='lat' dir='ltr'><strong>minime</strong></span> <span class='ocrx_word' id='word_1_59' title='bbox 309 1100 482 1175; x_wconf 83' lang='lat' dir='ltr'><strong>ridebatur,</strong></span> <span class='ocrx_word' id='word_1_60' title='bbox 508 1101 541 1160; x_wconf 91' lang='lat' dir='ltr'><strong>in</strong></span> <span class='ocrx_word' id='word_1_61' title='bbox 567 1101 721 1161; x_wconf 88' lang='lat' dir='ltr'><strong>scribendo</strong></span> <span class='ocrx_word' id='word_1_62' title='bbox 748 1121 777 1159; x_wconf 93' lang='lat' dir='ltr'><strong>v.</strong></span> <span class='ocrx_word' id='word_1_63' title='bbox 807 1121 832 1160; x_wconf 94' lang='lat' dir='ltr'><strong>c.</strong></span> <span class='ocrx_word' id='word_1_64' title='bbox 861 1101 1070 1162; x_wconf 88' lang='lat' dir='ltr'><strong>Hemsterbusii</strong></span> <span class='ocrx_word' id='word_1_65' title='bbox 1097 1105 1216 1186; x_wconf 79' lang='lat' dir='ltr'><strong>Elegio,</strong></span> <span class='ocrx_word' id='word_1_66' title='bbox 1246 1101 1334 1184; x_wconf 89' lang='lat' dir='ltr'><strong>plane</strong></span> <span class='ocrx_word' id='word_1_67' title='bbox 1362 1113 1391 1158; x_wconf 89' lang='lat' dir='ltr'><strong>ut</strong></span> 
     </span>
     <span class='ocr_line' id='line_1_9' title="bbox 163 1213 1391 1300; baseline -0.004 -23"><span class='ocrx_word' id='word_1_68' title='bbox 163 1217 328 1299; x_wconf 88' lang='lat' dir='ltr'><strong>Xenophon</strong></span> <span class='ocrx_word' id='word_1_69' title='bbox 357 1217 390 1274; x_wconf 91' lang='lat' dir='ltr'><strong>in</strong></span> <span class='ocrx_word' id='word_1_70' title='bbox 418 1215 571 1274; x_wconf 88' lang='lat' dir='ltr'><strong>scribenda</strong></span> <span class='ocrx_word' id='word_1_71' title='bbox 599 1214 787 1297; x_wconf 78' lang='lat' dir='ltr'><strong>Cynopaedia.</strong></span> <span class='ocrx_word' id='word_1_72' title='bbox 827 1214 885 1275; x_wconf 86' lang='lat' dir='ltr'><strong>Sed</strong></span> <span class='ocrx_word' id='word_1_73' title='bbox 911 1216 1131 1296; x_wconf 78' lang='lat' dir='ltr'><strong>Wyttenhachii</strong></span> <span class='ocrx_word' id='word_1_74' title='bbox 1161 1217 1332 1300; x_wconf 81' lang='lat' dir='ltr'><strong>ingenium,</strong></span> <span class='ocrx_word' id='word_1_75' title='bbox 1361 1213 1391 1272; x_wconf 92' lang='lat' dir='ltr'><strong>in</strong></span> 
     </span>
     <span class='ocr_line' id='line_1_10' title="bbox 162 1328 1390 1414; baseline -0.005 -22"><span class='ocrx_word' id='word_1_76' title='bbox 162 1333 226 1414; x_wconf 90' lang='lat' dir='ltr'><strong>pari</strong></span> <span class='ocrx_word' id='word_1_77' title='bbox 245 1330 293 1391; x_wconf 91' lang='lat' dir='ltr'><strong>vcl</strong></span> <span class='ocrx_word' id='word_1_78' title='bbox 305 1328 395 1390; x_wconf 90' lang='lat' dir='ltr'><strong>simili</strong></span> <span class='ocrx_word' id='word_1_79' title='bbox 408 1330 602 1411; x_wconf 80' lang='lat' dir='ltr'><strong>simplicitatis</strong></span> <span class='ocrx_word' id='word_1_80' title='bbox 620 1330 834 1409; x_wconf 86' lang='lat' dir='ltr'><strong>venustatisque</strong></span> <span class='ocrx_word' id='word_1_81' title='bbox 850 1329 964 1403; x_wconf 82' lang='lat' dir='ltr'><strong>studio,</strong></span> <span class='ocrx_word' id='word_1_82' title='bbox 982 1331 1176 1398; x_wconf 87' lang='lat' dir='ltr'><strong>contendebat</strong></span> <span class='ocrx_word' id='word_1_83' title='bbox 1192 1332 1290 1392; x_wconf 91' lang='lat' dir='ltr'><strong>altius.</strong></span> <span class='ocrx_word' id='word_1_84' title='bbox 1311 1331 1390 1388; x_wconf 84' lang='lat' dir='ltr'><strong>Ama·</strong></span> 
     </span>
     <span class='ocr_line' id='line_1_11' title="bbox 162 1436 1389 1526; baseline -0.007 -18"><span class='ocrx_word' id='word_1_85' title='bbox 162 1447 213 1508; x_wconf 90' lang='lat' dir='ltr'><strong>bat</strong></span> <span class='ocrx_word' id='word_1_86' title='bbox 235 1446 286 1506; x_wconf 93' lang='lat' dir='ltr'><strong>ille</strong></span> <span class='ocrx_word' id='word_1_87' title='bbox 310 1445 479 1505; x_wconf 86' lang='lat' dir='ltr'><strong>suavitatem</strong></span> <span class='ocrx_word' id='word_1_88' title='bbox 498 1444 737 1526; x_wconf 89' lang='lat' dir='ltr'><strong>Xenophontcam</strong></span> <span class='ocrx_word' id='word_1_89' title='bbox 747 1469 755 1520; x_wconf 92' lang='lat'>;</span> <span class='ocrx_word' id='word_1_90' title='bbox 774 1444 825 1504; x_wconf 90' lang='lat' dir='ltr'><strong>sed</strong></span> <span class='ocrx_word' id='word_1_91' title='bbox 842 1445 1012 1524; x_wconf 89' lang='lat' dir='ltr'><strong>sequebatur</strong></span> <span class='ocrx_word' id='word_1_92' title='bbox 1030 1444 1196 1508; x_wconf 88' lang='lat' dir='ltr'><strong>Platonem:</strong></span> <span class='ocrx_word' id='word_1_93' title='bbox 1223 1436 1288 1523; x_wconf 71' lang='grc' dir='ltr'><strong>μετ’</strong></span> <span class='ocrx_word' id='word_1_94' title='bbox 1314 1437 1389 1522; x_wconf 79' lang='grc' dir='ltr'><em>ἴχνια</em></span> 
     </span>
     <span class='ocr_line' id='line_1_12' title="bbox 162 1558 1388 1644; baseline -0.006 -21"><span class='ocrx_word' id='word_1_95' title='bbox 162 1565 243 1643; x_wconf 77' lang='grc' dir='ltr'><strong><em>βαῖνε</em></strong></span> <span class='ocrx_word' id='word_1_96' title='bbox 263 1560 364 1622; x_wconf 58' lang='grc' dir='ltr'><em>θεοῖο.</em></span> <span class='ocrx_word' id='word_1_97' title='bbox 401 1562 494 1635; x_wconf 85' lang='lat' dir='ltr'><strong>Quam</strong></span> <span class='ocrx_word' id='word_1_98' title='bbox 512 1560 641 1619; x_wconf 88' lang='lat' dir='ltr'><strong>nativam</strong></span> <span class='ocrx_word' id='word_1_99' title='bbox 660 1560 718 1620; x_wconf 87' lang='lat' dir='ltr'><strong>viri</strong></span> <span class='ocrx_word' id='word_1_100' title='bbox 737 1558 865 1619; x_wconf 89' lang='lat' dir='ltr'><strong>indolem</strong></span> <span class='ocrx_word' id='word_1_101' title='bbox 882 1580 980 1619; x_wconf 91' lang='lat' dir='ltr'><strong>omnes</strong></span> <span class='ocrx_word' id='word_1_102' title='bbox 999 1576 1177 1640; x_wconf 87' lang='lat' dir='ltr'><strong>agnoscunt,</strong></span> <span class='ocrx_word' id='word_1_103' title='bbox 1199 1562 1252 1644; x_wconf 89' lang='lat' dir='ltr'><strong>qui</strong></span> <span class='ocrx_word' id='word_1_104' title='bbox 1277 1574 1305 1622; x_wconf 92' lang='lat' dir='ltr'><strong>et</strong></span> <span class='ocrx_word' id='word_1_105' title='bbox 1325 1558 1388 1618; x_wconf 89' lang='lat' dir='ltr'><strong>scri·</strong></span> 
     </span>
     <span class='ocr_line' id='line_1_13' title="bbox 161 1647 1457 1765; baseline -0.008 -26"><span class='ocrx_word' id='word_1_106' title='bbox 161 1696 212 1765; x_wconf 89' lang='lat' dir='ltr'><strong>pta</strong></span> <span class='ocrx_word' id='word_1_107' title='bbox 227 1682 288 1760; x_wconf 87' lang='lat' dir='ltr'><strong>ejus</strong></span> <span class='ocrx_word' id='word_1_108' title='bbox 308 1659 408 1757; x_wconf 85' lang='lat' dir='ltr'><strong>legunt</strong></span> <span class='ocrx_word' id='word_1_109' title='bbox 426 1688 453 1734; x_wconf 89' lang='lat' dir='ltr'><strong>et</strong></span> <span class='ocrx_word' id='word_1_110' title='bbox 471 1676 564 1755; x_wconf 89' lang='lat' dir='ltr'><strong>ipsum</strong></span> <span class='ocrx_word' id='word_1_111' title='bbox 581 1673 768 1734; x_wconf 87' lang='lat' dir='ltr'><strong>audiverunt.</strong></span> <span class='ocrx_word' id='word_1_112' title='bbox 793 1673 913 1756; x_wconf 89' lang='lat' dir='ltr'><strong>Spirant</strong></span> <span class='ocrx_word' id='word_1_113' title='bbox 932 1673 985 1732; x_wconf 86' lang='lat' dir='ltr'><strong>illa</strong></span> <span class='ocrx_word' id='word_1_114' title='bbox 1004 1647 1187 1740; x_wconf 78' lang='lat' dir='ltr'><strong>Platonicum</strong></span> <span class='ocrx_word' id='word_1_115' title='bbox 1205 1672 1296 1763; x_wconf 87' lang='lat' dir='ltr'><strong>quid,</strong></span> <span class='ocrx_word' id='word_1_116' title='bbox 1317 1667 1390 1750; x_wconf 93' lang='lat' dir='ltr'><strong>quod</strong></span> <span class='ocrx_word' id='word_1_117' title='bbox 1456 1723 1457 1750; x_wconf 24' lang='grc' dir='ltr'>ἦ</span> 
     </span>
     <span class='ocr_line' id='line_1_14' title="bbox 165 1783 1457 1872; baseline -0.012 -15"><span class='ocrx_word' id='word_1_118' title='bbox 165 1818 226 1857; x_wconf 91' lang='lat' dir='ltr'><strong>non</strong></span> <span class='ocrx_word' id='word_1_119' title='bbox 245 1796 278 1854; x_wconf 89' lang='lat' dir='ltr'><strong>in</strong></span> <span class='ocrx_word' id='word_1_120' title='bbox 296 1790 393 1854; x_wconf 84' lang='lat' dir='ltr'><strong>verbis</strong></span> <span class='ocrx_word' id='word_1_121' title='bbox 406 1803 433 1849; x_wconf 92' lang='lat' dir='ltr'><strong>et</strong></span> <span class='ocrx_word' id='word_1_122' title='bbox 448 1788 626 1850; x_wconf 89' lang='lat' dir='ltr'><strong>dictionibus</strong></span> <span class='ocrx_word' id='word_1_123' title='bbox 645 1789 791 1863; x_wconf 88' lang='lat' dir='ltr'><strong>cernitur,</strong></span> <span class='ocrx_word' id='word_1_124' title='bbox 812 1809 904 1868; x_wconf 82' lang='lat' dir='ltr'><strong>neque</strong></span> <span class='ocrx_word' id='word_1_125' title='bbox 920 1789 953 1848; x_wconf 89' lang='lat' dir='ltr'><strong>in</strong></span> <span class='ocrx_word' id='word_1_126' title='bbox 967 1788 1161 1869; x_wconf 84' lang='lat' dir='ltr'><strong>imaginibus,</strong></span> <span class='ocrx_word' id='word_1_127' title='bbox 1181 1805 1209 1852; x_wconf 87' lang='lat' dir='ltr'><strong>et</strong></span> <span class='ocrx_word' id='word_1_128' title='bbox 1225 1783 1388 1869; x_wconf 86' lang='lat' dir='ltr'><strong>comparati·</strong></span> <span class='ocrx_word' id='word_1_129' title='bbox 1456 1833 1457 1872; x_wconf 26' lang='grc' dir='ltr'>ᾗ</span> 
     </span>
     <span class='ocr_line' id='line_1_15' title="bbox 164 1877 1457 1986; baseline -0.011 -14"><span class='ocrx_word' id='word_1_130' title='bbox 164 1910 285 1984; x_wconf 90' lang='lat' dir='ltr'><strong>onibus,</strong></span> <span class='ocrx_word' id='word_1_131' title='bbox 305 1928 397 1986; x_wconf 91' lang='lat' dir='ltr'><strong>neque</strong></span> <span class='ocrx_word' id='word_1_132' title='bbox 417 1906 502 1964; x_wconf 88' lang='lat' dir='ltr'><strong>etiam</strong></span> <span class='ocrx_word' id='word_1_133' title='bbox 512 1906 543 1965; x_wconf 89' lang='lat' dir='ltr'><strong>in</strong></span> <span class='ocrx_word' id='word_1_134' title='bbox 558 1906 648 1964; x_wconf 87' lang='lat' dir='ltr'><strong>forma</strong></span> <span class='ocrx_word' id='word_1_135' title='bbox 658 1903 785 1984; x_wconf 90' lang='lat' dir='ltr'><strong>dialogi,</strong></span> <span class='ocrx_word' id='word_1_136' title='bbox 802 1924 888 1983; x_wconf 91' lang='lat' dir='ltr'><strong>quam</strong></span> <span class='ocrx_word' id='word_1_137' title='bbox 898 1904 1049 1984; x_wconf 87' lang='lat' dir='ltr'><strong>usurpavit</strong></span> <span class='ocrx_word' id='word_1_138' title='bbox 1058 1904 1228 1986; x_wconf 88' lang='lat' dir='ltr'><strong>aliquoties:</strong></span> <span class='ocrx_word' id='word_1_139' title='bbox 1252 1899 1388 1962; x_wconf 87' lang='lat' dir='ltr'><strong>haecimi·</strong></span> <span class='ocrx_word' id='word_1_140' title='bbox 1456 1877 1457 1880; x_wconf 8' lang='grc' dir='ltr'><strong>Ἴ</strong></span> 
     </span>
     <span class='ocr_line' id='line_1_16' title="bbox 164 2017 1388 2103; baseline -0.012 -17"><span class='ocrx_word' id='word_1_141' title='bbox 164 2025 254 2086; x_wconf 88' lang='lat' dir='ltr'><strong>tando</strong></span> <span class='ocrx_word' id='word_1_142' title='bbox 274 2023 339 2103; x_wconf 88' lang='lat' dir='ltr'><strong>quis</strong></span> <span class='ocrx_word' id='word_1_143' title='bbox 356 2021 516 2099; x_wconf 88' lang='lat' dir='ltr'><strong>assequitur</strong></span> <span class='ocrx_word' id='word_1_144' title='bbox 524 2043 532 2094; x_wconf 84' lang='lat'>3</span> <span class='ocrx_word' id='word_1_145' title='bbox 548 2019 645 2079; x_wconf 90' lang='lat' dir='ltr'><strong>sedin</strong></span> <span class='ocrx_word' id='word_1_146' title='bbox 660 2032 718 2078; x_wconf 92' lang='lat' dir='ltr'><strong>toto</strong></span> <span class='ocrx_word' id='word_1_147' title='bbox 729 2017 866 2078; x_wconf 88' lang='lat' dir='ltr'><strong>orationis</strong></span> <span class='ocrx_word' id='word_1_148' title='bbox 874 2017 996 2092; x_wconf 89' lang='lat' dir='ltr'><strong>habitu,</strong></span> <span class='ocrx_word' id='word_1_149' title='bbox 1012 2019 1134 2097; x_wconf 88' lang='lat' dir='ltr'><strong>quitum</strong></span> <span class='ocrx_word' id='word_1_150' title='bbox 1145 2022 1271 2084; x_wconf 88' lang='lat' dir='ltr'><strong>maxime</strong></span> <span class='ocrx_word' id='word_1_151' title='bbox 1283 2017 1388 2078; x_wconf 81' lang='lat' dir='ltr'><strong>Cicero·</strong></span> 
     </span>
     <span class='ocr_line' id='line_1_17' title="bbox 165 2131 1457 2215; baseline -0.012 -15"><span class='ocrx_word' id='word_1_152' title='bbox 165 2161 231 2200; x_wconf 90' lang='lat' dir='ltr'><strong>nem</strong></span> <span class='ocrx_word' id='word_1_153' title='bbox 245 2139 348 2212; x_wconf 89' lang='lat' dir='ltr'><strong>refert,</strong></span> <span class='ocrx_word' id='word_1_154' title='bbox 362 2156 453 2215; x_wconf 91' lang='lat' dir='ltr'><strong>quum</strong></span> <span class='ocrx_word' id='word_1_155' title='bbox 467 2133 567 2193; x_wconf 84' lang='lat' dir='ltr'><strong>Cicero</strong></span> <span class='ocrx_word' id='word_1_156' title='bbox 583 2133 706 2192; x_wconf 84' lang='lat' dir='ltr'><strong>maxime</strong></span> <span class='ocrx_word' id='word_1_157' title='bbox 715 2132 863 2192; x_wconf 90' lang='lat' dir='ltr'><strong>Platonem</strong></span> <span class='ocrx_word' id='word_1_158' title='bbox 873 2133 1020 2212; x_wconf 85' lang='lat' dir='ltr'><strong>expressit.</strong></span> <span class='ocrx_word' id='word_1_159' title='bbox 1042 2134 1100 2194; x_wconf 88' lang='lat' dir='ltr'><strong>Nec</strong></span> <span class='ocrx_word' id='word_1_160' title='bbox 1111 2157 1179 2197; x_wconf 90' lang='lat' dir='ltr'><strong>vero</strong></span> <span class='ocrx_word' id='word_1_161' title='bbox 1191 2131 1298 2196; x_wconf 87' lang='lat' dir='ltr'><strong>sedata</strong></span> <span class='ocrx_word' id='word_1_162' title='bbox 1309 2145 1388 2209; x_wconf 82' lang='lat' dir='ltr'><strong>opera</strong></span> <span class='ocrx_word' id='word_1_163' title='bbox 1456 2149 1457 2166; x_wconf 55' lang='lat'><strong>.</strong></span> 
     </span>
     <span class='ocr_line' id='line_1_18' title="bbox 163 2243 1389 2327; baseline -0.015 -11"><span class='ocrx_word' id='word_1_164' title='bbox 163 2255 353 2316; x_wconf 87' lang='lat' dir='ltr'><strong>conformasse</strong></span> <span class='ocrx_word' id='word_1_165' title='bbox 368 2249 486 2312; x_wconf 89' lang='lat' dir='ltr'><strong>videtur</strong></span> <span class='ocrx_word' id='word_1_166' title='bbox 506 2248 545 2308; x_wconf 90' lang='lat' dir='ltr'><strong>ad</strong></span> <span class='ocrx_word' id='word_1_167' title='bbox 559 2247 685 2308; x_wconf 89' lang='lat' dir='ltr'><strong>Platonis</strong></span> <span class='ocrx_word' id='word_1_168' title='bbox 699 2246 873 2327; x_wconf 82' lang='lat' dir='ltr'><strong>exemplum.</strong></span> <span class='ocrx_word' id='word_1_169' title='bbox 900 2246 973 2304; x_wconf 87' lang='lat' dir='ltr'><strong>Nam</strong></span> <span class='ocrx_word' id='word_1_170' title='bbox 986 2260 1126 2327; x_wconf 90' lang='lat' dir='ltr'><strong>quotquot</strong></span> <span class='ocrx_word' id='word_1_171' title='bbox 1140 2250 1244 2314; x_wconf 87' lang='lat' dir='ltr'><strong>audivi</strong></span> <span class='ocrx_word' id='word_1_172' title='bbox 1263 2243 1389 2306; x_wconf 90' lang='lat' dir='ltr'><strong>homines</strong></span> 
     </span>
     <span class='ocr_line' id='line_1_19' title="bbox 165 2359 1387 2450; baseline -0.011 -21"><span class='ocrx_word' id='word_1_173' title='bbox 165 2369 201 2429; x_wconf 89' lang='lat' dir='ltr'><strong>de</strong></span> <span class='ocrx_word' id='word_1_174' title='bbox 212 2363 434 2448; x_wconf 75' lang='lat' dir='ltr'><strong>Wyttenbachii</strong></span> <span class='ocrx_word' id='word_1_175' title='bbox 445 2361 742 2443; x_wconf 66' lang='lat' dir='ltr'><strong>scriptisjudicantes:</strong></span> <span class='ocrx_word' id='word_1_176' title='bbox 758 2381 790 2419; x_wconf 88' lang='lat' dir='ltr'><strong>ac</strong></span> <span class='ocrx_word' id='word_1_177' title='bbox 809 2359 914 2420; x_wconf 90' lang='lat' dir='ltr'><strong>multos</strong></span> <span class='ocrx_word' id='word_1_178' title='bbox 931 2361 1153 2434; x_wconf 87' lang='lat' dir='ltr'><strong>audivi,·aetate</strong></span> <span class='ocrx_word' id='word_1_179' title='bbox 1161 2412 1170 2440; x_wconf 91' lang='lat'><strong>,</strong></span> <span class='ocrx_word' id='word_1_180' title='bbox 1186 2362 1319 2450; x_wconf 86' lang='lat' dir='ltr'><strong>ingenio,</strong></span> <span class='ocrx_word' id='word_1_181' title='bbox 1334 2368 1387 2415; x_wconf 85' lang='lat' dir='ltr'><strong>stu·</strong></span> 
     </span>
     <span class='ocr_line' id='line_1_20' title="bbox 164 2457 1387 2560; baseline -0.012 -15"><span class='ocrx_word' id='word_1_182' title='bbox 164 2484 222 2545; x_wconf 83' lang='lat' dir='ltr'><strong>diis</strong></span> <span class='ocrx_word' id='word_1_183' title='bbox 241 2457 468 2543; x_wconf 88' lang='lat' dir='ltr'><strong>dissimillimos:</strong></span> <span class='ocrx_word' id='word_1_184' title='bbox 495 2475 548 2536; x_wconf 92' lang='lat' dir='ltr'><strong>hac</strong></span> <span class='ocrx_word' id='word_1_185' title='bbox 563 2475 596 2534; x_wconf 92' lang='lat' dir='ltr'><strong>in</strong></span> <span class='ocrx_word' id='word_1_186' title='bbox 610 2476 782 2535; x_wconf 80' lang='lat' dir='ltr'><strong>re&#39;maxime</strong></span> <span class='ocrx_word' id='word_1_187' title='bbox 798 2476 960 2559; x_wconf 77' lang='lat' dir='ltr'><strong>consentire</strong></span> <span class='ocrx_word' id='word_1_188' title='bbox 980 2476 1128 2538; x_wconf 88' lang='lat' dir='ltr'><strong>universos</strong></span> <span class='ocrx_word' id='word_1_189' title='bbox 1147 2479 1231 2554; x_wconf 87' lang='lat' dir='ltr'><strong>vidi,</strong></span> <span class='ocrx_word' id='word_1_190' title='bbox 1252 2475 1387 2560; x_wconf 79' lang='lat' dir='ltr'><strong>Wytteu-</strong></span> 
     </span>
     <span class='ocr_line' id='line_1_21' title="bbox 163 2585 1386 2671; baseline -0.013 -12"><span class='ocrx_word' id='word_1_191' title='bbox 163 2599 261 2659; x_wconf 88' lang='lat' dir='ltr'><strong>bachii</strong></span> <span class='ocrx_word' id='word_1_192' title='bbox 282 2597 439 2658; x_wconf 89' lang='lat' dir='ltr'><strong>orationem</strong></span> <span class='ocrx_word' id='word_1_193' title='bbox 462 2614 522 2653; x_wconf 91' lang='lat' dir='ltr'><strong>non</strong></span> <span class='ocrx_word' id='word_1_194' title='bbox 545 2611 602 2650; x_wconf 89' lang='lat' dir='ltr'><strong>esse</strong></span> <span class='ocrx_word' id='word_1_195' title='bbox 623 2591 859 2664; x_wconf 86' lang='lat' dir='ltr'><strong>Ciceronianam,</strong></span> <span class='ocrx_word' id='word_1_196' title='bbox 880 2589 928 2650; x_wconf 92' lang='lat' dir='ltr'><strong>vel</strong></span> <span class='ocrx_word' id='word_1_197' title='bbox 947 2589 1156 2671; x_wconf 87' lang='lat' dir='ltr'><strong>Nepotianam‚</strong></span> <span class='ocrx_word' id='word_1_198' title='bbox 1179 2591 1246 2666; x_wconf 76' lang='lat' dir='ltr'><strong>vel,</strong></span> <span class='ocrx_word' id='word_1_199' title='bbox 1262 2591 1286 2650; x_wconf 91' lang='lat' dir='ltr'><strong>si</strong></span> <span class='ocrx_word' id='word_1_200' title='bbox 1306 2585 1386 2656; x_wconf 87' lang='lat' dir='ltr'><strong>velis,</strong></span> 
     </span>
     <span class='ocr_line' id='line_1_22' title="bbox 163 2699 1386 2786; baseline -0.016 -12"><span class='ocrx_word' id='word_1_201' title='bbox 163 2711 355 2784; x_wconf 88' lang='lat' dir='ltr'><strong>Platonicam,</strong></span> <span class='ocrx_word' id='word_1_202' title='bbox 371 2707 422 2768; x_wconf 90' lang='lat' dir='ltr'><strong>sed</strong></span> <span class='ocrx_word' id='word_1_203' title='bbox 435 2703 744 2786; x_wconf 82' lang='lat' dir='ltr'><strong>Wyttenbacbianam,</strong></span> <span class='ocrx_word' id='word_1_204' title='bbox 758 2704 778 2764; x_wconf 94' lang='lat' dir='ltr'><strong>i.</strong></span> <span class='ocrx_word' id='word_1_205' title='bbox 798 2725 822 2764; x_wconf 92' lang='lat' dir='ltr'><strong>e.</strong></span> <span class='ocrx_word' id='word_1_206' title='bbox 844 2705 937 2786; x_wconf 90' lang='lat' dir='ltr'><strong>ipsum</strong></span> <span class='ocrx_word' id='word_1_207' title='bbox 958 2705 1063 2764; x_wconf 86' lang='lat' dir='ltr'><strong>referre</strong></span> <span class='ocrx_word' id='word_1_208' title='bbox 1083 2721 1247 2786; x_wconf 74' lang='lat' dir='ltr'><strong>auctorem,</strong></span> <span class='ocrx_word' id='word_1_209' title='bbox 1268 2716 1299 2762; x_wconf 90' lang='lat' dir='ltr'><strong>ut</strong></span> <span class='ocrx_word' id='word_1_210' title='bbox 1313 2699 1386 2759; x_wconf 89' lang='lat' dir='ltr'><strong>hunc</strong></span> 
     </span>
     <span class='ocr_line' id='line_1_23' title="bbox 164 2812 1386 2903; baseline -0.013 -15"><span class='ocrx_word' id='word_1_211' title='bbox 164 2847 200 2888; x_wconf 86' lang='lat' dir='ltr'><strong>ex</strong></span> <span class='ocrx_word' id='word_1_212' title='bbox 218 2825 356 2898; x_wconf 89' lang='lat' dir='ltr'><strong>dicendi,</strong></span> <span class='ocrx_word' id='word_1_213' title='bbox 376 2819 541 2894; x_wconf 89' lang='lat' dir='ltr'><strong>sentiendi,</strong></span> <span class='ocrx_word' id='word_1_214' title='bbox 552 2818 708 2897; x_wconf 84' lang='lat' dir='ltr'><strong>judicandi</strong></span> <span class='ocrx_word' id='word_1_215' title='bbox 727 2820 837 2879; x_wconf 91' lang='lat' dir='ltr'><strong>ratione</strong></span> <span class='ocrx_word' id='word_1_216' title='bbox 858 2820 898 2878; x_wconf 90' lang='lat' dir='ltr'><strong>sic</strong></span> <span class='ocrx_word' id='word_1_217' title='bbox 914 2839 1119 2898; x_wconf 81' lang='lat' dir='ltr'><strong>agnoscamus,</strong></span> <span class='ocrx_word' id='word_1_218' title='bbox 1133 2821 1232 2903; x_wconf 89' lang='lat' dir='ltr'><strong>prouti</strong></span> <span class='ocrx_word' id='word_1_219' title='bbox 1252 2837 1288 2880; x_wconf 85' lang='lat' dir='ltr'><strong>ex</strong></span> <span class='ocrx_word' id='word_1_220' title='bbox 1307 2812 1386 2878; x_wconf 89' lang='lat' dir='ltr'><strong>vultu</strong></span> 
     </span>
     <span class='ocr_line' id='line_1_24' title="bbox 163 2921 1387 3014; baseline -0.016 -10"><span class='ocrx_word' id='word_1_221' title='bbox 163 2957 192 3004; x_wconf 89' lang='lat' dir='ltr'><strong>et</strong></span> <span class='ocrx_word' id='word_1_222' title='bbox 210 2938 392 3002; x_wconf 89' lang='lat' dir='ltr'><strong>lineamentis</strong></span> <span class='ocrx_word' id='word_1_223' title='bbox 412 2935 525 2996; x_wconf 89' lang='lat' dir='ltr'><strong>amicos.</strong></span> <span class='ocrx_word' id='word_1_224' title='bbox 556 2933 663 3014; x_wconf 89' lang='lat' dir='ltr'><strong>Nempe</strong></span> <span class='ocrx_word' id='word_1_225' title='bbox 687 2955 747 2993; x_wconf 89' lang='lat' dir='ltr'><strong>non</strong></span> <span class='ocrx_word' id='word_1_226' title='bbox 773 2933 900 2994; x_wconf 88' lang='lat' dir='ltr'><strong>alienum</strong></span> <span class='ocrx_word' id='word_1_227' title='bbox 919 2947 979 2992; x_wconf 90' lang='lat' dir='ltr'><strong>erat</strong></span> <span class='ocrx_word' id='word_1_228' title='bbox 997 2933 1178 2998; x_wconf 83' lang='lat' dir='ltr'><strong>Platonicum</strong></span> <span class='ocrx_word' id='word_1_229' title='bbox 1197 2933 1293 3008; x_wconf 87' lang='lat' dir='ltr'><strong>illud,</strong></span> <span class='ocrx_word' id='word_1_230' title='bbox 1314 2921 1387 3010; x_wconf 88' lang='lat' dir='ltr'><strong>quod</strong></span> 
     </span>
     <span class='ocr_line' id='line_1_25' title="bbox 162 3043 1386 3132; baseline -0.011 -14"><span class='ocrx_word' id='word_1_231' title='bbox 162 3057 260 3118; x_wconf 89' lang='lat' dir='ltr'><strong>studio</strong></span> <span class='ocrx_word' id='word_1_232' title='bbox 285 3052 469 3126; x_wconf 78' lang='lat' dir='ltr'><strong>adscivisset,</strong></span> <span class='ocrx_word' id='word_1_233' title='bbox 490 3048 619 3122; x_wconf 78' lang='lat' dir='ltr'><strong>sederat</strong></span> <span class='ocrx_word' id='word_1_234' title='bbox 638 3048 693 3129; x_wconf 89' lang='lat' dir='ltr'><strong>ipsi</strong></span> <span class='ocrx_word' id='word_1_235' title='bbox 713 3046 816 3108; x_wconf 72' lang='lat' dir='ltr'><strong>naturl</strong></span> <span class='ocrx_word' id='word_1_236' title='bbox 835 3048 992 3130; x_wconf 89' lang='lat' dir='ltr'><strong>proprium.</strong></span> <span class='ocrx_word' id='word_1_237' title='bbox 1029 3048 1114 3123; x_wconf 87' lang='lat' dir='ltr'><strong>Quod</strong></span> <span class='ocrx_word' id='word_1_238' title='bbox 1132 3051 1250 3132; x_wconf 88' lang='lat' dir='ltr'><strong>patebat</strong></span> <span class='ocrx_word' id='word_1_239' title='bbox 1268 3043 1386 3106; x_wconf 74' lang='lat' dir='ltr'><strong>maxime</strong></span> 
     </span>
     <span class='ocr_line' id='line_1_26' title="bbox 163 3161 1385 3242; baseline -0.013 -10"><span class='ocrx_word' id='word_1_240' title='bbox 163 3175 196 3232; x_wconf 88' lang='lat' dir='ltr'><strong>in</strong></span> <span class='ocrx_word' id='word_1_241' title='bbox 215 3174 292 3235; x_wconf 89' lang='lat' dir='ltr'><strong>vitae</strong></span> <span class='ocrx_word' id='word_1_242' title='bbox 311 3164 538 3238; x_wconf 88' lang='lat' dir='ltr'><strong>consuetudine,</strong></span> <span class='ocrx_word' id='word_1_243' title='bbox 559 3164 592 3223; x_wconf 91' lang='lat' dir='ltr'><strong>in</strong></span> <span class='ocrx_word' id='word_1_244' title='bbox 611 3164 767 3224; x_wconf 85' lang='lat' dir='ltr'><strong>amicorum</strong></span> <span class='ocrx_word' id='word_1_245' title='bbox 785 3162 1000 3242; x_wconf 86' lang='lat' dir='ltr'><strong>congressibus,</strong></span> <span class='ocrx_word' id='word_1_246' title='bbox 1019 3163 1051 3222; x_wconf 89' lang='lat' dir='ltr'><strong>in</strong></span> <span class='ocrx_word' id='word_1_247' title='bbox 1067 3161 1317 3234; x_wconf 88' lang='lat' dir='ltr'><strong>rusticationibus,</strong></span> <span class='ocrx_word' id='word_1_248' title='bbox 1332 3173 1385 3216; x_wconf 85' lang='lat' dir='ltr'><strong>am·</strong></span> 
     </span>
     <span class='ocr_line' id='line_1_27' title="bbox 164 3251 1455 3359; baseline -0.018 -12"><span class='ocrx_word' id='word_1_249' title='bbox 164 3283 383 3356; x_wconf 88' lang='lat' dir='ltr'><strong>bulationibus,</strong></span> <span class='ocrx_word' id='word_1_250' title='bbox 408 3278 564 3359; x_wconf 91' lang='lat' dir='ltr'><strong>inquibus</strong></span> <span class='ocrx_word' id='word_1_251' title='bbox 584 3275 726 3358; x_wconf 91' lang='lat' dir='ltr'><strong>deponere</strong></span> <span class='ocrx_word' id='word_1_252' title='bbox 754 3275 846 3336; x_wconf 88' lang='lat' dir='ltr'><strong>solent</strong></span> <span class='ocrx_word' id='word_1_253' title='bbox 868 3251 1016 3350; x_wconf 78' lang='lat' dir='ltr'><strong>homines,</strong></span> <span class='ocrx_word' id='word_1_254' title='bbox 1041 3279 1156 3359; x_wconf 90' lang='lat' dir='ltr'><strong>siquid</strong></span> <span class='ocrx_word' id='word_1_255' title='bbox 1175 3270 1386 3344; x_wconf 86' lang='lat' dir='ltr'><strong>babeantalie-</strong></span> <span class='ocrx_word' id='word_1_256' title='bbox 1454 3269 1455 3288; x_wconf 67' lang='lat'>¹</span> 
     </span>
     <span class='ocr_line' id='line_1_28' title="bbox 164 3389 1386 3479; baseline -0.011 -15"><span class='ocrx_word' id='word_1_257' title='bbox 164 3422 254 3476; x_wconf 88' lang='lat' dir='ltr'><strong>num,</strong></span> <span class='ocrx_word' id='word_1_258' title='bbox 274 3397 454 3479; x_wconf 90' lang='lat' dir='ltr'><strong>quaesitum,</strong></span> <span class='ocrx_word' id='word_1_259' title='bbox 475 3395 655 3466; x_wconf 86' lang='lat' dir='ltr'><strong>affectatum,</strong></span> <span class='ocrx_word' id='word_1_260' title='bbox 681 3406 726 3466; x_wconf 91' lang='lat' dir='ltr'><strong>et,</strong></span> <span class='ocrx_word' id='word_1_261' title='bbox 747 3391 771 3449; x_wconf 90' lang='lat' dir='ltr'><strong>si</strong></span> <span class='ocrx_word' id='word_1_262' title='bbox 795 3390 926 3470; x_wconf 92' lang='lat' dir='ltr'><strong>quando,</strong></span> <span class='ocrx_word' id='word_1_263' title='bbox 944 3389 1089 3472; x_wconf 80' lang='lat' dir='ltr'><strong>prodeunt</strong></span> <span class='ocrx_word' id='word_1_264' title='bbox 1112 3407 1144 3454; x_wconf 90' lang='lat' dir='ltr'><strong>ut</strong></span> <span class='ocrx_word' id='word_1_265' title='bbox 1167 3408 1254 3466; x_wconf 88' lang='lat' dir='ltr'><strong>sunt,</strong></span> <span class='ocrx_word' id='word_1_266' title='bbox 1275 3410 1333 3451; x_wconf 85' lang='lat' dir='ltr'><strong>non</strong></span> <span class='ocrx_word' id='word_1_267' title='bbox 1357 3393 1386 3440; x_wconf 73' lang='grc' dir='ltr'><strong>ῑῑῑ</strong></span> 
     </span>
     <span class='ocr_line' id='line_1_29' title="bbox 164 3504 1384 3585; baseline -0.017 -7"><span class='ocrx_word' id='word_1_268' title='bbox 164 3515 259 3580; x_wconf 89' lang='lat' dir='ltr'><strong>videri</strong></span> <span class='ocrx_word' id='word_1_269' title='bbox 281 3513 394 3574; x_wconf 85' lang='lat' dir='ltr'><strong>volunt.</strong></span> <span class='ocrx_word' id='word_1_270' title='bbox 433 3511 468 3569; x_wconf 92' lang='lat' dir='ltr'><strong>ln</strong></span> <span class='ocrx_word' id='word_1_271' title='bbox 487 3509 532 3568; x_wconf 93' lang='lat' dir='ltr'><strong>his</strong></span> <span class='ocrx_word' id='word_1_272' title='bbox 561 3527 626 3565; x_wconf 89' lang='lat' dir='ltr'><strong>eum</strong></span> <span class='ocrx_word' id='word_1_273' title='bbox 650 3504 771 3585; x_wconf 87' lang='lat' dir='ltr'><strong>cognovi</strong></span> <span class='ocrx_word' id='word_1_274' title='bbox 789 3504 934 3564; x_wconf 91' lang='lat' dir='ltr'><strong>bominem</strong></span> <span class='ocrx_word' id='word_1_275' title='bbox 948 3505 1131 3584; x_wconf 86' lang='lat' dir='ltr'><strong>jucundum,</strong></span> <span class='ocrx_word' id='word_1_276' title='bbox 1153 3510 1296 3578; x_wconf 85' lang='lat' dir='ltr'><strong>facetum,</strong></span> <span class='ocrx_word' id='word_1_277' title='bbox 1323 3518 1384 3562; x_wconf 88' lang='lat' dir='ltr'><strong>acu·</strong></span> 
     </span>
     <span class='ocr_line' id='line_1_30' title="bbox 163 3613 1384 3706; baseline -0.015 -18"><span class='ocrx_word' id='word_1_278' title='bbox 163 3647 243 3706; x_wconf 86' lang='lat' dir='ltr'><strong>turn,</strong></span> <span class='ocrx_word' id='word_1_279' title='bbox 273 3627 443 3688; x_wconf 86' lang='lat' dir='ltr'><strong>referentem</strong></span> <span class='ocrx_word' id='word_1_280' title='bbox 471 3623 556 3683; x_wconf 92' lang='lat' dir='ltr'><strong>nobis</strong></span> <span class='ocrx_word' id='word_1_281' title='bbox 584 3619 670 3702; x_wconf 89' lang='lat' dir='ltr'><strong>plane</strong></span> <span class='ocrx_word' id='word_1_282' title='bbox 695 3619 818 3678; x_wconf 80' lang='lat' dir='ltr'><strong>Atticam</strong></span> <span class='ocrx_word' id='word_1_283' title='bbox 848 3619 1055 3694; x_wconf 89' lang='lat' dir='ltr'><strong>urbanitatem,</strong></span> <span class='ocrx_word' id='word_1_284' title='bbox 1083 3623 1134 3683; x_wconf 92' lang='lat' dir='ltr'><strong>sed</strong></span> <span class='ocrx_word' id='word_1_285' title='bbox 1162 3613 1332 3684; x_wconf 82' lang='lat' dir='ltr'><strong>acerrimum</strong></span> <span class='ocrx_word' id='word_1_286' title='bbox 1355 3615 1384 3672; x_wconf 90' lang='lat' dir='ltr'><strong>in</strong></span> 
     </span>
    </p>
   </div>
   <div class='ocr_carea' id='block_1_3' title="bbox 163 3732 1383 3827">
    <p class='ocr_par' dir='ltr' id='par_1_3' title="bbox 163 3721 1454 3827">
     <span class='ocr_line' id='line_1_31' title="bbox 163 3732 1383 3827; baseline -0.019 -20"><span class='ocrx_word' id='word_1_287' title='bbox 163 3742 344 3827; x_wconf 81' lang='lat' dir='ltr'><strong>explorando</strong></span> <span class='ocrx_word' id='word_1_288' title='bbox 364 3761 432 3802; x_wconf 91' lang='lat' dir='ltr'><strong>vero</strong></span> <span class='ocrx_word' id='word_1_289' title='bbox 451 3752 479 3798; x_wconf 91' lang='lat' dir='ltr'><strong>et</strong></span> <span class='ocrx_word' id='word_1_290' title='bbox 493 3740 590 3816; x_wconf 89' lang='lat' dir='ltr'><strong>justo,</strong></span> <span class='ocrx_word' id='word_1_291' title='bbox 609 3733 660 3793; x_wconf 89' lang='lat' dir='ltr'><strong>scd</strong></span> <span class='ocrx_word' id='word_1_292' title='bbox 677 3733 797 3816; x_wconf 88' lang='lat' dir='ltr'><strong>plenum</strong></span> <span class='ocrx_word' id='word_1_293' title='bbox 815 3754 950 3795; x_wconf 90' lang='lat' dir='ltr'><strong>sensuum</strong></span> <span class='ocrx_word' id='word_1_294' title='bbox 965 3733 1157 3814; x_wconf 85' lang='lat' dir='ltr'><strong>sublimium,</strong></span> <span class='ocrx_word' id='word_1_295' title='bbox 1177 3755 1205 3800; x_wconf 81' lang='lat' dir='ltr'><strong>et</strong></span> <span class='ocrx_word' id='word_1_296' title='bbox 1224 3737 1270 3797; x_wconf 77' lang='lat' dir='ltr'><strong>his</strong></span> <span class='ocrx_word' id='word_1_297' title='bbox 1286 3732 1383 3794; x_wconf 87' lang='lat' dir='ltr'><strong>luben·</strong></span> 
     </span>
    </p>
   </div>
   <div class='ocr_carea' id='block_1_4' title="bbox 163 3848 1383 4397">
    <p class='ocr_par' dir='ltr' id='par_1_4' title="bbox 163 3848 1383 4397">
     <span class='ocr_line' id='line_1_32' title="bbox 163 3848 1382 3932; baseline -0.017 -11"><span class='ocrx_word' id='word_1_298' title='bbox 163 3875 207 3921; x_wconf 89' lang='lat' dir='ltr'><strong>ter</strong></span> <span class='ocrx_word' id='word_1_299' title='bbox 225 3858 356 3920; x_wconf 89' lang='lat' dir='ltr'><strong>sensibus</strong></span> <span class='ocrx_word' id='word_1_300' title='bbox 374 3851 574 3932; x_wconf 84' lang='lat' dir='ltr'><strong>indulgentem</strong></span> <span class='ocrx_word' id='word_1_301' title='bbox 593 3863 621 3908; x_wconf 90' lang='lat' dir='ltr'><strong>et</strong></span> <span class='ocrx_word' id='word_1_302' title='bbox 637 3848 857 3928; x_wconf 75' lang='lat' dir='ltr'><strong>obsequentem,</strong></span> <span class='ocrx_word' id='word_1_303' title='bbox 869 3849 941 3928; x_wconf 90' lang='lat' dir='ltr'><strong>quid</strong></span> <span class='ocrx_word' id='word_1_304' title='bbox 954 3851 1091 3928; x_wconf 78' lang='lat' dir='ltr'><strong>quaeris?</strong></span> <span class='ocrx_word' id='word_1_305' title='bbox 1112 3851 1290 3914; x_wconf 90' lang='lat' dir='ltr'><strong>Platonicum</strong></span> <span class='ocrx_word' id='word_1_306' title='bbox 1308 3861 1382 3930; x_wconf 88' lang='lat' dir='ltr'><strong>pror·</strong></span> 
     </span>
     <span class='ocr_line' id='line_1_33' title="bbox 163 3955 1383 4046; baseline -0.018 -12"><span class='ocrx_word' id='word_1_307' title='bbox 163 3996 221 4034; x_wconf 88' lang='lat' dir='ltr'><strong>sus.</strong></span> <span class='ocrx_word' id='word_1_308' title='bbox 252 3973 345 4046; x_wconf 89' lang='lat' dir='ltr'><strong>Quam</strong></span> <span class='ocrx_word' id='word_1_309' title='bbox 363 3968 479 4028; x_wconf 88' lang='lat' dir='ltr'><strong>insitam</strong></span> <span class='ocrx_word' id='word_1_310' title='bbox 494 3964 623 4025; x_wconf 91' lang='lat' dir='ltr'><strong>indolem</strong></span> <span class='ocrx_word' id='word_1_311' title='bbox 637 3977 760 4036; x_wconf 86' lang='lat' dir='ltr'><strong>mature,</strong></span> <span class='ocrx_word' id='word_1_312' title='bbox 775 3985 791 4022; x_wconf 87' lang='lat' dir='ltr'><strong>a</strong></span> <span class='ocrx_word' id='word_1_313' title='bbox 809 3983 897 4044; x_wconf 88' lang='lat' dir='ltr'><strong>puero</strong></span> <span class='ocrx_word' id='word_1_314' title='bbox 912 3964 996 4040; x_wconf 87' lang='lat' dir='ltr'><strong>inde,</strong></span> <span class='ocrx_word' id='word_1_315' title='bbox 1011 3963 1139 4046; x_wconf 89' lang='lat' dir='ltr'><strong>legendo</strong></span> <span class='ocrx_word' id='word_1_316' title='bbox 1155 3967 1272 4028; x_wconf 83' lang='lat' dir='ltr'><strong>Platone</strong></span> <span class='ocrx_word' id='word_1_317' title='bbox 1286 3955 1383 4021; x_wconf 90' lang='lat' dir='ltr'><strong>clicuit</strong></span> 
     </span>
     <span class='ocr_line' id='line_1_34' title="bbox 163 4069 1381 4172; baseline -0.016 -22"><span class='ocrx_word' id='word_1_318' title='bbox 163 4092 227 4172; x_wconf 89' lang='lat' dir='ltr'><strong>ipse</strong></span> <span class='ocrx_word' id='word_1_319' title='bbox 247 4101 275 4147; x_wconf 92' lang='lat' dir='ltr'><strong>et</strong></span> <span class='ocrx_word' id='word_1_320' title='bbox 294 4082 430 4146; x_wconf 86' lang='lat' dir='ltr'><strong>excoluit.</strong></span> <span class='ocrx_word' id='word_1_321' title='bbox 470 4080 592 4159; x_wconf 86' lang='lat' dir='ltr'><strong>Legisti,</strong></span> <span class='ocrx_word' id='word_1_322' title='bbox 612 4080 768 4154; x_wconf 88' lang='lat' dir='ltr'><strong>Creuzere,</strong></span> <span class='ocrx_word' id='word_1_323' title='bbox 797 4077 945 4158; x_wconf 88' lang='lat' dir='ltr'><strong>epistolam</strong></span> <span class='ocrx_word' id='word_1_324' title='bbox 965 4077 1065 4154; x_wconf 89' lang='lat' dir='ltr'><strong>illam,</strong></span> <span class='ocrx_word' id='word_1_325' title='bbox 1095 4102 1180 4160; x_wconf 90' lang='lat' dir='ltr'><strong>quam</strong></span> <span class='ocrx_word' id='word_1_326' title='bbox 1199 4079 1237 4140; x_wconf 91' lang='lat' dir='ltr'><strong>ad</strong></span> <span class='ocrx_word' id='word_1_327' title='bbox 1255 4098 1299 4138; x_wconf 90' lang='lat' dir='ltr'><strong>me</strong></span> <span class='ocrx_word' id='word_1_328' title='bbox 1316 4069 1381 4134; x_wconf 89' lang='lat' dir='ltr'><strong>scri·</strong></span> 
     </span>
     <span class='ocr_line' id='line_1_35' title="bbox 163 4184 1381 4286; baseline -0.018 -22"><span class='ocrx_word' id='word_1_329' title='bbox 163 4206 238 4286; x_wconf 83' lang='lat' dir='ltr'><strong>psit,</strong></span> <span class='ocrx_word' id='word_1_330' title='bbox 258 4223 314 4280; x_wconf 91' lang='lat' dir='ltr'><strong>qua</strong></span> <span class='ocrx_word' id='word_1_331' title='bbox 334 4217 431 4258; x_wconf 88' lang='lat' dir='ltr'><strong>omnes</strong></span> <span class='ocrx_word' id='word_1_332' title='bbox 451 4193 553 4254; x_wconf 87' lang='lat' dir='ltr'><strong>dicunt</strong></span> <span class='ocrx_word' id='word_1_333' title='bbox 571 4194 616 4254; x_wconf 91' lang='lat' dir='ltr'><strong>nil</strong></span> <span class='ocrx_word' id='word_1_334' title='bbox 635 4213 663 4252; x_wconf 89' lang='lat' dir='ltr'><strong>se</strong></span> <span class='ocrx_word' id='word_1_335' title='bbox 679 4190 786 4253; x_wconf 87' lang='lat' dir='ltr'><strong>vidisse</strong></span> <span class='ocrx_word' id='word_1_336' title='bbox 805 4191 980 4273; x_wconf 90' lang='lat' dir='ltr'><strong>elegantius:</strong></span> <span class='ocrx_word' id='word_1_337' title='bbox 1002 4214 1051 4274; x_wconf 90' lang='lat' dir='ltr'><strong>ego</strong></span> <span class='ocrx_word' id='word_1_338' title='bbox 1072 4195 1180 4272; x_wconf 85' lang='lat' dir='ltr'><strong>fateor,</strong></span> <span class='ocrx_word' id='word_1_339' title='bbox 1201 4192 1246 4254; x_wconf 91' lang='lat' dir='ltr'><strong>nil</strong></span> <span class='ocrx_word' id='word_1_340' title='bbox 1264 4189 1334 4250; x_wconf 89' lang='lat' dir='ltr'><strong>mibi</strong></span> <span class='ocrx_word' id='word_1_341' title='bbox 1351 4184 1381 4242; x_wconf 92' lang='lat' dir='ltr'><strong>in</strong></span> 
     </span>
     <span class='ocr_line' id='line_1_36' title="bbox 164 4297 1381 4397; baseline -0.016 -17"><span class='ocrx_word' id='word_1_342' title='bbox 164 4320 224 4382; x_wconf 88' lang='lat' dir='ltr'><strong>vita</strong></span> <span class='ocrx_word' id='word_1_343' title='bbox 252 4315 359 4397; x_wconf 89' lang='lat' dir='ltr'><strong>gratius</strong></span> <span class='ocrx_word' id='word_1_344' title='bbox 378 4308 593 4389; x_wconf 86' lang='lat' dir='ltr'><strong>jucundiusque</strong></span> <span class='ocrx_word' id='word_1_345' title='bbox 613 4305 759 4366; x_wconf 89' lang='lat' dir='ltr'><strong>accidisse.</strong></span> <span class='ocrx_word' id='word_1_346' title='bbox 791 4307 862 4366; x_wconf 90' lang='lat' dir='ltr'><strong>Nam</strong></span> <span class='ocrx_word' id='word_1_347' title='bbox 880 4321 1058 4388; x_wconf 85' lang='lat' dir='ltr'><strong>peramanter</strong></span> <span class='ocrx_word' id='word_1_348' title='bbox 1076 4312 1182 4393; x_wconf 88' lang='lat' dir='ltr'><strong>scripta</strong></span> <span class='ocrx_word' id='word_1_349' title='bbox 1202 4321 1260 4390; x_wconf 90' lang='lat' dir='ltr'><strong>est,</strong></span> <span class='ocrx_word' id='word_1_350' title='bbox 1281 4315 1311 4362; x_wconf 91' lang='lat' dir='ltr'><strong>ut</strong></span> <span class='ocrx_word' id='word_1_351' title='bbox 1330 4297 1381 4358; x_wconf 81' lang='lat' dir='ltr'><strong>do·</strong></span> 
     </span>
    </p>
   </div>
   <div class='ocr_carea' id='block_1_5' title="bbox 164 4410 1453 4512">
    <p class='ocr_par' dir='ltr' id='par_1_5' title="bbox 164 4410 1453 4512">
     <span class='ocr_line' id='line_1_37' title="bbox 164 4410 1453 4512; baseline -0.018 -18"><span class='ocrx_word' id='word_1_352' title='bbox 164 4433 249 4494; x_wconf 88' lang='lat' dir='ltr'><strong>ctoris</strong></span> <span class='ocrx_word' id='word_1_353' title='bbox 268 4428 409 4504; x_wconf 89' lang='lat' dir='ltr'><strong>amicique</strong></span> <span class='ocrx_word' id='word_1_354' title='bbox 429 4425 462 4484; x_wconf 90' lang='lat' dir='ltr'><strong>in</strong></span> <span class='ocrx_word' id='word_1_355' title='bbox 481 4444 524 4482; x_wconf 92' lang='lat' dir='ltr'><strong>me</strong></span> <span class='ocrx_word' id='word_1_356' title='bbox 543 4423 672 4484; x_wconf 90' lang='lat' dir='ltr'><strong>animum</strong></span> <span class='ocrx_word' id='word_1_357' title='bbox 691 4421 924 4512; x_wconf 78' lang='lat' dir='ltr'><strong>voluntatemque</strong></span> <span class='ocrx_word' id='word_1_358' title='bbox 942 4422 1171 4504; x_wconf 85' lang='lat' dir='ltr'><strong>aperiretplane.</strong></span> <span class='ocrx_word' id='word_1_359' title='bbox 1202 4424 1238 4482; x_wconf 86' lang='lat' dir='ltr'><strong>Iri</strong></span> <span class='ocrx_word' id='word_1_360' title='bbox 1255 4419 1307 4478; x_wconf 91' lang='lat' dir='ltr'><strong>bac</strong></span> <span class='ocrx_word' id='word_1_361' title='bbox 1327 4410 1380 4492; x_wconf 88' lang='lat' dir='ltr'><strong>igi·</strong></span> <span class='ocrx_word' id='word_1_362' title='bbox 1452 4449 1453 4491; x_wconf 50' lang='lat' dir='ltr'><strong>q</strong></span> 
     </span>
    </p>
   </div>
   <div class='ocr_carea' id='block_1_6' title="bbox 0 0 1480 5134">
    <p class='ocr_par' dir='ltr' id='par_1_6' title="bbox 0 0 1480 5134">
     <span class='ocr_line' id='line_1_38' title="bbox 0 0 1480 5134; baseline 0 0"><span class='ocrx_word' id='word_1_363' title='bbox 0 0 1480 5134; x_wconf 95' lang='lat' dir='ltr'><strong> </strong></span> 
     </span>
    </p>
   </div>
  </div>
 </body>
</html>
