2832 5120
713 239 769 298 rsa

113 411 220 482 ipsum
247 403 476 474 oblivionem,
514 405 722 458 oscitationem
746 423 760 458 e
790 421 887 460 somno
910 405 1235 458 reminiscentiam
1260 415 1329 464 eceu;

119 523 229 560 curam
255 521 322 558 cero
346 489 654 574 conservationemque
677 519 793 571 eornm,
819 520 888 575 qnos
899 505 971 574 jem
988 499 1144 562 ordinavit
1161 504 1258 570 ratic,
1285 517 1331 552 ne·

120 607 301 658 moriem.»
338 595 366 675 1)
386 594 602 655 Obstetricandi
623 609 716 654 autern
735 611 822 654 artem
847 611 877 654 nt
904 597 1051 675 ingeniose
1079 595 1157 656 idem
1185 615 1249 652 cnm
1271 595 1331 670 jusn

122 696 282 777 disciplina
302 709 466 775 comparat,
487 691 519 773 2)
542 695 581 753 ita
602 692 772 754 Plutarchus
789 695 863 754 hanc
883 683 1123 774 comparationem
1142 712 1178 750 ex
1204 693 1263 772 ipsa
1281 690 1333 750 Pla-

122 796 316 870 tonismente
344 793 376 850 in
394 791 550 850 Platonicis
575 790 790 869 quaestionibus
812 791 948 873 explicat.
983 813 997 844 u
1008 791 1084 850 Vide
1105 808 1193 863 vero,
1215 811 1251 848 ne
1268 788 1334 848 nulli

115 887 209 974 'opert
227 888 377 968 studioque
393 889 481 968 digne
501 889 610 947 fuerint
628 888 739 967 reliqua
758 903 786 948 et
804 890 930 948 carmina
946 904 973 948 et
987 889 1153 962 doctrinae,
1173 903 1202 946 et
1217 888 1340 946 orationes

124 1003 287 1062 oratorum,
307 1001 336 1046 et
352 987 465 1048 decreta
483 986 687 1070 sophistarum,
708 1007 780 1064 quae
800 988 914 1066 gignere
933 987 1077 1047 Socratem
1095 987 1173 1046 Deus
1194 985 1340 1067 prohibuit:

126 1108 212 1166 quam
232 1099 299 1144 vero
318 1083 406 1144 solam
430 1083 611 1144 existimabat
634 1084 762 1144 Socrates
782 1086 951 1164 sapientiam
962 1132 972 1160 ,
997 1106 1069 1164 quae
1090 1086 1122 1144 in
1143 1083 1229 1144 rebus
1248 1082 1342 1142 divinis

125 1198 154 1243 et
172 1177 411 1261 intelligibilibus
429 1196 576 1256 versatur,
597 1203 736 1261 quamque
757 1185 921 1242 senatoriam
941 1183 1123 1264 appellabat,
1145 1182 1233 1260 hujus
1253 1183 1284 1239 in
1301 1180 1343 1238 hu-

51 1359 55 1364 ·
125 1281 255 1342 minibus
273 1279 354 1339 nulla
376 1281 413 1338 sit
431 1281 576 1359 generatio
595 1301 647 1338 nec
667 1281 814 1355 inventio,
835 1281 885 1342 sed
901 1283 1123 1342 reminiscentia.
1150 1272 1253 1342 ·“Otlev
1273 1273 1345 1339 οὐδὲν

126 1376 261 1442 ἐδίδασκε
283 1370 459 1458 Σωκράτης,
486 1371 560 1442 itti
581 1371 718 1452 ἐνδιδοδς
739 1373 836 1460 α’ρχδς
857 1371 1013 1462 ᾰαοριαῖν,’
1026 1373 1124 1462 ὥσπερ
1149 1377 1277 1458 tettae,
1298 1383 1346 1453 τοῖς

125 1475 215 1554 νέοις,
237 1469 370 1562 ἐπήγειρε
391 1478 440 1542 καὶ
461 1474 577 1540 ἀνεκίνει
598 1478 652 1560 καὶ,
668 1480 802 1561 συνεξῆγε
824 1478 877 1558 τας
896 1478 1047 1563 ἐμφύτους
1062 1476 1189 1564 νοῆσεις·
1211 1483 1259 1546 καὶ
1273 1483 1347 1546 τοῦτο

126 1577 294 1664 μαιευτικῆν
313 1576 422 1662 τέχνην
443 1574 610 1659 ὠνόμαζεν,
632 1577 684 1642 cin
704 1581 869 1646 ἐπιθεῖσαν
890 1579 1017 1660 seneen,
1040 1577 1138 1668 ὥσπερ
1162 1583 1256 1670 ἕτεροι
1271 1607 1348 1668 τερος-

49 1766 53 1776 .
127 1685 290 1760 εποισῦντο,
322 1684 391 1745 νοῦν
422 1687 484 1758 τοῖς
516 1679 755 1764 ελτυγχάνουσιν,
787 1681 849 1748 αλλ’
878 1682 1000 1766 ἔχοντας
1032 1687 1135 1750 οἰκεῖον
1166 1687 1199 1750 ἐν
1235 1685 1341 1761 ἑαυτοῖς

128 1783 219 1869 α’τελῆ
246 1784 282 1848 δὲ
298 1786 356 1850 καὶ
382 1780 595 1866 συγκεχυμένον
619 1785 668 1846 καὶ
690 1776 831 1866 δεόμενον
851 1789 907 1850 τοι]
926 1785 1086 1870 τρέφοντος
1106 1789 1155 1851 καὶ
1175 1791 1351 1872 βεβαιοῦντος

53 1886 70 1920 ”
104 1887 106 1894 ’
129 1883 371 1954 ἐπιδεικνύουσαν.
425 1889 613 1969 Qnepenpter
638 1892 687 1946 nil
711 1892 811 1950 decuit
837 1892 994 1968 Socrates,
1024 1895 1079 1951 sed·
1095 1915 1219 1954 caussas
1241 1870 1352 1954 ectiti—
1402 1877 1403 1888 λ

129 2002 264 2069 tionum,
286 1992 431 2072 tenqe'com
450 1988 583 2048 atteren-
596 2000 723 2066 pcrtns‚
734 1993 900 2067 juvenibus
918 1993 1060 2050 cebetem
1070 2039 1078 2066 ‚
1098 1997 1268 2068 oscitabat,
1288 2015 1351 2053 οοοι-
1403 2001 1404 2010 ’

129 2095 276 2167 neceelrct,
296 2091 476 2170 μνουοοιιδατ
494 2093 605 2144 tersites
621 2096 772 2146 notiones:
800 2110 923 2167 eamque
945 2092 1154 2149 chetaei-necet
1176 2099 1293 2159 comsit
1311 2113 1352 2148 cr·
1404 2115 1405 2124 ¹

130 2201 208 2264 tem,
230 2198 336 2269 quippe
357 2209 431 2267 qnae
449 2207 507 2244 nen
527 2192 734 2260 canineam,
760 2189 835 2264 qnod
852 2189 909 2245 etit
921 2209 1001 2264 pree
1016 2211 1046 2246 ee
1056 2191 1222 2265 ferebant,
1245 2192 1353 2248 intelli·
1405 2217 1406 2223 ¹

128 2295 265 2368 gentiam
283 2288 465 2345 discentibus
482 2289 633 2361 inferret,
654 2287 704 2343 set
722 2287 888 2344 estenderet
906 2307 969 2343 eam
985 2293 1061 2363 ipsis
1076 2295 1202 2345 incitem
1221 2310 1295 2364 esse,
1312 2289 1354 2347 set
1406 2311 1407 2314 ¹

130 2387 340 2462 imperfectam
350 2431 359 2460 ‚
382 2387 558 2460 confusam,
573 2386 711 2465 indigam
726 2392 879 2442 nutritore
898 2395 926 2441 et
944 2386 1182 2462 confirmatore.»
1207 2385 1240 2467 3)
1267 2389 1353 2447 Caete-

131 2504 194 2544 rum
214 2497 271 2544 tres
288 2504 455 2543 enumerare
474 2483 602 2544 Platonis
621 2481 791 2564 disciplinas
804 2481 936 2542 solebant
949 2482 1107 2558 Platonici,
1128 2475 1185 2564 τῆν
1207 2479 1355 2566 ἕρωτιιῆν,

130 2576 186 2663 τῆν
213 2576 371 2661 μουσικῆν,
397 2576 452 2663 τῆν
479 2575 670 2664 διαλεκτικῆν·
701 2583 753 2642 has
775 2581 892 2659 quidem
915 2581 1055 2644 Plotinus.
1078 2583 1110 2665 ἱε)
1135 2587 1251 2646 Procles
1269 2601 1355 2648 autem
1405 2569 1406 2572 ,

131 2681 172 2766 τῆ
196 2682 326 2769 μουσικῇ
351 2683 500 2760 substituit
525 2677 581 2763 τῆν
605 2674 780 2761 μαιευτικῆν.
825 2682 883 2740 Nee
907 2701 974 2739 sene
1002 2681 1099 2762 inepte
1123 2684 1159 2742 iis
1185 2685 1306 2765 singulis
1328 2687 1355 2744 in

133 2784 332 2867 philosophiae
357 2785 552 2864 progressione
573 2805 637 2843 snas
656 2798 749 2864 partes
768 2781 872 2841 tribuit
889 2780 943 2839 hoe
962 2779 1064 2840 modo:
1082 2775 1135 2840 ’δια
1157 2778 1213 2860 μὲν
1233 2778 1290 2866 γοὶρ
1309 2783 1358 2864 τῆς

133 2879 275 2964 ἐρωτικῆς
301 2876 377 2965 πρός
402 2874 439 2940 τό
459 2876 549 2942 mitia
571 2876 760 2962 α’ναγόμεθιι·
789 2873 839 2940 tet
858 2876 897 2939 ’δὲ
917 2879 972 2960 τῆς
992 2883 1160 2964 μαιευτικῆς
1181 2880 1277 2966 σοιρδς
1297 2882 1357 2946 ἕκα-

106 3004 202 3058 ’στος
227 2977 315 3066 η’μαῖν
340 2978 528 3062 ἀναφαίνεται
554 2983 621 3066 περὶ
647 2973 690 3045 ὧν
715 2981 795 3042 ἐστὶν
821 2976 960 3063 ἀμαθής,
986 2978 1055 3058 τούς
1078 2983 1109 3045 ἐν
1130 2981 1213 3072 αὐτῷ
1233 2981 1357 3068 προβάλ-

133 3089 193 3147 λων
223 3085 290 3168 περὶ
319 3085 380 3147 τῶν
412 3079 506 3146 ὄντων
534 3080 652 3166 λόγους·
685 3080 735 3147 δαὶ
768 3081 802 3145 δὲ
834 3084 888 3166 τῆς
919 3085 1096 3169 διαλεκτικῆς
1122 3087 1170 3148 καὶ
1195 3084 1287 3173 μέχρι
1310 3087 1358 3150 τοῦ

135 3183 257 3268 dyo-toti
276 3182 331 3268 τῆν
352 3181 458 3247 ἄνοδον
479 3181 554 3247 εἶναι’
574 3195 664 3270 φησιν
692 3181 710 3247 o'
737 3185 769 3247 ἓν
789 3187 832 3273 τῇ
853 3185 993 3272 Πολιτείᾳ
1014 3185 1177 3272 Σωκράτης
1196 3195 1259 3266 τοῖς
1280 3195 1358 3273 ριλυ-

136 3284 265 3368 θεάμασι
286 3288 340 3370 τῆς
362 3284 515 3370 ἀληθείας·
541 3311 600 3368 per
626 3299 806 3348 emeterium
830 3299 910 3349 enim
933 3301 1031 3349 ortem
1055 3296 1250 3370 adpeterent
1266 3296 1357 3353 edeci-

136 3414 221 3450 mter:
233 3413 290 3469 per
299 3395 500 3452 obstetricium
519 3399 637 3468 sapiens
652 3398 856 3467 unusquisqne
872 3399 1008 3448 etostrnm
1018 3399 1051 3448 in
1062 3399 1102 3450 iis
1113 3395 1213 3452 coedit
1220 3441 1228 3468 ‚
1239 3416 1357 3473 qnorum

137 3500 181 3548 est
199 3498 346 3570 ignarus,
368 3498 554 3568 quaestiones
574 3491 631 3546 sibi
647 3507 812 3564 preponens
832 3490 948 3562 detis,
970 3509 1045 3566 qnae
1070 3501 1161 3548 sent.-
1178 3513 1237 3568 μοι·
1255 3493 1357 3550 dialec-

137 3595 230 3646 ticem
248 3609 315 3647 cero
333 3581 532 3646 escensionem
545 3587 584 3644 ed
595 3607 743 3644 summum
754 3587 944 3660 bonumeam,
968 3586 1107 3646 Socrates
1116 3591 1236 3647 dicitin
1246 3590 1356 3649 Politia

135 3695 194 3762 iis,
205 3694 258 3764 qui
274 3703 377 3744 υινκιοι
389 3695 523 3764 spectare
534 3695 648 3743 omont.
665 3681 697 3763 5)
706 3711 740 3722 -
749 3683 834 3756 Quod
843 3685 926 3762 quale
936 3685 975 3744 sit
984 3731 993 3760 ‚
1001 3685 1112 3765 patebit
1123 3688 1206 3748 nobis
1216 3687 1355 3770 deinceps.

172 3878 197 3943 1)
215 3878 279 3930 blas.
297 3878 356 3944 Tyr.
374 3881 433 3930 dies.
450 3877 515 3929 XVl.
532 3877 557 3929 6.
575 3875 634 3926 299.
676 3907 680 3916 ·

171 3962 197 4028 δ)
216 3964 277 4016 Eat.
295 3961 353 4014 292.

170 4048 196 4114 3)
215 4049 281 4100 Plut
300 4050 398 4112 (tuaest.
418 4049 483 4100 Ptcr.
502 4049 521 4098 l.
540 4046 616 4096 1000.
636 4047 665 4096 E.

170 4135 195 4199 ll)
214 4136 280 4186 Plot.
300 4139 329 4188 de
341 4136 423 4203 parler.
442 4151 467 4200 p.
486 4133 527 4184 19.
548 4132 639 4184 Creuz.
660 4131 698 4184 Cl.
716 4133 807 4184 Editor
822 4151 939 4202 praepar.
958 4137 990 4186 etl
1006 4135 1071 4186 Plot.
1090 4154 1115 4202 p.
1136 4136 1198 4188 clv.
1217 4157 1273 4207 sqq.

172 4230 197 4292 5)
216 4231 336 4282 Proelia
350 4229 427 4277 ticet.
446 4229 466 4277 1.
485 4226 526 4286 29.
546 4229 582 4278 lte
600 4211 758 4297 α’ναμνῆσει
782 4226 832 4276 vid.
852 4227 937 4278 Oreus.
961 4229 992 4278 etl
1012 4229 1066 4280 Cic.
1083 4231 1112 4280 dc
1128 4230 1158 4279 Ν,
1168 4231 1199 4280 D.
1218 4233 1261 4282 ΙΙΙ.
1279 4230 1318 4280 te.
1335 4235 1357 4279 et

140 4321 170 4370 ad
191 4322 256 4372 l'lot.
276 4323 304 4370 rte
320 4321 401 4388 puter.
421 4336 445 4384 p.
466 4317 525 4366 166.
546 4318 604 4370 tos.
624 4318 682 4368 539.

652 4469 771 4476 -—......
794 4470 800 4474 .

652 4479 845 4492 ————·——-·4··
