2832 5120
588 313 592 322 ι
608 275 662 336 157

45 442 313 522 husqneincalescere
324 461 353 500 sc
364 438 541 517 incendique
551 437 732 510 sentiebant,
753 437 803 514 qni
822 433 993 509 adstabant,
1014 435 1172 494 audientes.
1194 436 1248 495 Ita*

44 564 85 622 que
102 539 290 600 commovebat
313 539 366 596 hac
387 536 550 616 eloquentia
575 536 721 595 civitatem
746 528 966 614 Atheniensium
986 547 1094 608 totam,
1123 549 1169 608 et,
1191 557 1249 594 una
1275 617 1278 624 Ι

43 663 92 699 cnm
110 640 175 711 hac,
201 652 288 696 totam
317 638 380 694 fere
405 635 563 695 Graeciam.
605 635 690 692 Nam*
705 634 850 711 quiescere
874 653 958 691 nemu
984 644 1112 712 poterat,
1133 633 1184 712 qui
1209 633 1249 692 sic

43 741 104 796 intus
121 734 315 808 afficiebatur,
336 736 376 792 sic
397 733 489 792 oculis
510 734 570 792 fere
588 731 709 793 'ridebat
732 732 851 811 pessime
874 751 903 788 se
923 732 1010 810 egisse
1030 731 1178 805 socordia,
1206 733 1248 790 sic

43 838 85 894 ino
101 849 209 916 pectore
229 847 257 892 et
276 833 386 913 patriae
405 838 507 892 amore
519 845 547 890 et
566 830 780 910 praeclarorum
796 830 958 888 facinorum
976 829 1072 889 studio
1090 829 1249 890 inflamma·

43 934 116 994 hatur.
151 935 215 1006 Quo
234 933 344 992 factum
354 976 363 1006 ‚
384 944 415 990 ut
435 930 513 991 solus
531 927 735 990 Demosthenes
753 927 813 989 sola
833 927 1013 1005 eloquentiae
1030 928 1166 988 facultate
1183 929 1250 1010 plus

42 1053 78 1112 per
94 1031 250 1112 complures
270 1051 361 1090 annos
385 1025 497 1092 efficere
517 1027 555 1086 ad
576 1025 715 1090 tuendam
734 1039 763 1084 et
780 1024 953 1086 servandam
972 1025 1138 1102 Graeciam,
1165 1047 1251 1105 quam

42 1131 68 1190 ad
81 1129 248 1190 domandam
268 1127 422 1208 Philippus
440 1128 562 1200 astutia,
583 1124 675 1198 dolis,
696 1123 849 1204 praemiis,
866 1124 1027 1204 pecuniis,
1055 1124 1250 1198 exercitibus,

41 1227 331 1294 classibusdiceretur.
373 1225 483 1300 Quodsi
505 1227 566 1302 ⁸jam
584 1225 639 1296 sit,
660 1225 709 1301 qni
730 1236 866 1300 quaerat,
888 1221 965 1280 unde
991 1222 1062 1282 haec
1087 1212 1191 1284 divina
1215 1223 1263 1283 sit¹

41 1327 63 1384 in
76 1325 260 1386 Demosthene
276 1323 397 1384 dicendi
414 1323 459 1384 vis
478 1337 505 1383 et
522 1322 644 1382 facultas
662 1321 835 1404 repetenda,
850 1320 905 1380 sibi
922 1341 983 1380 mm
998 1320 1104 1400 debuit
1123 1323 1252 1402 profecto

41 1439 163 1502 natorum
186 1425 340 1504 princeps,
366 1435 398 1480 ut
419 1420 475 1480 sibi
505 1441 605 1482 omnes
625 1420 733 1480 debent
761 1419 937 1480 excellentes
966 1421 1022 1480 viri
1050 1414 1254 1483 excellentiam

44 1543 126 1580 suam:
144 1535 196 1595 et,
218 1521 275 1580 nisi
296 1521 335 1578 sic
356 1522 409 1578 ille
428 1534 512 1593 natus
530 1518 568 1578 ad
588 1518 781 1596 eloquentiam
801 1517 919 1591 fuisset,
942 1531 973 1576 ut
993 1518 1106 1578 suited
1124 1518 1255 1600 philoso-

41 1621 121 1700 phiam
138 1619 282 1692 Socrates,
302 1631 410 1682 tantam
428 1616 535 1676 habere
552 1618 583 1674 in
602 1601 812 1698 rempublicam
832 1617 910 1689 vim,
931 1629 1067 1695 quantam
1086 1619 1134 1676 bic
1152 1616 1256 1676 habuit

41 1721 63 1777 iu
78 1718 274 1799 philosophiae
293 1716 406 1790 studia,
429 1737 489 1774 non
504 1716 651 1799 potuisset.
687 1714 745 1774 Sed
768 1713 878 1774 Socrati
894 1714 997 1774 debuit
1016 1716 1153 1775 orationis
1170 1715 1256 1776 disci·
1306 1763 1310 1776 .

40 1817 176 1896 plinaeque
195 1815 378 1895 exemplum,
409 1833 551 1894 qua-una
576 1809 788 1886 efficacissime,
818 1812 964 1892 quidquid
984 1815 1063 1884 intus
1085 1815 1118 1875 in
1138 1813 1256 1874 homine

40 1928 89 1989 cst,
102 1915 273 1988 suscitatur,
300 1911 433 1991 idemque
451 1909 490 1969 ad
509 1910 563 1969 hoc
581 1909 742 1991 exemplum
770 1910 887 1970 videtur
910 1911 1071 1970 naturalem
1100 1911 1256 1991 eloquendi

40 2012 193 2072 facultatem*
207 2011 335 2084 acuisse,
356 2008 521 2068 excoluisse*
534 2022 562 2069 et
578 2029 645 2092 vero
667 2009 718 2066 uni
737 2007 906 2070 adhibuisse
923 2009 1100 2090 reipublicae
1119 2009 1215 2070 saluti.

16 2111 18 2184 ξ
70 2112 128 2170 Non
148 2111 279 2170 imitatus
298 2107 424 2169 dicendo
442 2121 484 2165 est
508 2107 568 2167 sive
591 2100 739 2165 Socratem'
760 2107 821 2169 sive
848 2107 995 2168 Platonem
1019 2121 1161 2186 oratorum
1183 2129 1255 2168 sum-

16 2189 17 2214 ³
41 2229 103 2268 nus:
123 2210 153 2268 id
172 2209 205 2267 in
237 2220 347 2267 tantum
367 2206 517 2284 ingenium
538 2227 597 2266 non
626 2204 766 2282 cadebat,
799 2205 850 2265 sed
870 2204 947 2285 quod
974 2205 1165 2286 colloquendo
1192 2228 1257 2266 cum

37 2305 178 2380 juvenibus
196 2306 231 2366 in
252 2305 379 2385 ipsorum
399 2303 503 2364 animis
525 2304 655 2363 effecerat
675 2303 822 2379 Socrates,
845 2318 877 2364 ut
899 2304 976 2386 apud
988 2304 1143 2366 'Platonem
1172 2315 1258 2387 repe'-

16 2469 21 2482 ⁵
40 2403 132 2480 ciebat,
160 2404 193 2463 id
214 2403 281 2477 ille,
305 2402 350 2460 his
369 2401 438 2482 ipsis
459 2401 585 2461 imbutus
604 2400 764 2461 Socraticae
784 2401 958 2483 disciplinae
978 2403 1149 2484 principiis,
1168 2424 1256 2483 quum

17 2485 18 2488 Ἰ
41 2501 69 2560 ad
83 2501 239 2562 dicendum
258 2521 286 2560 se
302 2495 443 2573 dedisset,
459 2499 491 2558 in
510 2500 636 2558 universi
656 2500 757 2580 populi
773 2501 878 2560 animis
895 2498 1038 2560 efficiebat
1055 2515 1164 2584 sponte.
1187 2502 1258 2562 Erat

40 2599 79 2658 hoc
104 2615 198 2660 antem
238 2598 397 2678 ejusmodi,
423 2611 454 2655 ut
479 2596 601 2678 puderet
627 2597 777 2657 audientes
800 2599 980 2678 ignorantiae
1009 2613 1093 2676 atque
1112 2600 1257 2662 socordiae
1278 2637 1281 2648 ι

16 2751 18 2756 ,
42 2717 109 2772 snae,
124 2719 254 2778 quaeque
271 2697 400 2776 generosi
410 2694 529 2777 pudoris
544 2697 637 2756 visest
646 2743 654 2771 ,
666 2696 862 2756 excitarentur
882 2697 999 2760 virtutis
1009 2696 1123 2778 studio,
1140 2699 1257 2778 ipsoque
1274 2765 1277 2776 .

42 2793 83 2854 hoc
104 2795 199 2865 studio
219 2794 269 2854 ad'
282 2795 427 2875 praeclara
450 2794 632 2875 suscipienda
658 2796 787 2854 sabinora
811 2794 1034 2856 adducerentur.
1076 2795 1260 2876 spectaverat

42 2891 182 2974 disciplina
209 2893 354 2952 Socratica
372 2892 580 2966 honestatem,
609 2894 840 2967 verecundiam,
871 2891 1097 2966 liberalitatem,
1121 2895 1258 2971 omnino,

16 3003 18 3068 j
43 2991 105 3066 quod
122 2990 407 3074 appellaresolehat,
429 2983 465 3050 cd
483 2983 585 3050 καλόν·
607 2992 710 3073 quodsi
720 2992 839 3072 legimus
848 2990 1083 3066 Demosthenem,
1099 2994 1150 3052 vix
1168 2991 1258 3052 ullam

16 3073 17 3080 ἵ
44 3086 237 3148 absolverimus
267 3091 441 3166 orationem,
467 3093 540 3171 quin
569 3093 754 3172 nosmetipsos
782 3090 938 3156 sentiamus
965 3088 1061 3170 pulcri
1088 3088 1260 3169 honestique
1348 3139 1352 3158 ,

44 3205 120 3246 amore
137 3189 347 3270 inflammatos:
370 3191 447 3268 quod
465 3206 492 3250 ct
510 3193 629 3250 sensisse
647 3205 756 3252 veteres
776 3189 932 3263 videntur,
954 3207 1018 3245 cum
1045 3207 1090 3246 eas
1112 3187 1258 3270 legerent,

45 3295 64 3340 et
77 3293 199 3345 caussaln
224 3285 388 3346 habuerunt
406 3288 450 3350 ris
468 3289 549 3348 illius
567 3304 594 3350 ct
615 3286 792 3347 efficacitatis
812 3284 971 3366 stupendae
982 3329 990 3357 ,
1010 3305 1094 3364 quam
1120 3288 1180 3365 ejus
1201 3287 1257 3347 elo·

16 3371 18 3400 ⁷
45 3385 146 3455 quentia
170 3385 203 3442 in
229 3383 432 3460 Athenienses,
457 3388 489 3446 in
513 3389 587 3468 ipsos
613 3387 684 3447 adeo
709 3385 862 3444 Thebanos
882 3382 995 3442 habuit.
1037 3385 1190 3444 Panaetius
1216 3388 1258 3446 sic

45 3479 145 3560 scriptas
173 3502 233 3546 esse
254 3482 402 3562 plerasque
426 3487 486 3564 ejus
505 3487 646 3545 orationes
673 3483 895 3556 animadvertit,
918 3473 958 3554 cic
979 3474 1073 3560 μόνον
1095 3482 1148 3544 ccci
1169 3483 1259 3544 καλοῦ

16 3599 18 3632 2
47 3572 74 3634 δι’
93 3572 307 3658 nerduinum]
330 3575 427 3656 ὄντος,
450 3595 485 3643 ut
512 3591 564 3664 qui
592 3586 746 3656 decernat,
769 3583 922 3640 honestum
948 3595 1073 3662 propter
1102 3608 1131 3642 ca
1158 3593 1260 3662 ipsane

16 3693 17 3696 ’
47 3698 92 3736 ecce
107 3683 320 3758 expetendum:
345 3682 372 3762 l)
394 3683 509 3744 duxisse
525 3705 590 3742 eum
613 3685 690 3742 cives
710 3675 745 3740 ori
765 3674 842 3756 προς
867 3675 903 3741 co*
926 3673 1045 3762 ἥδιστον
1066 3675 1086 3762 ἢ
1108 3676 1258 3764 ῥᾷοτονῆ

16 3779 17 3782 ’
48 3775 279 3852 λυσιτελέστατον,
308 3806 364 3842 aroc
384 3785 423 3840 cd
442 3783 493 3854 id,
515 3783 589 3860 quod
609 3792 663 3838 out
674 3786 954 3858 jucundissimum,
976 3795 1032 3840 cut
1042 3787 1257 3864 sentiliacum,

48 3883 303 3940 cnt.utiliscimum
326 3893 416 3954 esset,
438 3873 510 3940 dati
531 3880 681 3960 πολλαχοῦ
701 3875 756 3961 τήν
776 3874 936 3960 ἀσφάλειαν
962 3881 1009 3944 καὶ
1031 3877 1085 3962 τήν
1108 3882 1261 3966 σωτηρίαν

49 3970 121 4036 olan
147 3979 207 4038 dciv
237 3977 270 4038 ἐν
299 3975 422 4064 δευτέρᾳ
443 3975 520 4052 τάξει
552 3982 606 4042 τοῦ
633 3983 723 4042 καλοῦ
743 3987 892 4045 ποιεῖσθαι
923 3983 971 4044 καὶ
1001 4007 1053 4044 τοο
1082 3981 1259 4068 πρέποντος,

51 4080 89 4134 nd
104 4083 264 4140 identidem
283 4091 474 4143 caverciatam
493 4096 580 4163 etque
597 4087 724 4166 cellutam
736 4087 967 4164 postponendam
982 4099 1081 4148 emeat
1093 4089 1209 4148 honesto
1228 4099 1258 4146 et

52 4175 142 4238 decoro.
164 4179 194 4261 2)
218 4181 282 4254 Quo
298 4196 436 4260 qnantum
464 4184 587 4244 valuerit
606 4182 684 4265 apud
706 4184 836 4244 homines
854 4185 940 4244 etiam
963 4185 1096 4259 timidos,
1122 4187 1258 4266 ignavos,

82 4393 101 4454 ll
117 4397 177 4452 Plnt.
198 4404 252 4452 cc'tc
272 4402 338 4452 Dea.
362 4418 383 4452 c.
406 4400 447 4452 12.
513 4359 514 4364 =

83 4479 95 4528 ‘l
122 4484 175 4534 an.
