2838 5118
649 259 707 321 dli

46 436 177 496 Socratis
196 487 200 496 ,
216 451 281 492 cum
316 429 431 490 duobus
465 426 701 490 adolescentibus
737 425 800 486 illis
828 425 1016 505 colloquium.
1071 421 1134 484 Non
1165 428 1210 488 ita·
1235 443 1295 484 sese

47 535 176 594 Phnado
205 530 301 590 hahet.
344 527 472 587 Videtur
499 526 582 588 Plato
607 523 761 585 scribenda
791 523 896 583 Potitia
916 523 956 584 sic
978 541 1091 582 omnem
1108 522 1180 600 justi
1200 523 1296 602 philo·

46 631 186 712 sophiam
214 629 312 688 animo
339 645 398 686 esse
426 624 610 705 complexus,
632 636 665 682 ut
685 642 765 682 nnnc
784 620 900 681 demum
915 634 999 702 aptus
1020 633 1092 680 esset
1111 619 1227 693 factus,
1243 620 1295 699 qni

46 726 184 810 perfecta
211 745 273 786 eam
303 721 394 783 forma
422 721 569 798 traderet,
590 735 638 796 et,
657 719 790 800 quamvis
820 718 916 778 locum
944 719 976 778 in
1003 719 1057 781 hac
1086 717 1150 797 ipsa
1169 717 1296 798 philoso-

47 826 124 907 phie
144 824 231 904 longe
251 811 461 882 difficillim'um
477 832 634 892 ⁴tractaret,
655 819 726 879 mim
748 817 781 878 id
805 817 912 889 faceret
932 816 1084 876 facilitate.
1125 815 1183 874 Nec
1203 815 1297 876 solum

45 921 182 1004 perfecta
210 920 271 980 dici
298 918 387 996 hujus
415 917 525 996 dialogi
556 917 647 976 forma
675 926 786 996 potest;
818 913 870 974 sed
896 912 1002 972 lubens
1021 913 1094 974 adeo
1110 925 1210 972 auctor
1226 915 1296 974 scri·

44 1019 146 1082 bendi
179 1015 384 1078 difficultatem
420 1014 536 1074 auxisse
566 1012 704 1087 videtur,
736 1026 768 1072 nt
798 1010 948 1092 dialogum
980 1009 1095 1089 dialogo
1121 1009 1296 1073 includeret.

47 1119 185 1177 Primum
214 1116 292 1174 enim
317 1111 502 1172 Phaedonem
521 1131 587 1170 cum
607 1110 764 1170 Echecrate
785 1107 925 1169 Phliunte
952 1106 1190 1168 confabulantem
1206 1107 1296 1184 lecit,

47 1229 117 1275 tum
147 1215 180 1272 in
206 1210 259 1272 hos
287 1229 431 1286 sermones
458 1209 499 1269 sic
521 1195 642 1268 inclusit
661 1205 786 1268 Socratis
805 1207 837 1266 in
856 1226 969 1266 carcere
988 1227 1055 1268 cum
1073 1212 1174 1273 amicis
1192 1233 1296 1272 sermo.

48 1331 106 1372 nes
117 1355 139 1385 ,,
159 1321 192 1368 ut
220 1321 377 1388 perpetuus
406 1307 444 1367 sit
471 1304 510 1366 ad
537 1305 626 1366 finem
651 1324 741 1383 usque
770 1302 935 1364 Phaedonis
963 1318 992 1363 et
1011 1305 1178 1368 Echecratis
1195 1329 1297 1370 sermo.

47 1413 157 1470 Parem
185 1403 396 1486 quodammodo
416 1403 526 1484 dialogi
550 1404 692 1463 rationem
711 1402 745 1460 in
772 1400 920 1462 Ciceronis
939 1401 975 1458 de
994 1413 1113 1462 oratore
1133 1406 1218 1467 libris
1236 1429 1298 1468 cer·

48 1508 175 1576 nimiu:
196 1502 229 1560 in
254 1501 426 1564 enarrandis
456 1502 570 1575 Crassi,
592 1500 713 1560 Antonii
743 1512 977 1577 caeterorumque
993 1502 1193 1579 sermonibus,
1214 1526 1299 1566 suum

47 1606 117 1684 ipse
140 1621 207 1662 cum
226 1599 337 1673 Quinto
355 1599 444 1664 fratre
462 1618 641 1673 sermonem,
662 1617 747 1678 quem
767 1595 805 1656 ah
828 1596 916 1655 initio
933 1596 1127 1674 instituerat,
1147 1601 1300 1663 continuat

47 1699 231 1762 identidem.
272 1698 329 1756 Hic
354 1709 451 1757 autem
477 1695 509 1754 in
537 1693 663 1776 dialogis
681 1697 743 1773 ejus
763 1691 893 1754 omnium
910 1693 1136 1774 perfectissimus
1155 1710 1298 1766 censetur.

524 1888 577 1948 Do
598 1896 688 1949 vito
709 1892 840 1948 beate.

94 2081 228 2164 Verum,
254 2088 395 2170 explicito
424 2087 456 2146 in
486 2085 566 2146 hunc
593 2085 711 2147 modum
738 2084 877 2160 Platonis¹
897 2083 934 2144 de
954 2087 1115 2183 animorum
1135 2091 1299 2152 immortali-

48 2201 115 2250 tate
141 2186 271 2268 placito,
303 2183 501 2246 accedendum
516 2184 685 2264 jam'nobis
704 2183 803 2262 estad
821 2173 990 2264 νικητήρια,
1019 2186 1146 2263 justitiae
1161 2190 1301 2263 ,virtutis-

49 2307 111 2366 que
132 2271 281 2367 praemia,
301 2282 409 2363 quihus
429 2282 558 2342 Socrates
586 2281 667 2364 apud
687 2301 752 2342 enm
782 2281 1052 2364 deincepsjustum
1062 2328 1072 2359 ,
1092 2285 1133 2344 sic
1158 2287 1302 2366 reportata

50 2385 90 2444 ab
120 2385 250 2462 injusto,
281 2369 436 2461 tyrannico
469 2381 524 2440 isto
553 2381 636 2456 viro,
667 2380 811 2459 victoria,
833 2381 1006 2466 'ornandum
1032 2396 1139 2443 censet.
1198 2383 1302 2444 Narrat

50 2484 151 2564 igitur
181 2493 322 2541 vetustam
352 2477 388 2537 de
418 2478 473 2536 Ere
502 2479 640 2538 Armenio
669 2479 730 2539 sive
757 2479 888 2539 fabulam
915 2482 977 2540 sire
1005 2479 1212 2556 traditionem,
1232 2483 1302 2560 qui,

49 2594 211 2662 postquam
238 2589 367 2636 mortuus
398 2576 512 2652 fuerat,
543 2577 576 2636 in
606 2577 696 2636 vitam
728 2577 847 2638 rediisse
875 2576 1047 2652 dicebatur,
1078 2598 1208 2658 quaeque
1235 2578 1300 2637 illic

49 2676 176 2738 viderat
203 2675 432 2753 audiveratque,
455 2675 609 2754 aperuisse.
651 2675 829 2735 Interfuerat
846 2675 968 2734 solemni
987 2674 1140 2734 hominum
1168 2697 1234 2734 cum
1252 2675 1302 2735 bo-

53 2793 167 2834 norum
212 2786 274 2831 tum
318 2771 460 2831 malorum
496 2771 634 2850 judicio,
675 2770 713 2830 de
753 2792 810 2850 quo
848 2772 889 2830 ita
929 2772 1076 2832 narrabat.
1149 2775 1301 2853 Postquam

52 2895 94 2934 ex
128 2891 249 2952 corpore
281 2871 392 2930 exierat
432 2869 524 2950 ipsius
558 2870 692 2942 animus,
722 2870 754 2928 in
790 2869 887 2928 locum
927 2890 956 2930 se
991 2868 1138 2950 quendam
1166 2870 1303 2932 divinum

54 2971 197 3043 venisse,
228 2967 279 3026 nbi
309 2966 368 3026 duo
395 2981 489 3026 essent
518 2981 627 3042 terrae,
658 2967 836 3046 totidemque
872 2967 948 3027 coeli
975 2967 1090 3027 hiatus:
1122 2968 1230 3028 vidisse
1254 2990 1304 3027 au·

52 3085 119 3130 tem
150 3066 215 3126 illic
239 3064 357 3145 judices
383 3062 536 3140 sedentes,
566 3065 616 3142 qui
647 3065 760 3124 animos
782 3064 973 3144 judicarent,
1004 3087 1037 3125 ac
1062 3068 1157 3145 justos
1185 3066 1303 3145 quidem

53 3165 96 3226 ad
130 3161 264 3222 dextram
292 3164 325 3221 in
351 3163 463 3222 coelum
492 3161 646 3222 escendere
665 3163 825 3241 juberent,
852 3164 976 3242 injustos
1001 3185 1071 3224 vero
1099 3163 1137 3224 acl
1158 3165 1305 3225 sinistram
1336 3161 1338 3174 '

55 3267 91 3324 in
125 3263 212 3321 imam
241 3273 346 3321 terram
375 3258 551 3320 descendere
563 3305 572 3334 ,
594 3274 729 3340 utrosque
749 3282 865 3338 eorum,
885 3281 959 3340 quae
974 3260 1184 3340 judicaverant
1193 3308 1208 3337 „
1223 3263 1306 3344 signa

56 3364 201 3420 ferentes.
243 3359 289 3434 ln,
309 3358 388 3417 hunc
415 3357 505 3438 igitur
532 3377 561 3416 se
592 3357 688 3417 locum
710 3359 844 3435 venisse,
865 3380 988 3439 cumque
1008 3359 1046 3419 ad
1071 3359 1187 3438 judices
1214 3381 1307 3421 acces·

55 3460 164 3531 sisset,
186 3455 253 3514 illos
280 3453 375 3534 ajebat
405 3453 532 3529 dixisse,
554 3445 651 3514 redire
680 3457 775 3536 ipsum
803 3455 842 3516 ad
862 3456 995 3518 homines
1015 3471 1164 3539 oportere,
1187 3473 1218 3519 ut
1234 3480 1308 3538 quae

56 3555 128 3615 illio
159 3552 281 3613 vidisset
307 3553 469 3612 nunciaret.
512 3551 636 3612 Viderat
661 3553 750 3632 igitur
777 3573 828 3635 per
856 3553 909 3612 hos
938 3553 1012 3615 coeli
1042 3568 1191 3633 terraeque
1211 3555 1308 3615 hiatus

56 3653 177 3714 animos
204 3651 261 3709 lasa
281 3650 425 3710 sententie
441 3650 596 3728 abeuntes5
619 3671 672 3730 per
691 3651 795 3710 alteros
812 3665 908 3711 autem
927 3652 1025 3712 hiatus
1048 3649 1203 3710 redeuntes
1221 3652 1308 3712 illinc

5 3753 11 3766 '
57 3739 196 3823 animos,
217 3749 267 3828 qui
290 3762 396 3807 eterra
415 3745 631 3823 escendebant,
657 3748 779 3829 pulvere
790 3795 798 3824 ‚
827 3749 959 3829 squalore
977 3749 1124 3826 macieque
1144 3747 1309 3827 confectos,

58 3847 116 3928 qui
147 3866 216 3906 vero
244 3867 259 3905 e
289 3844 370 3905 coelo
390 3843 627 3921 descendebant,
649 3867 746 3926 puros.
790 3846 848 3906 Hic
867 3861 962 3906 autem
980 3860 1100 3908 cunctos
1121 3847 1257 3907 narrabat
1277 3849 1310 3908 iu

59 3956 166 4028 prato,
199 3957 337 4022 tanquam
360 3942 469 4003 celebri
500 3943 533 4001 in
562 3957 730 4018 conventu,
760 3944 818 4004 sihi'
845 3945 972 4005 invicem
995 3943 1116 4019 obvios,
1144 3945 1311 4027 complexos
1348 3940 1350 3944 ’

60 4065 93 4104 se
124 4054 226 4100 mutuo
253 4041 343 4102 fuisse
370 4061 402 4100 ac
430 4054 631 4122 percontatos,
661 4061 735 4120 quae
755 4042 815 4100 suis
842 4042 875 4100 in
895 4041 1063 4122 regionibus
1082 4041 1244 4117 vidissent,
1264 4043 1311 4103 'in-

57 4144 157 4220 justos
185 4139 305 4218 quidem
332 4137 465 4199 dolentes
493 4159 526 4198 ac
556 4121 677 4214 tientes,
700 4139 841 4200 malorum
870 4139 1026 4216 memoria,
1047 4159 1120 4218 quae
1146 4139 1201 4200 sub
1226 4141 1312 4200 terris

62 4250 163 4300 essent
186 4238 333 4319 perpessi,
360 4243 454 4315 justos
482 4257 570 4313 vero,
591 4237 698 4318 quide
722 4237 803 4298 coelo
824 4236 1055 4312 descenderant,
1075 4236 1113 4296 de
1133 4237 1250 4314 deliciis
1268 4257 1319 4300 re·v

64 4337 170 4399 tulisse
200 4334 392 4414 infinitaeque
419 4335 632 4415 pulcritudinis
655 4334 838 4416 spectaculis.
861 4333 891 4414 1)
931 4336 1010 4396 Haec
1029 4335 1174 4396 Socrates:
1205 4334 1312 4412 quibus

103 4543 130 4607 1)
149 4545 187 4594 oe
206 4545 268 4611 rep.
288 4542 319 4594 x.
338 4541 398 4594 arr.
419 4541 448 4595 c.
466 4569 501 4582 -
518 4541 576 4594 615.
597 4544 628 4594 a.
