2908 5114
740 313 799 373 354

153 479 322 559 Quaerebat
338 456 487 536 scientiain
516 472 617 550 illam,
649 497 709 536 non
737 475 888 535 tractabat.
931 475 1012 535 Fecit
1031 477 1172 551 omnine,
1201 479 1279 557 quod
1308 477 1387 538 idem

151 578 311 651 Socratici,
331 573 410 654 quod
432 571 598 653 Xenophon
617 587 645 632 et
664 572 747 633 Plato
766 573 895 634 fecerant
905 593 1015 654 ,quum
1024 575 1182 655 perfectam
1198 575 1252 634 ille
1269 597 1388 635 monar-

152 675 266 749 chiam,
286 673 335 734 hic
351 671 561 752 rempublicam
581 671 773 732 describeret:
797 672 839 732 sic
859 672 912 732 illc
931 673 1102 748 scientiam,
1133 693 1206 752 quae
1233 675 1387 734 mathema·

148 774 241 847 ticae,
272 790 344 851 qnae
375 771 533 852 physicae,
554 791 628 849 quae
647 771 768 830 caeteris
789 784 946 851 praestaret
964 771 1118 846 omnibus,
1136 793 1202 831 cnm
1222 773 1386 850 quaesivit,

148 873 260 930 tamin
277 893 363 953 opere
383 865 450 948 arpi
476 867 537 929 τῶν
558 863 634 946 μετά
654 863 692 930 td
715 863 824 950 φυσικὰ
845 857 1033 930 adumbravit
1050 891 1084 929 ac
1105 870 1268 952 descripsit

189 967 248 1029 Sed
263 971 396 1049 quamvis
413 969 450 1028 ab
471 971 638 1052 usurpanda
657 970 864 1050 tractandaque
882 968 937 1028 hac
964 967 1069 1029 divina
1088 969 1211 1028 scientia
1240 968 1386 1028 abstinue·

148 1067 187 1124 rit
207 1066 392 1143 Aristoteles,
422 1068 462 1127 sic
482 1069 543 1150 ipse
567 1070 628 1146 ejus
650 1067 805 1149 splendore
832 1080 933 1148 captus
963 1079 992 1125 et
1011 1080 1178 1126 occaecatus
1208 1067 1297 1126 ferme
1324 1081 1385 1140 est,

150 1176 183 1222 ut
199 1164 254 1224 rix
274 1163 365 1224 ullius
385 1165 552 1246 philosophi
571 1165 609 1226 de
630 1164 718 1224 rebus
735 1164 976 1246 intelligibilibus
1005 1165 1180 1224 sententiam
1211 1165 1385 1247 perspiceret

146 1273 242 1337 recte,
263 1260 371 1342 placita
388 1278 464 1324 certe
482 1285 547 1324 curn
567 1279 762 1340 caeterorum,
783 1279 846 1324 turn
862 1264 955 1344 ipsius
974 1261 1047 1322 adeo
1066 1263 1198 1342 magistri
1218 1264 1262 1354 sui
1280 1261 1318 1321 ad
1334 1263 1385 1320 hu·
1430 1301 1433 1310 ·

146 1358 194 1434 jus
214 1361 352 1420 scientiae
371 1383 502 1422 normam
520 1363 767 1442 interpretaretur.
809 1363 881 1420 Nam
900 1359 978 1420 idem
1003 1380 1172 1420 caussarum
1187 1359 1384 1438 exquirenda-

148 1476 213 1513 rnm
228 1457 375 1533 studium,
396 1458 475 1538 qnod
493 1460 603 1520 Ionicis
623 1453 855 1540 philosophicae
879 1458 1027 1539 Leucippo
1047 1471 1077 1516 et
1105 1460 1270 1518 Democrito
1300 1459 1385 1516 attri-

147 1552 249 1612 buerat
259 1600 268 1630 ,
289 1556 475 1636 Pythagoreis
494 1557 603 1638 pariter
621 1569 706 1635 atque
726 1556 883 1632 Eleaticis,
914 1557 973 1616 imo
992 1556 1107 1614 Platoni
1137 1554 1281 1614 obtrusit:
1302 1555 1383 1633 quasi

146 1657 284 1718 numeria
303 1651 350 1710 illi
371 1654 543 1734 placitisque
562 1654 600 1714 de
618 1655 747 1733 eoquod
765 1666 829 1731 est,
850 1654 932 1734 quasi
954 1654 1031 1712 idaia
1050 1653 1132 1712 Plato
1153 1673 1250 1712 rerum
1271 1673 1384 1711 caussas

147 1748 355 1827 significassem
377 1749 455 1828 quod
474 1749 671 1812 demonstrare
688 1767 838 1827 accurate,
860 1751 996 1812 adductis
1025 1771 1062 1808 ex
1091 1751 1154 1832 ipso
1174 1749 1383 1823 Platonelocis,

148 1845 181 1902 in
201 1845 302 1904 eodeni
320 1845 375 1906 hoc
393 1849 429 1908 de
448 1852 653 1928 metaphysica
674 1871 760 1932 opere
779 1865 899 1910 conatus
916 1863 968 1909 est.
992 1847 1022 1928 l)
1053 1846 1155 1907 Simile
1174 1847 1383 1926 quodammodo

149 1953 216 2000 ante
233 1943 416 2004 Aristotelem
438 1948 606 2028 Protagorae
625 1940 772 2027 negotium
794 1949 888 2007 fuerat
898 1993 907 2021 ,
938 1946 989 2024 qui
1007 1945 1047 2004 sic
1067 1943 1240 2024 sophisticae
1259 1965 1382 2024 parens,

146 2052 179 2098 ut
197 2038 223 2098 is
240 2040 453 2122 metaphysicae
474 2042 570 2103 dictus
588 2044 762 2124 habitusque
780 2057 832 2104 est.
874 2045 1033 2122 Antiquam
1061 2040 1112 2099 hic
1130 2055 1221 2101 artem
1248 2042 1382 2123 sophisti-

146 2155 209 2198 cam
237 2135 372 2215 dixerat,
402 2161 456 2216 nec
487 2141 580 2200 solum
610 2163 626 2199 a
654 2140 853 2222 philosophis,
885 2140 936 2199 sed
956 2162 973 2199 a
990 2139 1099 2220 potitis,
1127 2139 1166 2197 ab
1180 2141 1326 2214 Homero,
1348 2140 1382 2199 ab

144 2233 295 2312 Hesiodo,
323 2235 526 2313 eSimonide,
556 2239 630 2316 quin
661 2240 748 2297 etiam
774 2237 811 2296 ab
840 2237 957 2318 Orpheo
976 2251 1005 2298 et
1023 2238 1162 2311 Musaeo,
1183 2238 1382 2317 pariterquea

146 2332 269 2392 musices
286 2346 316 2391 et
333 2335 529 2413 gymnasticae
547 2335 698 2413 magistris.
721 2334 759 2395 ad
788 2336 901 2415 generis
930 2335 1052 2394 humani
1079 2333 1191 2393 cultum
1221 2334 1382 2394 adhibitam

139 2449 213 2489 esse.
235 2427 268 2507 2)
304 2429 350 2488 Sic
381 2430 568 2506 Aristoteles,
607 2453 664 2510 quo
694 2432 757 2512 ipse
783 2432 923 2493 tendebat
951 2433 1057 2508 unice,
1078 2429 1179 2491 eodem
1198 2453 1298 2491 omnes
1317 2447 1381 2492 ante

146 2529 241 2608 ipsum
257 2527 446 2610 philosophos
464 2528 665 2605 contendisse,
687 2529 821 2610 quodque
842 2531 996 2591 invenerat
1014 2531 1077 2611 ipsc
1096 2528 1146 2588 vel
1163 2530 1310 2590 invenisse
1326 2529 1380 2589 sibi

145 2624 320 2701 videbatur,
341 2624 374 2685 id
392 2646 491 2685 omnes
510 2618 684 2705 quiesivisse
704 2629 785 2686 omni
805 2648 895 2702 aevo,
926 2628 1112 2709 opinabatur.
1153 2628 1261 2687 Nocuit
1287 2642 1380 2688 autem
1450 2709 1451 2712 Ἰ

145 2722 186 2782 ita
218 2738 347 2785 veterum
373 2715 613 2804 phildsophorum
640 2725 876 2804 interpretationi
907 2724 1112 2798 vehementer,
1143 2737 1207 2783 tum
1238 2747 1323 2800 vero,
1351 2739 1381 2783 ut

147 2841 266 2902 aegrea
294 2821 559 2902 posteris-fereque
587 2843 722 2903 peruersa
750 2821 835 2882 modo
866 2823 1069 2902 acciperentur
1098 2821 1230 2884 Platonis
1257 2824 1379 2904 placita,

144 2920 223 2981 idern
248 2920 342 2979 effecit
368 2920 503 2979 maxime.
545 2922 610 2995 Quo
642 2919 733 2997 magis
762 2917 865 2993 nobis,
897 2933 929 2978 nt
954 2919 1093 2994 fecimus,
1113 2933 1174 2980 tota
1192 2918 1379 3000 proponenda
1449 2995 1450 3006 ἵ

145 3019 206 3095 ejus
236 3016 433 3098 metaphysica
462 3017 637 3092 videbatur,
668 3028 702 3074 ut
728 3030 804 3075 recte
833 3015 871 3074 ab
890 3016 943 3076 illa
968 3017 1147 3076 Platonicam
1166 3015 1378 3098 philosophiam

143 3113 396 3207 distingueremus.

167 3296 407 3371 Darae-snae
425 3308 687 3369 Platonicae
708 3320 748 3368 et
768 3308 1095 3368 Aristotelicae
1115 3310 1358 3371 discrimen.

184 3506 309 3568 Juvenis
325 3505 445 3565 omnino
465 3503 613 3582 Socrates,
632 3519 664 3565 ut
681 3505 718 3564 de
745 3523 805 3564 sese
825 3503 904 3586 apud
924 3504 1073 3564 Platonem
1093 3504 1222 3578 latetm,
1251 3501 1376 3564 admira-

146 3620 193 3666 tus
213 3607 400 3684 Anaxagorae
420 3601 582 3664 doctrinam
602 3617 663 3679 est,
683 3623 813 3682 quaeqae
832 3601 903 3661 inde
923 3601 960 3662 de
979 3613 1077 3662 mente
1092 3615 1259 3682 perceperat
1278 3613 1374 3660 ettam

145 3701 442 3784 amplexusavidecst
452 3702 740 3782 etprobavitpostea3
750 3721 915 3759 caussarum
925 3721 994 3762 vero
1003 3701 1085 3760 illam
1095 3713 1125 3759 et
1142 3699 1374 3778 disquisitionem

144 3814 173 3858 ct
194 3800 417 3880 explicationem
428 3821 488 3859 non
504 3799 650 3880 probavit.
671 3800 729 3859 Nec
740 3797 826 3856 aliter
836 3799 930 3859 visum
940 3799 997 3858 sihi
1008 3799 1096 3858 fuisse
1108 3798 1187 3879 ,ipse
1198 3796 1278 3856 Plato
1286 3796 1320 3854 in
1331 3817 1374 3854 eo·
1446 3797 1447 3800 ’

147 3896 214 3956 dem
231 3896 556 3964 illoSocratisscrmone
577 3895 749 3970 enarrando,
759 3893 921 3956 declaravit
939 3897 1018 3956 satis.
1037 3897 1110 3956 Nam
1118 3895 1198 3975 quod
1217 3893 1253 3954 de
1269 3893 1376 3952 caussis

143 3994 206 4054 illic
228 4007 413 4073 quaerentem
432 3994 577 4054 Socratem
596 3993 731 4068 inducit,
758 3985 893 4067 τύπους
912 4015 1027 4070 rerum,
1056 4015 1137 4069 nou,
1168 4007 1200 4052 ut
1228 3990 1374 4052 Aristoteli

143 4092 273 4171 placuit,
294 4111 389 4151 rerum
408 4090 525 4172 proprie
542 4092 583 4151 sic
603 4090 696 4150 dictas
712 4113 826 4153 caussas
845 4093 1003 4154 intellexit.
1031 4091 1091 4152 Sed
1109 4092 1205 4174 ipsum
1226 4087 1373 4148 audiamus

145 4189 298 4249 Socratem.
344 4209 359 4242 a
370 4190 505 4267 Dejectns
526 4188 634 4269 igitur,
655 4189 773 4271 inquit,
793 4191 916 4276 miritica
934 4190 988 4250 illa
1005 4210 1055 4270 spe
1065 4187 1372 4281 ,Urejcctbquehnaxa

178 4397 203 4460 1)
221 4398 301 4450 Arist.
315 4399 422 4466 Metapb.
440 4396 460 4448 l.
478 4414 503 4466 p.
523 4398 563 4451 10.
582 4398 623 4452 ta.
642 4395 684 4450 15.

175 4480 202 4543 2)
220 4483 295 4535 Plato
307 4483 406 4551 Protap.
423 4481 482 4534 sto.
501 4483 533 4534 l).
