2838 5120
701 261 760 322 sot

109 415 147 478 de
176 418 213 476 iis
242 433 451 497 cognoverant,
482 441 515 480 eo
542 423 630 501 magis
654 437 682 483 et
712 422 903 504 cognoscendi
923 441 1048 483 amorem
1064 403 1239 507 explebant,
1257 442 1290 488 et
1305 427 1338 488 id

109 513 188 593 quod
215 515 399 596 spectabant,
429 519 514 596 quale
545 535 635 596 essct,
657 521 892 600 assequebantur.
933 523 992 581 Nec
1010 523 1223 602 dubitandum,
1243 527 1338 606 quin,

110 616 134 676 si
164 614 212 676 vel
242 613 306 674 illis
332 615 451 676 senibus
469 618 601 694 Helena,
623 618 671 679 vel
690 620 851 700 Antigonae
870 618 1053 702 paedadogus
1073 621 1227 700 defuisset,
1246 625 1340 684 iidem

109 729 205 774 tamen
231 711 275 798 aqi
300 706 385 786 ἕντός
414 715 525 776 scilicet
554 719 614 779 illo
634 712 712 795 μετιὶ
733 718 816 800 σιγῆς
838 711 968 803 διαλόγῳ
999 742 1043 781 res
1069 721 1127 782 sibi
1154 723 1238 799 istas,
1266 743 1341 802 quas

111 814 269 891 videbant,
301 816 325 875 si
356 817 452 876 minus
482 815 692 896 explicuissent
724 821 830 902 plane,
862 821 1010 904 explicare
1040 833 1116 882 certe
1143 820 1196 880 bac
1225 822 1340 882 ratione

110 913 296 974 studuissent.
337 915 394 974 Dos
419 934 522 994 nempe
550 915 731 978 admirabilis
757 919 810 978 illa
837 920 949 1000 ingenii
977 919 1098 980 humani
1127 934 1186 994 est,
1212 941 1268 998 qua
1286 939 1342 1000 pcr

112 1007 265 1095 διαιρέσεις
285 1027 313 1072 et
335 1006 505 1094 συναγωγάς
526 1014 658 1076 invenit:
676 1018 825 1079 ‚inventas
852 1018 906 1078 bac
924 1018 1005 1078 Plato
1025 1018 1099 1079 dicit
1117 1033 1192 1078 artes
1210 1038 1340 1096 quasque

112 1117 267 1192 maximas5
297 1114 348 1176 sed
373 1137 433 1174 non
460 1114 519 1174 alia
546 1129 606 1189 est,
636 1137 693 1195 qua
720 1136 817 1176 omnes
845 1116 937 1176 omnis
964 1117 1076 1198 generis
1103 1115 1340 1195 conditionisque

110 1213 244 1274 bomincs
269 1213 306 1272 ad
335 1234 430 1271 rerum
456 1213 701 1292 qualiumcunque
728 1214 921 1294 cognitionem
944 1216 1139 1297 perveniunt:
1161 1211 1340 1300 perveniunt

110 1325 204 1371 autem
231 1313 290 1370 fere
321 1310 413 1386 illuc,
435 1313 495 1386 sic,
516 1312 613 1392 prouti
631 1311 778 1388 diximus,
799 1319 903 1388 intua,
924 1313 1003 1392 quod
1022 1313 1107 1395 pueri
1125 1313 1240 1388 solent,
1261 1319 1338 1393 cogi·

111 1421 210 1472 tenter
228 1433 327 1470 recum
346 1425 373 1471 et
393 1413 597 1489 colloquentes.
626 1425 629 1430 '

148 1511 225 1570 Huic
259 1511 348 1591 igitur
371 1509 504 1590 snaturali
534 1508 660 1570 hominis
681 1508 853 1570 dialecticae
880 1512 1038 1590 analytica
1056 1509 1231 1590 respondet,
1251 1530 1343 1588 quam

107 1610 139 1670 in
171 1608 294 1688 dialogis
320 1608 401 1668 Plato
429 1608 593 1689 usurpavit,
625 1609 775 1667 combaudo·
799 1630 872 1668 ora:
892 1629 945 1668 nec
963 1623 1068 1668 temere
1086 1622 1261 1681 statuamus,
1284 1628 1342 1686 quo

105 1708 194 1787 magis
221 1706 290 1765 haec
322 1727 369 1765 ars
393 1700 573 1785 'colloquium
595 1706 673 1766 illud
693 1707 837 1783 hominis,
858 1727 914 1787 quo
933 1728 1028 1768 secum
1044 1727 1089 1768 res
1108 1706 1249 1766 discernit
1264 1707 1338 1784 jun-

25 1804 33 1814 “
105 1806 220 1886 gitque,
251 1825 301 1863 seu
329 1805 425 1886 potius
455 1805 601 1865 effluvium
622 1804 759 1884 colloquii
779 1827 845 1866 cum
860 1828 949 1883 sono,
969 1826 1054 1885 quem
1072 1827 1236 1864 samonam
1254 1825 1340 1865 voca-

107 1925 189 1980 mus,
220 1903 361 1963 imitando
388 1904 541 1984 exprimit,
573 1925 605 1964 eo
635 1904 717 1964 illam
745 1905 833 1986 magis
850 1919 878 1965 et
894 1913 1014 1966 naturae
1032 1924 1090 1964 esse
1114 1917 1349 1963 consentaneam·

104 2016 133 2063 ct
160 2000 327 2086 bominibus
347 2001 509 2062 salutarem.
552 2003 720 2084 Opportune
740 2016 835 2062 autem
854 2003 938 2064 nobis
957 1987 1090 2065 videmur
1107 2001 1238 2060 Helenae
1257 1999 1338 2082 apud

104 2102 259 2161 Homerum
282 2114 309 2159 et
324 2100 480 2182 paedagogi
501 2101 532 2159 in
552 2101 715 2160 Phoenissis
731 2100 898 2181 Euripideis
916 2101 1092 2162 mentionem
1111 2101 1224 2160 fecisse.
1261 2099 1334 2158 Nam

20 2220 22 2226 ¹
104 2200 187 2280 quod
210 2199 267 2270 illa,
292 2199 454 2274 Priamum,
485 2198 533 2257 hic
563 2199 736 2278 Antigonam
760 2200 864 2276 juvat,
895 2213 944 2274 ut,
974 2219 1047 2278 quae
1065 2211 1167 2280 sponte
1188 2197 1330 2278 explicare

103 2296 219 2356 sibimet
245 2297 315 2376 ipsis
344 2295 523 2371 debuerant,
554 2299 681 2377 ipsorum
709 2288 799 2356 ductu
826 2297 943 2356 facilius
970 2297 1164 2379 perspiciant,
1195 2295 1229 2355 id
1245 2293 1334 2375 plane

104 2394 251 2476 scriptoris
275 2414 381 2453 munus
401 2407 450 2454 cst.
487 2395 525 2455 Et
545 2415 612 2454 vero
632 2395 673 2452 sie
692 2395 753 2475 ipsa
771 2391 860 2470 Ilias,
882 2397 959 2477 ipsae
979 2394 1150 2454 Phoenissae
1157 2439 1169 2469 ,
1188 2394 1230 2454 sic
1249 2392 1338 2452 nulla

102 2515 161 2553 non
187 2514 252 2552 cum
280 2493 425 2574 epicorum
453 2507 514 2554 tum
542 2493 714 2572 tragicorum
733 2507 761 2554 et
780 2495 952 2554 comicorum
971 2493 1099 2553 carmina
1116 2492 1186 2551 huic
1207 2491 1341 2550 naturali
1413 2494 1417 2505 '

101 2591 277 2672 respondent
306 2590 432 2650 bominis
457 2590 636 2651 dialecticae.
677 2591 713 2650 ln
730 2591 840 2652 medias
858 2613 912 2652 nos
928 2613 972 2651 res
990 2593 1108 2672 rapiunt
1122 2611 1221 2651 eorum
1238 2605 1342 2650 aucto·

101 2710 145 2749 res
155 2737 164 2765 ,
181 2693 343 2769 juvantque
361 2711 414 2750 nos
433 2691 466 2750 in
482 2689 605 2770 singulis
622 2690 776 2772 cernendis
794 2705 822 2752 et
839 2690 1053 2771 conjungendis
1071 2690 1226 2752 universis.
1245 2689 1341 2766 Quod

101 2801 176 2847 recte
195 2788 271 2850 vidit
290 2789 425 2848 Horatius
445 2788 514 2848 artis
533 2788 629 2868 epicae
649 2789 797 2869 proprium
817 2811 893 2849 esse:

259 2884 320 2945 Nec
338 2895 456 2968 gemino
477 2887 586 2946 bellum
606 2886 774 2962 Trojauum
796 2891 918 2947 orditur
936 2890 973 2946 cd
991 2911 1059 2946 ooo:

257 2985 381 3065 Semper
398 2988 442 3044 od
460 2995 596 3044 eventum
614 2987 762 3062 fectinet,
794 2993 873 3044 etin
900 2989 1057 3046 medior
1085 3007 1172 3060 raa,

255 3081 322 3143 Non
344 3107 426 3146 aecus
446 3105 480 3143 oc
498 3070 603 3160 notae,
624 3086 793 3143 auditorem
819 3093 913 3162 rapit.
938 3084 967 3166 1)

102 3183 139 3242 Et
159 3181 229 3240 hinc
250 3183 367 3260 quidem
388 3184 461 3242 mira
484 3181 536 3242 illa
558 3203 690 3262 magnam
717 3197 826 3264 partem
846 3183 1003 3265 repetenda
1028 3182 1162 3264 voluptas
1182 3181 1337 3261 animique

98 3279 250 3340 oblectatio
269 3294 310 3339 est
321 3328 329 3355 ‚
344 3287 406 3360 'qua
426 3296 454 3340 et
474 3280 691 3366 hacc-carmina
710 3302 727 3338 a
747 3282 854 3366 teneris
875 3297 903 3341 et
923 3281 1061 3366 deinceps
1082 3279 1210 3361 dialogos
1231 3279 1336 3340 Plato-

99 3379 145 3438 nis
166 3377 293 3458 legimus.
336 3381 408 3438 Nam
433 3392 464 3438 ut
486 3401 571 3438 unam
593 3379 716 3440 Iliadem
744 3401 949 3456 memoremus,
981 3382 1013 3440 in
1042 3379 1164 3461 legenda
1183 3379 1238 3438 illa
1268 3381 1335 3462 pri-

99 3498 177 3536 mum
188 3523 196 3553 ,
218 3497 290 3557 quae
307 3491 426 3538 naturae
447 3477 519 3537 ratio
541 3493 601 3554 est,
623 3479 743 3538 confusa
762 3477 847 3539 nobis
866 3493 1006 3561 apparent
1025 3480 1130 3540 omnia.
1172 3478 1335 3540 Versamur

96 3578 130 3639 in
151 3577 249 3637 castris
268 3575 460 3647 Graecorum:
482 3576 614 3639 videmus
639 3576 828 3657 audimusque
856 3578 986 3638 dicentes
1014 3579 1161 3659 principes
1181 3577 1334 3636 exercitiis

48 3743 52 3747 ,
97 3677 203 3752 duces,
225 3678 484 3757 Agamemnonem,
510 3675 673 3752 Achillem,
703 3677 867 3735 Nestorem:
898 3675 965 3736 illos
986 3676 1169 3738 vehementer
1196 3695 1229 3733 se
1251 3677 1334 3736 invi·

96 3797 158 3834 cem
186 3773 386 3855 objurgantes:
427 3774 527 3849 hunc,
556 3772 705 3855 placidum
733 3795 848 3848 senem,
878 3774 1033 3833 conciliare
1063 3773 1110 3833 eos
1140 3772 1331 3850 studentem

95 3872 165 3947 scd,
187 3873 305 3951 quinam
325 3874 385 3936 sint
406 3873 452 3932 illi
476 3871 605 3951 singuli,
634 3871 711 3931 unde
738 3873 883 3954 proiecti,
904 3872 976 3951 quid
996 3871 1172 3947 moliantur,
1202 3873 1331 3950 quinam

96 3971 215 4048 Trojani
234 3973 308 4046 sint,
330 3990 461 4051 *quorum
481 3971 590 4029 mentio
609 3969 641 4030 fit
660 3970 839 4046 identidem,
861 3970 925 4049 quis
944 3971 1091 4045 Priamus,
1113 3970 1176 4049 quis
1194 3970 1329 4045 Hector,

96 4071 266 4152 ignoramus.
308 4071 416 4131 Verum
436 4075 538 4151 pocta,
560 4084 592 4130 ut
615 4070 672 4129 huc
694 4093 746 4131 nos
765 4071 845 4150 quasi
865 4070 903 4131 ad
923 4068 1111 4151 spectandum
1131 4085 1158 4129 ct
1178 4070 1271 4130 veluti
1295 4071 1328 4128 iu

96 4169 243 4251 speculam
264 4169 369 4244 duxit,
391 4151 431 4228 ita
453 4169 599 4230 narrando
619 4169 757 4252 deinceps
777 4190 930 4249 eorumque
944 4160 1123 4229 sermonibus
1141 4166 1327 4250 proferendis

50 4331 56 4342 ¹
97 4265 204 4343 efficit,
226 4282 258 4329 ut
278 4284 305 4329 ct
323 4269 442 4349 quinam
460 4269 518 4326 sint
539 4267 586 4326 illi
607 4289 704 4328 omnes
721 4282 749 4328 et
774 4289 842 4329 vero
863 4267 981 4347 quales,
1001 4265 1146 4328 ceriiendo
1173 4285 1326 4345 cognosca-

129 4475 155 4542 r)
174 4479 251 4548 ιρι-ει.
268 4481 301 4530 aa
319 4480 370 4531 ra.
392 4495 430 4530 vs.
452 4473 631 4529 rar-rso)
696 4459 700 4470 '
