2886 5118
730 227 790 288 ihi

148 392 240 453 tionis
259 401 391 463 nostrae3
415 401 605 453 ueruntameu
624 409 685 450 non
700 389 770 453 talia
784 388 838 452 hos
855 407 917 450 esse
930 386 1243 468 impedimentacenset
1252 431 1261 461 ,
1279 387 1361 465 qualia

147 511 209 551 uon
231 507 365 570 superare
386 487 535 566 possimus.
577 487 639 550 luto
659 508 729 552 raro
747 487 801 550 hoc
822 486 855 550 iu
876 486 979 566 primis
998 486 1144 567 preposite
1163 485 1361 564 imaginemur

147 588 194 647 bis
214 587 368 668 speluncae
389 586 557 666 proposuit,
579 600 629 662 ut,
657 584 898 667 quemadmodum
917 605 969 642 nos
979 629 988 658 ,
1014 583 1124 644 mundo
1143 577 1246 668 ὁρατῷ
1263 584 1362 656 relicto,

146 687 208 766 ipsa
228 686 375 745 intuentes
396 677 479 767 αὐτῷ
501 683 546 768 τῷ
562 683 605 768 νῷ
632 701 748 746 aeterna
769 685 832 745 veri
863 684 1058 764 exemplaria,
1090 684 1128 744 ad
1149 687 1213 744 veri
1234 685 1362 743 scientiam

147 782 366 858 accederemus,
397 785 522 856 duceret
564 786 676 848 leciroo
694 806 754 846 uon
774 782 953 848 retinebatur
981 802 1157 864 magnopere
1185 782 1363 864 philosophus,

146 883 312 961 quominus
331 896 450 941 naturae
470 882 634 957 humanae,
651 903 738 962 quam
759 881 907 946 infinitam
924 879 1052 940 habehat
1061 925 1070 954 ,
1089 903 1245 962 congruam
1266 879 1362 938 esseho-

147 981 235 1039 minis
256 981 287 1039 in
311 981 372 1039 veri
394 982 515 1040 scientia
544 975 788 1063 progressionem
802 979 990 1052 existimaret.
1032 980 1111 1053 Quin
1130 982 1236 1053 etiam,
1257 999 1363 1038 vconser-

146 1093 264 1140 taueum
284 1077 339 1140 hoc
360 1099 477 1158 prorsus
504 1081 634 1144 Platonis
649 1077 865 1161 ⁴philosophiae
885 1098 964 1152 esse,
993 1097 1030 1140 en
1049 1080 1110 1156 ejus
1123 1077 1277 1138 dialectica
1294 1089 1361 1157 patet.

146 1179 219 1238 Tota
241 1173 330 1250 haec,
352 1190 384 1236 ut
402 1178 549 1254 vidimus,
570 1179 718 1240 cernendo
738 1174 964 1257 jungendorum
986 1177 1046 1240 imo
1065 1177 1250 1239 inveniendo
1268 1195 1363 1256 progre-

146 1274 236 1336 ditur.
280 1275 434 1336 Geruendo
455 1299 500 1338 res
520 1279 668 1354 declarat,
695 1275 847 1357 jungendo
865 1275 903 1338 ad
920 1276 1122 1338 conclusiones
1141 1289 1170 1336 et
1185 1275 1296 1354 judicia
1311 1293 1362 1355 per·

144 1375 245 1451 reuit3
267 1375 332 1450 sed,
353 1396 427 1452 quae
447 1378 603 1454 conjunxit
621 1376 801 1451 identidem,
821 1395 927 1437 noram
948 1395 982 1436 ea
1004 1373 1102 1436 denuo
1111 1375 1202 1436 hahet
1212 1371 1361 1455 explorandi

143 1473 343 1553 cernendique
363 1475 511 1534 materiem
521 1521 531 1552 ,
552 1476 632 1536 unde
649 1497 742 1538 novae
761 1475 831 1535 item
851 1474 914 1538 sire
934 1473 1145 1534 conductiones
1159 1474 1227 1535 sive
1244 1474 1362 1550 conjunt-

145 1573 239 1632 tiones
257 1573 411 1647 oriuntur,
433 1587 465 1632 ut
490 1575 664 1634 inveniendi
693 1595 746 1634 nec
765 1573 868 1634 modus
886 1593 940 1632 nec
954 1572 1023 1632 finis
1044 1587 1182 1654 appareat
1207 1568 1246 1651 l).
1284 1567 1362 1627 lulis

147 1684 243 1732 autem
262 1669 344 1730 Plato
363 1692 423 1730 uon
441 1687 623 1752 praesentem
648 1685 761 1732 tantum
786 1671 861 1731 hanc
883 1669 1077 1730 eruditionem
1096 1684 1226 1730 nostram
1245 1667 1361 1750 respexit,

145 1769 210 1842 sed,
232 1790 297 1828 cum
318 1769 508 1830 immortalem
538 1792 597 1831 esse
628 1773 757 1831 animum
777 1765 932 1844 statueret,
957 1769 1036 1848 quod
1054 1771 1087 1828 in
1108 1768 1162 1830 hoc
1183 1787 1309 1850 corpore,
1325 1785 1362 1846 per

144 1866 197 1927 hos
214 1888 332 1942 sensus,
353 1883 492 1948 tanquam
522 1871 664 1945 nuncios,
695 1862 781 1929 nohis
802 1887 972 1948 cognoscere
1002 1889 1062 1928 non
1082 1867 1206 1943 liceret,
1224 1865 1257 1926 id
1272 1867 1361 1926 futurae

145 1967 223 2026 vitae
242 1963 420 2028 destinavit:
443 1968 696 2047 utquodammodo
707 1967 850 2048 quadrare
870 1966 903 2026 in
920 1969 982 2046 ejus
1001 1965 1219 2048 philosophiam
1239 1961 1360 2033 rideatur,

133 2062 222 2146 ‘quod
241 2063 278 2128 de
299 2080 487 2126 monumento
508 2087 574 2126 cum
603 2063 847 2148 inscriptionibus
873 2065 1135 2126 Hemsterhusiano
1160 2056 1358 2140 monuimutdl.

147 2163 275 2224 Eatenus
296 2185 376 2224 nunc
398 2164 517 2244 quidem
543 2187 614 2240 nos,
645 2179 677 2225 ut
698 2165 751 2224 ille
772 2165 831 2238 ait,
862 2162 1016 2223 derorum
1047 2164 1240 2225 universitate
1256 2157 1358 2237 judicare

122 2283 314 2342 ·possurnus,
335 2277 477 2341 quatenus
499 2285 551 2324 nos
573 2267 634 2342 ejus
656 2264 791 2329 certiores
814 2283 915 2322 sensus
934 2261 966 2321 hi
988 2263 1079 2322 nostri
1098 2262 1234 2338 faciunt,
1259 2274 1288 2319 ut
1303 2275 1360 2327 retu,

146 2359 249 2418 relicto
267 2359 321 2418 hoc
353 2381 489 2441 corpore,
519 2363 633 2422 animus
663 2383 716 2442 per
736 2361 810 2420 alios
829 2361 955 2422 nuncios
983 2360 1054 2420 alias
1074 2361 1274 2420 universitatis
1291 2367 1361 2438 pem

149 2457 300 2537 explorare
321 2459 466 2538 coeperit,
499 2459 531 2518 in
563 2473 712 2519 aeternum
742 2458 898 2540 procedere
925 2460 959 2520 in
996 2479 1092 2518 rerum
1121 2459 1245 2518 scientia
1272 2452 1359 2539 poterit

151 2553 367 2636 Quodammodo
387 2556 457 2616 haec
479 2557 544 2617 dixi
567 2559 596 2616 in
621 2557 836 2640 philosophiam
858 2556 989 2618 Platonis
1009 2555 1170 2636 quadrare:
1193 2578 1260 2617 nara
1278 2555 1360 2632 depr·

146 2654 229 2716 tibus
247 2653 370 2729 mundi,
401 2656 569 2716 etiamnunc
604 2679 656 2716 nos
686 2677 822 2715 sensuum
853 2657 969 2720 defectu
996 2654 1177 2731 latentibus,
1210 2677 1247 2714 ne
1266 2650 1359 2714 remu·

147 2753 266 2832 quidem
287 2753 367 2833 apud
396 2767 522 2814 veterem
550 2754 777 2836 philosophum,
812 2755 883 2829 sed,
909 2751 989 2832 quod
1020 2736 1190 2834 perpetuam
1209 2746 1361 2812 hominisir

55 2841 57 2846 ¹
153 2851 216 2912 veri
236 2851 358 2910 scientia
389 2853 617 2933 progressionem
645 2853 768 2928 attinet,
800 2853 888 2933 plane
910 2851 1145 2912 Hemsterhusius
1165 2851 1307 2911 Platonem
1324 2866 1363 2904 cx-

149 2950 261 3031 pressit.
303 2951 382 3009 Hinc
411 2965 507 3010 autem
534 2949 669 3028 judicare
699 2950 784 3010 nohis
815 2949 934 3010 tandem
958 2950 1037 3028 juste
1066 2947 1103 3008 de
1133 2971 1202 3010 vera
1225 2942 1361 3030 philosophi

150 3046 289 3106 modestia
311 3046 389 3108 licet.
1152 3050 1157 3064 '

148 3287 151 3290 -
219 3242 789 3323 Do'modesta'ophiloeoplri,
819 3269 906 3304 cum
937 3246 1321 3320 sensufucultulir

313 3363 416 3401 auae
445 3351 678 3401 immensae
706 3352 1064 3422 monimurmmqua
1093 3361 1234 3401 rarum

565 3443 706 3500 studio
732 3449 984 3518 conjuncta.

198 3622 344 3684 admirata
364 3607 564 3684 omnis'aetas
585 3627 615 3684 in
648 3625 795 3685 Socratica
823 3625 1007 3706 philosophia
1027 3621 1234 3686 verecundiam
1255 3613 1363 3680 modesti-

160 3743 262 3800 amque
282 3737 332 3782 est.
376 3725 449 3782 Nam
470 3743 538 3780 cum
559 3737 587 3781 et
616 3723 730 3802 physici
753 3739 782 3783 et
810 3723 999 3804 metaphysici
1022 3743 1134 3782 sarissas
1155 3723 1363 3801 exquiramus

159 3819 266 3896 quibus
287 3820 468 3893 deplacarent
488 3820 585 3881 omnia
596 3865 604 3894 ,
623 3819 756 3880 Socrates
772 3823 840 3880 satis
869 3820 1013 3896 hahebat,
1045 3823 1068 3880 si
1090 3835 1178 3882 semet
1198 3822 1258 3902 ipse
1276 3829 1363 3895 cogn&

160 3929 246 3985 caret.
290 3917 420 3977 Fuerunt
439 3933 551 3991 autem,
571 3919 621 3998 qui
653 3919 867 3999 suspicarentur
894 3919 985 3994 inde,
1014 3919 1104 3998 magis
1122 3918 1198 3978 hanc
1217 3907 1364 4000 philosophi·

162 4033 207 4072 am
230 4012 267 4073 ad
287 4015 440 4075 retinenda
460 4016 611 4076 hominum
630 4016 745 4090 studia,
773 4037 810 4074 ne
829 4017 947 4075 inutilia
978 4015 1025 4077 vel
1043 4017 1131 4076 nimis
1151 4000 1240 4076 ardua
1256 4005 1365 4096 aggrede-

156 4125 284 4185 rentur,
306 4133 392 4190 quam
414 4114 452 4174 ad
473 4113 631 4174 excitanda
658 4111 839 4192 alendoque,
871 4127 966 4196 aptam
988 4111 1076 4174 fuisse
1098 4129 1125 4172 et
1147 4109 1364 4174 accommodatam·

201 4339 226 4403 1)
246 4338 294 4392 cr,
314 4356 379 4408 quae
399 4340 431 4392 de
450 4338 490 4392 his
509 4357 588 4407 supra
604 4343 748 4396 monuimus
767 4359 793 4410 p.
812 4339 871 4394 28l.

202 4421 229 4489 a)
247 4425 325 4475 nrm
337 4441 362 4492 p.
377 4423 437 4475 aro.
