2898 5120
726 254 784 316 520

129 427 264 504 'juvenes
292 419 376 482 itcile
401 420 503 482 sinunt
530 419 733 502 patrimonium
768 439 850 480 suum
878 417 1039 500 negligere,
1069 419 1100 478 in
1126 417 1290 479 emtionibus
1316 439 1346 478 ac

135 519 308 586 .ioenoribus
335 539 431 580 eorum
459 519 638 598 acquirentes
664 516 760 594 hona,
780 516 974 599 opulentiores
987 517 1077 578 etiam
1095 531 1179 596 atque
1196 515 1347 576 honoratio

143 641 188 680 res
214 619 295 679 liant.
335 617 382 678 Sic
412 615 539 678 reddunt
563 615 630 676 illos
656 614 777 692 molles,
806 615 962 690 delicatos,
992 613 1141 690 socordes,
1162 615 1352 696 voluptatibus

144 739 176 778 ac
200 716 347 779 doloribus
374 713 599 774 succumbentes.
640 713 688 772 Fit
714 727 827 794 autem,
849 728 880 774 ut
909 731 1064 794 pauperes,
1084 711 1123 772 ad
1147 712 1222 772 hanc
1253 712 1354 790 abjecti

145 815 358 889 conditionem,
379 811 502 874 divitum
527 811 643 872 illorum
672 814 774 872 luxum
793 835 852 872 non
869 812 992 873 serentes
1002 856 1011 886 ,
1032 812 1078 872 vel
1096 811 1152 893 ipsi
1173 811 1222 872 vel
1240 809 1356 869 aliunde

146 914 256 974 auxilia
283 913 358 972 nacti
383 909 538 970 seditiones
564 925 708 972 moveant.
749 912 784 970 In
812 910 916 990 quibus
943 910 967 969 si
977 910 1131 984 ⁸vicerint,
1152 910 1250 968 statim
1267 909 1357 968 duno·

144 1013 235 1072 cratia
262 1009 392 1072 exsistit·
422 1005 473 1067 Est
497 1020 591 1068 autem
617 1009 670 1069 illa
697 1009 870 1088 hujusmodi.
911 1007 1008 1068 Liberi
1035 1019 1119 1067 erunt
1137 1028 1254 1082 omnes,
1276 1006 1358 1066 liber-

147 1110 269 1189 tatisque
288 1108 343 1167 erit
360 1120 387 1166 et
405 1101 568 1188 παῤῥησίας
596 1107 683 1188 plena
702 1108 825 1170 civitas:
846 1105 947 1168 licebit
971 1105 1043 1165 adeo
1062 1105 1219 1184 unicuique
1237 1105 1271 1166 id
1288 1103 1361 1184 quod

146 1206 215 1268 ¹vult
232 1225 376 1286 peregere.
398 1272 399 1281 χ
416 1207 557 1281 Quocirca
574 1206 746 1288 pulcerrima
766 1203 915 1267 videbitur
928 1204 998 1264 haec
1019 1202 1198 1285 reipublicae
1216 1202 1362 1278 conditio,

149 1284 256 1385 quippe
274 1323 346 1383 quae
362 1325 498 1385 perquam
512 1306 592 1366 varia
611 1305 739 1366 continet
755 1303 903 1364 hominum
922 1322 1034 1383 genera.
1075 1303 1163 1361 Porro
1180 1300 1286 1360 divina
1304 1301 1362 1360 illic

148 1403 203 1462 erit
222 1403 330 1464 civium
350 1402 427 1478 vita,
447 1423 512 1464 eum
540 1423 632 1483 neque
652 1421 751 1482 cogare
772 1398 981 1482 aragisuatibus
1005 1400 1088 1480 fungi
1094 1445 1104 1476 ,
1122 1400 1149 1468 si
1175 1399 1225 1459 vel
1243 1400 1362 1457 maxime

149 1500 255 1581 possis,
285 1520 379 1579 neque
405 1521 522 1581 parere,
552 1501 576 1562 si
605 1499 699 1575 nolis,
719 1509 824 1578 neque'
839 1497 949 1559 bellum
979 1518 1074 1590 gerere
1100 1497 1168 1557 aliis
1186 1497 1300 1556 bellurn
1319 1518 1363 1576 ge-

151 1597 300 1672 rentibus,
320 1619 412 1677 neque
431 1619 530 1681 pacem
547 1619 627 1680 agere
646 1597 797 1678 agentibus
813 1596 898 1671 aliis,
919 1596 975 1656 nisi
994 1595 1025 1655 id
1052 1596 1182 1676 placeat:
1205 1597 1264 1656 imo
1283 1616 1364 1669 vero,

152 1695 176 1778 si
194 1695 295 1772 quate
314 1692 364 1756 lex
384 1697 522 1777 imperare
549 1708 626 1758 vetet
645 1716 677 1755 ac
704 1695 859 1756 sententias
877 1694 968 1770 ferre,
990 1694 1181 1754 nihilomiuus
1202 1707 1230 1753 et
1250 1693 1365 1774 imperes

152 1806 180 1852 et
199 1793 354 1854 sententias
373 1794 447 1854 feras
471 1795 503 1855 in
519 1795 649 1880 judicio,
669 1792 754 1854 modo
773 1792 826 1854 hoc
846 1786 903 1853 tibi
922 1793 1017 1852 visum
1037 1793 1134 1854 fuerit.
1176 1793 1257 1867 Quid
1275 1807 1365 1852 antem

151 1889 187 1950 de
205 1890 323 1950 lenitate
338 1891 570 1972 erga.damnatos
592 1891 869 1974 dicamlgllomines
886 1891 920 1950 in
937 1891 990 1978 hae
1008 1891 1124 1953 civitate
1144 1891 1279 1952 videmus
1295 1935 1303 1967 ,
1321 1891 1365 1950 vel

153 2002 243 2048 morte
266 1987 314 2050 sel
343 1990 446 2050 exsilio
474 1990 695 2065 condemnatos,
717 1988 908 2050 nihilominus
929 1988 1028 2049 urbem
1054 1989 1181 2049 incolere
1202 2011 1235 2048 ac
1256 1988 1365 2070 prodire

154 2085 188 2145 in
206 2071 358 2163 medium,
388 2101 416 2146 et
444 2110 544 2171 saepe,
572 2090 653 2169 quasi
683 2108 766 2149 nemo
793 2087 826 2148 id
853 2086 951 2149 videat
980 2102 1029 2147 ant
1048 2101 1146 2162 curet,
1167 2087 1264 2147 herois
1282 2087 1364 2146 instar

154 2203 206 2268 per
228 2185 327 2246 urbem
348 2185 491 2248 incedere.
532 2187 579 2248 Sic
596 2188 684 2269 igitur
700 2181 866 2249 suavissima
886 2186 941 2244 erit
957 2186 1027 2246 haec
1046 2185 1229 2268 respublica,
1250 2176 1363 2266 ἰσότητά

155 2303 220 2342 τινα
249 2275 361 2359 ὁμοίως
389 2279 462 2359 ἴδοις
490 2307 521 2347 τε
551 2283 600 2346 καὶ
629 2281 737 2360 ἀνίσοις
759 2277 950 2362 διανέμουσα·
980 2289 1196 2365 aequalitatem
1224 2289 1366 2366 quondam
1439 2325 1440 2362 ,

160 2385 306 2446 similiter
323 2387 495 2462 aequalibus
513 2390 777 2466 inaequalihurque
796 2389 987 2446 distribuens.
998 2411 1013 2444 n
1037 2383 1066 2466 1)

200 2478 244 2540 Sit
270 2501 337 2552 saue
363 2483 403 2541 ita
413 2529 433 2562 ,2
450 2487 546 2564 prouti
574 2485 717 2546 diximus:
740 2487 886 2545 hominnm
904 2485 936 2545 in
953 2483 1204 2563 disquisitionibus
1221 2484 1300 2544 hisce
1318 2505 1367 2542 ma·
1439 2479 1440 2482 ’

159 2580 222 2660 gis,
242 2599 326 2658 quam
354 2588 508 2641 civitatem
537 2604 636 2662 resque
665 2583 766 2645 civiles
792 2582 988 2666 exploraverit
1012 2581 1220 2663 philosophus;
1243 2596 1367 2644 verunta-

161 2697 227 2736 men
236 2721 245 2753 ,
265 2677 343 2756 qnod
361 2679 436 2739 hanc
452 2682 555 2740 attinet
570 2682 743 2763 oligarchiae
762 2682 794 2742 in
811 2681 1010 2742 democratiam
1020 2671 1236 2740 conversionem
1247 2726 1256 2754 ,
1267 2681 1369 2740 etiamsi

160 2775 214 2836 hoc
245 2797 334 2835 unum
364 2777 510 2839 habuisset
534 2780 707 2855 consilium,
727 2795 760 2840 ut
776 2801 838 2838 eam
858 2799 872 2837 e
892 2779 1053 2840 verissimae
1072 2778 1208 2858 politicae
1224 2780 1370 2860 principiis

162 2871 363 2950 adumbrato,
393 2895 453 2936 rem
480 2898 547 2938 sane
574 2877 709 2958 perficere
738 2877 897 2938 accuratius
924 2897 984 2936 non
1010 2877 1156 2957 potuisset.
1210 2875 1369 2940 Cavendum

162 2983 273 3045 antem,
294 2992 331 3030 ne
350 2973 549 3055 reprehensam
567 2976 793 3056 exagitatamque
818 2996 834 3033 a
863 2973 982 3059 Platone
1009 2967 1213 3036 democratiam
1231 2991 1370 3056 puteolus,

162 3067 256 3148 qualis
284 3089 300 3126 a
329 3068 432 3130 Solone
459 3072 552 3132 iuerat
578 3073 698 3132 Athenis
725 3073 880 3142 constituta
906 3093 938 3132 ae
966 3071 1102 3152 deinceps
1121 3072 1158 3131 ab
1177 3076 1293 3154 optimis
1308 3076 1368 3154 qui-

165 3164 275 3244 busque
301 3168 459 3226 oratorihus
492 3171 617 3245 Atticis,
644 3171 681 3228 ab
706 3171 768 3251 ipso
788 3170 1003 3246 Demosthene,
1033 3168 1159 3258 laudata⁸
1176 3184 1220 3230 est
1246 3193 1279 3232 ac
1302 3191 1366 3230 com·

165 3262 307 3323 mendara.
347 3265 410 3346 Ipse
437 3285 498 3324 earn
524 3267 556 3324 in
576 3266 734 3328 Menocrito
752 3268 918 3348 celebravit.
942 3265 973 3348 2)
1012 3268 1054 3327 De
1071 3269 1307 3330 conversionibus
1321 3269 1369 3330 boc

166 3359 229 3420 loco
255 3361 405 3422 civitatum
432 3383 449 3420 a
473 3362 589 3422 meliore
617 3364 654 3425 ad
682 3368 818 3446 pejorem·
834 3364 1028 3426 conditionem
1057 3366 1131 3445 agit:
1153 3367 1271 3448 respicit
1293 3369 1371 3448 igitur

166 3458 276 3518 Atticae
304 3458 420 3547 quidem
446 3461 622 3541 reipublicae
642 3461 863 3538 democratiam,
884 3483 984 3524 verum
1003 3463 1035 3521 cl
1053 3464 1175 3522 maxime
1193 3464 1370 3540 conditione,

165 3578 222 3638 qua
241 3557 290 3616 sul
318 3571 377 3616 erat
403 3571 503 3618 aetate.
543 3559 628 3634 Quod
654 3559 705 3618 ubi
729 3561 951 3636 attenderimus,
973 3560 1113 3640 quadrare
1133 3561 1218 3622 nobis
1239 3563 1307 3622 haec
1326 3565 1371 3624 de-

166 3655 309 3715 mocratici
336 3655 449 3735 imperii
478 3655 633 3739 descriptio
662 3658 694 3719 in
720 3659 850 3719 civitates
879 3679 976 3718 omnes
1001 3673 1029 3718 et
1055 3679 1141 3739 regna
1161 3659 1326 3738 videbitur,
1345 3665 1371 3722 iu

143 3752 288 3831 quibus,
308 3752 404 3834 spretl
430 3755 596 3814 auctoritate
624 3755 717 3837 legum
742 3777 775 3815 ac
802 3777 913 3817 sursum
941 3754 1129 3836 deorsumque
1153 3763 1273 3818 versatis
1292 3763 1371 3820 omoi-

168 3849 240 3925 hus,
270 3871 356 3909 unam
386 3852 483 3918 cuncti
510 3852 614 3913 insano
643 3854 739 3914 studio
768 3869 797 3914 et
825 3854 925 3916 ardore
943 3853 1105 3915 libertatem
1123 3871 1251 3938 erepant.
1292 3861 1370 3918 hecu-

168 3947 304 4007 ratissime
334 3961 426 4008 autem
448 3949 557 4010 *tradite
583 3964 610 4010 et
629 3952 720 4012 veluti
741 3953 773 4011 in
792 3953 891 4012 tabula
912 3953 1044 4034 expressi
1062 3955 1171 4014 Atticae
1192 3955 1370 4018 democratiae

169 4043 354 4120 conditione,
383 4068 467 4125 quam
492 4051 647 4108 Mmodum
676 4050 732 4110 sihi
760 4062 860 4111 notem
886 4050 996 4112 Glauco
1023 4051 1115 4126 dicit,
1145 4052 1295 4114 advirum
1316 4058 1369 4133 jam

853 4227 856 4232 .
1158 4199 1165 4218 ⁸
1254 4207 1262 4234 l

831 4237 842 4264 a

201 4355 227 4420 1)
245 4355 283 4408 na
299 4357 359 4426 aa.
376 4356 437 4410 vm.
456 4356 514 4411 sss.
532 4351 561 4411 s.
580 4387 613 4400 -
630 4359 687 4414 sss.
708 4359 736 4416 c.
754 4325 755 4332 Ν

203 4440 229 4504 2)
247 4443 341 4494 Menan
360 4441 419 4495 238.
483 4509 485 4516 Α

662 4519 671 4562 l
