2924 5132
170 276 206 334 16

251 441 573 510 hermeneumata,
593 447 745 516 Protaporae
759 449 849 518 placito
866 453 987 518 marita,
1007 451 1084 504 Deum
1103 471 1153 505 esse
1170 455 1291 508 matha
1352 406 1357 416 ·

595 536 700 586 manium
717 553 799 586 rosum
814 553 961 587 mussans.

200 651 313 710 lepos.
332 651 399 700 heus
416 667 541 700 summum
561 653 675 703 veritatis
693 655 822 720 exemplar.
842 658 979 706 Divinitas
996 659 1127 721 idearum,
1152 675 1213 723 qaus
1227 661 1285 712 Deus
1298 663 1319 710 in

164 736 285 800 fingendo
301 738 463 802 regendoque
477 739 572 788 mundo
589 741 698 788 intuitus
712 747 751 790 est
766 747 790 790 et
804 744 931 806 expressit.
960 746 1009 794 llas
1029 746 1103 809 sequi
1119 747 1243 795 homiaem
1258 764 1321 812 opor-

164 828 219 886 tet,
239 824 260 870 si
275 823 337 872 velit
349 822 381 871 ad
394 823 494 873 divinae
508 831 613 875 naturae
628 827 806 891 perfectionem
818 829 947 880 accedere.
964 831 1141 895 Philosophiae
1154 833 1287 881 Platonicae
1300 838 1322 881 et

163 907 293 969 religionis
306 909 459 959 Christianae
476 926 622 965 cousensus.

262 1029 420 1098 Philosophia
437 1033 506 1100 apud
520 1031 661 1097 Platonem,
686 1035 737 1084 sice
754 1035 787 1085 ad
801 1035 928 1102 pulcram,
953 1038 1004 1086 sine
1021 1038 1136 1088 stamme
1153 1038 1187 1088 ai
1202 1055 1281 1090 ceruos
1317 1077 1323 1090 .

309 1147 312 1152 -
401 1117 525 1184 refertur,
543 1118 647 1169 hominis
663 1136 752 1188 reapse
769 1127 803 1171 eat
819 1123 852 1172 acl
867 1123 994 1172 ominum
1011 1126 1146 1174 causacio.
1323 1119 1361 1173 iil

196 1233 296 1282 Summa
319 1234 493 1301 philosophiae
521 1236 665 1286 Platonicae
691 1239 716 1287 in
735 1240 860 1303 aequabili
875 1248 1081 1304 argumentorum
1100 1223 1256 1291 successione
1272 1244 1323 1289 aaa

158 1319 277 1383 plicitas.
303 1321 384 1384 Quare
402 1322 515 1385 lactum,
540 1329 570 1370 ut
586 1324 662 1387 vulgo
679 1325 796 1386 neglecta
812 1327 857 1389 sil,
884 1327 909 1376 in
922 1328 1086 1392 dijudicanda
1096 1329 1214 1377 universa
1224 1326 1324 1376 Platonis

161 1405 337 1472 philosophia,
364 1409 473 1457 lsaniuis
495 1410 530 1458 ad
553 1411 685 1472 casitatem
706 1413 866 1461 annectendi
881 1415 1056 1478 propositum?
1081 1416 1135 1479 Quo
1151 1413 1324 1478 prosimepro-

161 1491 267 1556 prieque
282 1498 383 1556 spectat
399 1495 443 1543 illa
457 1495 611 1544 conversio?
628 1498 793 1545 Diotimae
806 1498 916 1548 effatum.

678 1767 876 1788 a

471 2109 878 2162 vulnuscula
901 2077 1079 2170 suana,

753 2223 802 2251 sm

632 2320 670 2355 nn
696 2319 773 2354 vrrs
801 2318 912 2353 sarrs.
1325 2300 1358 2354 tll

193 2423 388 2492 Philosophandi
407 2424 486 2486 ratio,
509 2438 574 2486 quae
591 2425 721 2487 superiore
738 2423 823 2472 seculo
839 2421 961 2485 invaluit,
987 2424 1037 2472 suis
1055 2428 1081 2471 et
1098 2425 1243 2472 amandas
1258 2432 1282 2474 et
1295 2425 1325 2471 ci-
1432 2415 1433 2418 ¹

113 2512 116 2517 '
159 2511 207 2558 tiis
222 2511 336 2573 insignis.
361 2511 423 2574 Ejus
437 2510 473 2557 vis
490 2511 564 2559 varia.
585 2511 712 2557 Praesens
730 2507 901 2574 philosophiae
915 2509 1033 2558 conditio.
1052 2510 1263 2574 Philosophorum
1269 2512 1324 2578 jac-

158 2596 295 2644 talassium
317 2602 343 2644 et
366 2596 512 2656 obscurum,
539 2597 600 2644 item
629 2598 735 2660 impium
758 2611 847 2658 genus.
865 2596 1040 2644 instaurandae
1055 2596 1231 2660 philosophiae
1253 2595 1323 2644 studia

156 2687 184 2731 st
199 2683 306 2730 consilia
321 2680 423 2744 quatiat
448 2682 505 2731 Ori
510 2684 539 2730 ti
544 2696 598 2730 cas
615 2681 806 2730 commendatio.
828 2681 955 2731 Desuntne
969 2696 1070 2746 prorsus
1083 2684 1203 2746 gemam·
1220 2683 1325 2747 philoso-

156 2767 225 2832 phi?
249 2767 340 2831 Quales
362 2768 468 2833 putandi
489 2768 571 2819 suut?
595 2767 738 2816 Platonicae
764 2767 936 2832 philosophiae
954 2766 1092 2832 amplitudo
1107 2774 1134 2815 et
1151 2769 1203 2816 vis.
1224 2769 1324 2818 Platonis

153 2854 320 2916 ingenium
334 2854 460 2917 quomodo
471 2869 503 2902 se
520 2852 706 2918 explicuit?
724 2851 884 2916 Philosophia
904 2853 1015 2903 Platonis
1024 2853 1176 2921 juventutis
1193 2853 1322 2902 institutio.

153 2940 228 2988 Iusti
243 2939 400 3005 philosophia
415 2955 467 3002 quo
484 2939 572 2988 referri
589 2936 686 2987 debeti¹
703 2953 755 3001 quo
766 2937 845 2987 relata
861 2939 1003 3000 gravissime
1021 2937 1117 2988 nocet?
1144 2933 1148 2950 '
1243 2937 1248 2948 ‘

647 3059 684 3108 De
701 3044 780 3108 caim
796 3067 897 3109 natura.
1322 3053 1359 3106 lli

186 3179 267 3242 liujus
281 3179 463 3244 disquisitionis
479 3178 509 3228 ad
525 3179 635 3243 proxima
651 3182 800 3242 argumenta
814 3185 883 3228 recte
903 3178 1082 3227 consideranda
1098 3186 1265 3228 momentum.

416 3299 496 3349 Deci
513 3300 604 3348 amosis
621 3299 656 3348 nd
672 3299 786 3347 airhstem
800 3297 989 3365 felicitatemque
1006 3298 1115 3348 hominia
1337 3313 1347 3341 t

183 3419 297 3482 Amoris,
315 3419 435 3468 latissime
452 3434 498 3483 per
514 3422 590 3467 vitam
605 3417 739 3465 humanam
749 3418 889 3482 propagati
902 3433 931 3465 ac
941 3416 1035 3488 diffusi
1040 3453 1047 3479 ,
1057 3417 1092 3464 vis
1100 3431 1205 3466 summa.
1225 3421 1322 3469 Solusne
1347 3435 1351 3444 ·

150 3505 243 3556 sufficit
260 3505 292 3554 ad
310 3520 407 3570 praem
423 3503 580 3568 cupiditates
596 3502 768 3552 coercendas?

525 3625 562 3676 lle
579 3627 684 3676 rationis
701 3625 727 3675 iu
746 3625 828 3674 animo
844 3625 999 3674 auctoritate.
1322 3615 1365 3668 tlt

182 3750 288 3811 Lepos
308 3749 329 3797 1.
355 3746 580 3813 Imuguacaiarusu
604 3737 758 3808 comparatio
775 3758 827 3805 quo
847 3743 936 3792 valeti
954 3744 1047 3806 ilatio,
1069 3743 1230 3791 discernendi
1249 3741 1324 3791 lacul-

148 3842 201 3899 tas‚
220 3835 356 3900 affectibus
373 3838 481 3898 praeest.

426 3951 511 4002 Animi
527 3967 582 4022 msa
599 3966 715 4017 epumum
729 3952 791 4016 jupo
807 3959 831 4000 et
847 3950 937 4018 auriac
955 3951 1114 4017 conparatio.
1324 3940 1368 3994 llll

180 4075 360 4126 Phaedrus.
386 4073 476 4136 llymni
501 4073 526 4120 in
540 4085 649 4120 amorem
667 4071 787 4119 Socratici
805 4070 969 4119 coadunatio.
996 4070 1059 4133 Equi
1067 4069 1223 4131 sancientis
1242 4069 1269 4114 et
1283 4064 1325 4112 al-

147 4163 277 4226 aequantia
291 4161 426 4209 discrimen
445 4175 496 4208 non
514 4156 703 4220 negligendum.
726 4157 836 4204 Virtutis
845 4156 1042 4219 felicitatisque
1057 4155 1224 4206 necessitudo.

255 4282 293 4332 De
304 4283 406 4346 justitia
422 4288 446 4330 et
459 4278 586 4344 felicitate.
605 4277 732 4343 Sufficitae
749 4276 841 4328 homiui
857 4277 891 4326 ad
907 4276 976 4327 beate
993 4276 1122 4327 sinendum
1135 4271 1260 4340 justitia?
1321 4261 1364 4318 ⁴53
1390 4353 1398 4366 ¹

180 4401 292 4451 Platonis
308 4401 334 4451 in
351 4397 498 4450 Philebo
514 4397 545 4446 de
556 4397 604 4447 hac
618 4396 764 4460 quaestione
782 4395 919 4459 disputatio
938 4411 988 4458 quo
1007 4395 1117 4460 proxime
1129 4392 1228 4443 valuit?
1252 4392 1320 4438 Prae·

148 4493 186 4536 ter
202 4489 311 4550 affectus
328 4492 355 4535 et
372 4485 495 4535 rationem
510 4482 717 4545 distinguendum
732 4481 759 4528 in
774 4481 856 4530 animo
875 4481 984 4530 humano
997 4478 1029 4532 ri
1048 4479 1191 4548 θυμοειδὲς.
