2908 5114
712 249 713 254 ’
750 237 809 298 336

163 403 323 478 excitatae,
341 422 357 460 a
376 400 487 460 ratione
506 399 544 459 ad
564 397 750 480 cogitandum
767 419 799 464 ae
816 395 1012 478 judicandum
1035 398 1231 464 adhibentur:
1256 399 1284 482 l)
1311 401 1379 462 unde

156 523 293 580 puram,
314 519 399 578 quam
417 497 514 558 dicere
530 498 751 572 consuevimus,
771 498 953 578 geometriam
974 512 1002 558 et
1020 498 1102 560 ducit
1120 513 1148 560 et
1167 499 1301 580 explicat.
1330 499 1377 558 Sed

162 601 294 659 notiones
320 597 404 656 hasce
434 609 463 655 et
491 593 589 670 ideas,
622 610 653 654 ut
679 599 820 674 objectiva
844 595 942 674 Plato,
965 597 1045 676 quod
1065 611 1190 674 vocant,
1210 600 1252 657 ita
1270 597 1378 656 Kantius

162 700 325 774 subjective
354 693 559 755 consideravit.
601 695 666 753 Non
696 693 784 753 finxit
813 695 925 756 animos
953 696 1122 771 hominum,
1162 710 1326 775 anteaquam
1352 696 1377 752 in

162 796 231 855 haec
261 815 380 875 corpora
409 793 586 872 migrarent,
614 791 723 854 vidisse
749 813 844 852 rerum
864 794 973 876 species'
992 814 1080 874 puras
1099 807 1128 853 et
1148 794 1292 874 integras,
1318 814 1378 872 qua·

162 914 226 951 rum
246 913 326 951 nunc
347 889 545 949 recordatione
563 889 726 966 discerent;
759 888 810 949 sed
829 891 921 950 inesse
940 893 1040 952 statuit
1066 890 1179 950 homini
1205 913 1293 973 puras
1318 891 1378 949 inte·

161 1009 281 1072 grasquc
299 1002 328 1047 et
348 987 481 1047 notiones
499 1001 527 1046 et
545 985 644 1062 ideas,
665 1007 737 1067 quae
758 988 815 1047 nisi
834 989 891 1070 ipsi
909 1004 1003 1050 essent
1021 985 1125 1049 maturi
1142 990 1295 1071 propriae,
1313 989 1379 1068 cogi-

160 1102 241 1162 tare,
263 1085 450 1160 ratiocinari,
478 1084 652 1145 concludere
683 1085 766 1145 nullo
795 1085 880 1146 modo
906 1101 1011 1167 posset,
1053 1087 1133 1161 Quae
1164 1084 1377 1168 philosophandi

160 1187 233 1246 ratio
252 1184 340 1244 hahet
360 1204 429 1242 sane
439 1229 448 1258 ‚
468 1205 526 1262 quo
547 1183 631 1253 nobis
647 1204 783 1264 perquam
803 1183 930 1265 placeat:
959 1200 987 1244 et
1007 1207 1094 1260 vero,
1126 1187 1261 1263 quamvis
1282 1183 1377 1265 poetici

164 1283 294 1342 Platonis
326 1281 502 1342 sublimitate
538 1280 695 1356 destituta,
726 1281 806 1342 haud
832 1297 910 1342 caret
928 1296 1024 1343 tamen
1043 1283 1233 1362 sublimitate.
1275 1284 1339 1341 Nam
1353 1295 1378 1340 ut

160 1381 265 1462 repetit
292 1380 418 1440 Kantius
445 1379 526 1439 ideas
554 1399 589 1437 ex
617 1379 680 1460 ipso
704 1379 831 1438 hominis
857 1380 1030 1458 intellectu,
1061 1381 1101 1440 ita
1125 1380 1274 1439 hominem
1293 1380 1329 1439 ait
1345 1399 1377 1438 se·

159 1479 290 1540 cundum
310 1499 372 1553 eas,
388 1490 527 1556 tanquam
547 1498 678 1552 normas,
699 1490 835 1557 tanquam
859 1481 1035 1558 regulatioa
1049 1486 1208 1558 principia
1218 1524 1227 1554 ,
1248 1499 1318 1559 quae
1335 1499 1377 1536 ro-

159 1592 224 1652 cat,
238 1591 273 1664 'et
294 1577 420 1656 cogitare
440 1590 469 1635 et
488 1597 556 1636 vero
576 1597 667 1656 agere.
709 1575 855 1635 Virtutem
883 1597 986 1657 puram
1004 1577 1233 1659 sapientiamque
1262 1575 1295 1634 in
1318 1572 1378 1632 ideis
1429 1635 1432 1650 Δ

159 1689 256 1735 censet
266 1699 274 1751 3
298 1695 351 1732 nec
368 1694 438 1733 vero
457 1675 573 1734 idealia
592 1674 706 1753 rejicit,
727 1673 874 1753 quaesibi
894 1675 1031 1734 informat
1048 1675 1133 1735 homo
1143 1720 1152 1750 ‚
1180 1695 1209 1734 v.
1234 1693 1264 1736 c.
1279 1673 1378 1754 perfec-

161 1787 220 1833 tam
238 1771 377 1853 sapientis
394 1771 537 1852 speciem,
559 1771 643 1832 modo
659 1785 798 1852 congruat
815 1772 908 1853 imago
927 1793 1016 1853 purae
1027 1772 1109 1834 ideae
1120 1773 1241 1831 rationis
1251 1765 1378 1884 purae&

161 1870 240 1931 unde
260 1867 378 1928 moralis
398 1869 448 1926 illa
468 1869 636 1950 philosophi
655 1882 723 1928 nata
741 1867 874 1928 doctrina
900 1883 958 1944 est,
989 1891 1075 1950 quam
1095 1870 1148 1929 alii
1172 1869 1258 1929 aliter
1276 1869 1377 1947 judica-

157 1981 245 2043 runt,
268 1987 366 2026 omnes
387 1987 455 2028 vero
474 1980 501 2025 et
520 1968 648 2047 puritate
667 1980 696 2026 et
715 1964 892 2026 sublimitate
912 1969 1055 2029 excellere
1075 1968 1291 2028 confessisunt.
1312 1965 1377 2025 Talis

156 2066 246 2146 igitur
266 2086 332 2124 cum
351 2063 516 2124 Kantianae
535 2063 686 2125 doctrinle
704 2064 777 2122 ratio
797 2064 852 2138 sit,
881 2063 977 2124 dicere
997 2065 1077 2126 haud
1106 2067 1206 2146 inepte
1226 2064 1376 2138 videamur,

157 2164 282 2246 poiticas
307 2161 446 2241 imagines
466 2163 595 2222 Platonis
614 2183 629 2220 a
650 2160 760 2220 Kantio
781 2159 819 2219 ad
838 2154 1027 2242 diligentiam
1041 2177 1069 2224 et
1097 2163 1279 2224 severitatem
1297 2162 1377 2244 philo·

157 2261 273 2343 sophiae
292 2272 438 2321 revocatas
456 2279 526 2319 esse.
569 2257 737 2319 Cavendum
759 2279 827 2317 vero
842 2259 967 2318 maxime
988 2273 1095 2336 est,ne
1115 2260 1223 2342 placita
1243 2261 1377 2338 utriusque

156 2356 323 2443 philosophi
344 2355 557 2432 confundamus
573 2369 688 2417 temere.
745 2343 749 2350 ”

198 2456 290 2527 Nam,
312 2451 389 2531 quod
408 2452 536 2513 Kantius
555 2455 693 2514 virtutem
711 2466 739 2512 et
758 2453 927 2536 sapientiam
944 2455 976 2514 in
996 2454 1071 2514 ideis
1089 2468 1205 2530 censet,
1226 2455 1307 2514 Plato
1322 2454 1377 2534 qui·

153 2553 224 2628 ⁴dem
245 2542 393 2632 φρόνησιν
414 2549 512 2626 dixit,
537 2551 561 2610 si
591 2551 758 2631 conspicia
787 2551 958 2612 mortalibus
988 2567 1099 2633 posset,
1131 2552 1317 2613 admirabiles
1340 2550 1375 2610 sui

156 2674 265 2712 amores
285 2653 475 2711 excitaturam
495 2670 572 2725 esse,
594 2647 645 2708 sed
666 2671 720 2708 nec
742 2641 900 2730 qopo'vqoir,
931 2671 984 2710 nec
1011 2650 1233 2732 quamproprie
1261 2671 1311 2710 nos
1337 2661 1376 2707 aut

157 2753 294 2812 virtutem
315 2764 365 2809 aut
382 2737 552 2830 sapientiam
572 2746 714 2824 dicimus,
735 2748 815 2809 ideas
833 2771 892 2809 esse
910 2747 1069 2829 perhibuit.
1111 2749 1198 2807 Porro
1217 2747 1297 2808 ideae
1310 2743 1376 2828 apud

156 2847 300 2909 Kantium
321 2862 379 2908 tres
399 2861 467 2906 suut
487 2845 786 2922 transscendentales,
807 2837 1044 2930 psychologicae,
1075 2845 1298 2926 cosmologicae,
1326 2845 1375 2903 the·

155 2948 283 3028 ologicae
294 2993 302 3022 ‚
324 2967 443 3026 quarum
465 2943 685 3026 psychologicae
704 2965 756 3003 nos
774 2944 812 3005 ad
831 2944 1048 3026 psychologiam
1074 2943 1374 3013 transscendentalem,

155 3046 361 3134 cpsmologicae
378 3044 416 3105 ad
436 3041 941 3124 cosmologiamtransscendentalem
951 3087 960 3116 ,
977 3040 1152 3122 theologicae
1170 3041 1209 3100 ad
1217 3041 1374 3120 theologiam

155 3142 452 3204 transscendentalem
482 3140 603 3200 ducunt.
626 3139 657 3220 3)
698 3140 781 3201 Nihil
808 3141 911 3200 horum
929 3139 1009 3221 apud
1028 3139 1185 3199 Platonem.
1221 3139 1318 3199 ideam
1333 3137 1375 3196 ille

155 3243 330 3323 simpliciter
350 3253 434 3301 vocat
453 3239 486 3300 id
505 3239 584 3319 quod
602 3239 736 3320 pulcrum
756 3261 808 3322 per
827 3261 875 3314 se,
904 3237 981 3317 quod
1000 3236 1128 3311 honum,
1157 3237 1235 3317 quod
1258 3239 1373 3316 justum,

154 3340 234 3422 quod
254 3352 384 3398 sanctum
406 3353 456 3397 est.
498 3339 576 3397 Haec
602 3339 710 3397 intueri
731 3338 878 3397 hominem
903 3332 1009 3415 jussit,
1038 3335 1179 3414 siquidem
1207 3334 1243 3395 de
1272 3336 1373 3404 animo,

155 3439 192 3498 de
213 3435 342 3512 mundo,
363 3433 399 3496 de
429 3437 482 3497 Dei
511 3449 615 3495 natura
645 3435 706 3494 sive
731 3435 867 3513 judicare
896 3435 957 3513 sive
976 3433 1116 3513 s'uspicari
1135 3433 1275 3493 nonnihil
1295 3431 1372 3493 velit:

153 3538 193 3599 ad
211 3536 314 3596 horum
334 3535 408 3596 dicit
426 3536 583 3616 perfectam
604 3533 728 3613 speciem
748 3531 773 3592 si
793 3553 822 3592 se
840 3532 925 3592 homo
944 3521 1173 3606 corifoi·met‚sic
1188 3552 1254 3590 eum
1271 3529 1373 3590 demum

152 3635 193 3694 ad
214 3628 375 3716 φρόνησιν,
398 3632 436 3692 ad
464 3634 601 3694 virtutem
627 3645 655 3690 et
684 3630 874 3711 sapientiam,
892 3643 1109 3711 perventurum.
1152 3631 1300 3690 Caeterum
1318 3625 1373 3688 suh·

155 3736 253 3794 limem
281 3757 340 3795 esse
355 3777 357 3782 -
370 3729 462 3794 fatedr
489 3745 547 3790 tam
573 3729 677 3788 Kantii
697 3749 783 3807 quam
800 3727 929 3788 Platonis
948 3727 985 3787 de
1013 3725 1085 3786 ideis
1104 3749 1137 3786 ac
1156 3749 1267 3788 morum
1294 3725 1373 3786 disci-

187 4009 218 4074 1)
243 4009 321 4062 Wemt
341 4011 401 4062 aher
417 4009 497 4078 pleicb
511 4007 560 4058 ulle
578 4023 667 4058 uasere
681 4007 845 4058 &immite
860 4006 914 4056 mit
930 4006 975 4057 der
988 4007 1138 4074 Erfahrunq
1153 4006 1256 4070 uehit,
1281 4023 1307 4056 m
1326 4011 1371 4054 aa

153 4099 250 4166 aprinpt
260 4098 297 4146 sie
305 4097 394 4147 dorum
403 4096 465 4147 doch
476 4093 544 4144 nicht
559 4093 617 4143 eheu
630 4092 680 4142 ulle
695 4109 756 4143 aus
771 4093 815 4144 der
828 4091 1024 4158 Ersabrunq.—
1036 4090 1098 4143 crte.
1110 4093 1154 4143 der
1169 4109 1192 4141 r.
1207 4091 1234 4142 V.
1245 4085 1369 4156 hiup-1·

187 4181 218 4247 2)
237 4181 324 4232 liant
349 4182 366 4232 l.
385 4182 402 4232 l.
422 4197 447 4247 p.
471 4177 523 4230 368
551 4186 577 4229 et
594 4176 662 4242 5953
689 4177 781 4245 quihus
808 4177 874 4231 locis
894 4176 927 4228 de
946 4179 1011 4244 ipsis
1028 4175 1144 4228 Platonis
1169 4175 1236 4229 ideis
1259 4175 1370 4241 judicium

153 4269 212 4320 ren.
249 4266 289 4318 cr.
318 4242 375 4333 eju}
403 4264 550 4356 auquuuu
575 4281 623 4314 aaa
643 4264 697 4314 aim
718 4263 789 4316 nou
810 4265 853 4315 us
873 4264 988 4316 trouu„
1004 4261 1080 4326 caes,
1099 4277 1125 4329 ρ.
1142 4259 1202 4314 aaa.
1221 4261 1268 4314 aa.
1286 4259 1314 4311 11.
1330 4255 1369 4307 ar-

153 4369 220 4423 gae,
240 4351 315 4404 1787.

187 4437 218 4502 3)
239 4437 301 4490 cair.
319 4439 343 4488 d.
356 4437 419 4487 reite.
441 4435 514 4486 Verte.
534 4451 560 4501 p.
577 4432 643 4495 391,
660 4429 721 4484 392.
