2886 5118
661 237 720 302 ise

74 397 207 468 tiendum
225 397 310 466 nobis
326 399 469 486 placitum
489 398 620 464 Platonis
639 417 699 480 est,
719 375 778 483 quo·
796 402 867 464 haec
881 402 1005 462 maxime
1016 400 1309 487 commendaturger-

74 505 153 564 mani
171 503 339 586 philosophi
355 501 551 578 verecundia,
579 505 739 581 infinitum
759 521 819 562 etas
850 503 979 562 bononis
999 503 1039 560 ad
1059 509 1220 562 centetum
1238 527 1310 583 pro*

74 610 269 684 grecdenem.

256 797 340 859 Cur
359 803 578 858 scientius
604 793 810 858 humanae
836 804 1044 858 terminos
1065 817 1136 858 non

532 905 681 975 posuit
709 895 863 956 Plato?

75 1115 78 1124 ¹
116 1085 191 1152 Nam
211 1089 401 1173 metaphysici
418 1091 609 1174 philosophi,
641 1109 731 1173 quum
753 1114 769 1150 a
789 1091 909 1154 divinae
930 1106 1051 1152 naturae
1072 1089 1245 1152 delinitione
1266 1111 1316 1151 ar·

78 1191 308 1270 gumentationcs
337 1190 496 1266 ducerent,
525 1190 651 1270 indeque
681 1189 891 1252 descenderent
921 1189 959 1250 ad
980 1204 1114 1249 naturam
1142 1187 1317 1251 humanam}

78 1288 157 1348 illam
177 1287 326 1350 infinitam
354 1289 515 1366 continuo,
544 1288 621 1350 hanc
653 1289 818 1349 arctissimis
839 1276 949 1348 linibus
969 1288 1218 1369 circumscriptam
1240 1289 1319 1348 cohi·

79 1385 225 1465 hitamque
243 1385 392 1449 dicebant.
434 1383 516 1446 Plato
537 1407 607 1448 vero
618 1433 627 1462 ,
658 1388 697 1448 ad
718 1387 842 1447 Socratis
862 1387 907 1446 sui
936 1386 1122 1468 exemplum,
1142 1386 1180 1444 ab
1201 1385 1319 1446 homine
1343 1449 1346 1455 ,

78 1505 177 1560 orsus,
198 1485 348 1566 explorato
375 1485 408 1544 in
429 1484 515 1544 nobis
548 1486 683 1546 infinitae
712 1485 901 1567 perfectionis
922 1485 1027 1545 ,studio
1049 1498 1077 1544 et
1107 1483 1228 1558 ardore,
1249 1469 1320 1544 huic

77 1581 170 1642 studio
200 1597 423 1643 consentaneam
449 1593 582 1644 naturam
613 1599 740 1645 nostram
772 1583 973 1660 existimabat,
994 1584 1159 1664 pariterque
1191 1581 1319 1642 habebat

79 1681 224 1740 infinitam
247 1679 285 1761 l).
307 1681 393 1756 Quod
415 1695 510 1741 autem
531 1684 682 1742 scientiam
697 1683 802 1743 attinet
813 1696 958 1757 nostram,
975 1683 1007 1742 in
1028 1672 1238 1741 recentioribus
1248 1680 1318 1762 phi·-

78 1778 204 1859 losephis
224 1779 310 1840 multi
321 1825 330 1854 ,
352 1792 384 1839 ut
405 1779 532 1841 vidimus
551 1778 601 1861 2),
622 1781 818 1854 substantias,
838 1781 995 1855 monades,
1016 1781 1173 1855 essentias,
1193 1772 1319 1857 noctipet-

77 1901 111 1938 να
130 1879 244 1940 naturis
264 1877 407 1956 rebusque
427 1878 519 1937 inesse
541 1879 679 1959 suspicati
699 1893 784 1955 suut,
810 1899 884 1958 quae
900 1881 960 1938 Deo
980 1891 1132 1960 paterent,
1153 1881 1321 1954 bominibus

81 1999 162 2056 vero,
184 1996 358 2060 persensus
379 1975 438 2034 fere
460 1997 505 2035 res
525 1977 787 2056 cognoscentibus,
809 1998 869 2036 non
893 1991 1036 2058 paterent.
1079 1976 1127 2037 Sic
1148 1993 1250 2061 sponte
1269 2001 1321 2040 co·-

77 2077 201 2158 gnitioni
221 2075 414 2151 scientiaeque
432 2073 576 2134 humanae
594 2076 732 2136 terminos
752 2076 925 2157 ponebant·
953 2074 1011 2134 Sed
1035 2075 1137 2151 Plato,
1157 2099 1247 2157 quum
1257 2123 1266 2153 ‚
1286 2093 1319 2138 ut

77 2177 141 2236 item
159 2173 307 2248 vidimus,
329 2171 374 2230 nil
394 2172 452 2231 tale
473 2171 510 2232 de
531 2155 644 2234 nutriris
665 2173 807 2253 rebusque
828 2173 1023 2253 suspicaretur
1034 2217 1043 2248 ,
1062 2173 1114 2232 sed
1134 2175 1253 2235 referret
1273 2172 1311 2236 ad

78 2273 165 2354 ipsum
195 2273 331 2332 animum*
348 2258 392 2336 toi
410 2263 571 2350 νοούμενα,
593 2294 652 2332 esse
676 2287 710 2331 ea
729 2270 907 2352 perhibens,
932 2290 1006 2348 quae
1028 2291 1108 2331 mens
1129 2292 1181 2353 per
1201 2293 1231 2332 se
1251 2273 1330 2355 ipse·

76 2371 155 2430 oculo
175 2371 230 2431 illo
250 2389 302 2429 suo
323 2385 539 2449 assequeretur,
557 2392 618 2431 non
628 2369 754 2429 habebat
764 2389 935 2450 magnopere
945 2413 954 2442 ,
971 2389 1024 2428 cur
1040 2370 1209 2430 terminaret
1218 2372 1310 2431 scien·

79 2469 141 2528 tiam
159 2475 296 2530 nostram.
339 2468 443 2529 Kantii
461 2470 587 2530 insulam
603 2469 823 2530 memoravimus
840 2467 873 2527 in
892 2466 1136 2548 praecedentibus
1152 2468 1193 2548 3).
1234 2471 1313 2530 Duas

78 2567 124 2626 ille
143 2568 236 2626 menti
257 2568 381 2643 formas,
402 2581 515 2649 tempus
535 2581 564 2627 et
593 2567 739 2648 spatium,
771 2567 905 2644 itemque·
924 2566 1080 2644 categorias
1102 2567 1214 2627 tribuit.
1257 2570 1314 2628 Res
1352 2599 1356 2606 ·

76 2685 187 2741 omnes,
210 2665 314 2744 ajebat,
335 2685 406 2756 quas
425 2687 477 2747 per
498 2665 566 2724 illas
586 2664 712 2746 percipit
737 2683 836 2738 mens,
859 2676 990 2726 accurate
1010 2683 1180 2744 cognoscere
1200 2665 1313 2726 homini

77 2762 149 2824 licet.
190 2763 250 2823 Sed
270 2763 367 2838 idem,
395 2765 428 2828 si
459 2763 533 2825 lines
563 2764 616 2824 bos
643 2761 819 2842 cognitionis
857 2760 1001 2819 humanae
1030 2762 1173 2842 migrans,
1212 2763 1314 2824 relicti

77 2859 124 2920 hec
141 2861 236 2924 veluti
254 2861 352 2921 insula
383 2861 498 2938 nostri,
526 2862 585 2922 alio
605 2860 679 2922 velit
706 2859 877 2940 procedere,
909 2880 946 2918 ne
969 2859 1001 2917 in
1022 2859 1076 2919 hoc
1098 2861 1311 2943 metaphysicae

77 2959 320 3039 vulgaris'oceano
338 2961 523 3040 naufragium
546 2959 662 3033 faciat,
692 2957 855 3020 verendum
874 2971 925 3017 est.
967 2957 1048 3033 Quid
1069 2957 1106 3017 de
1127 2959 1181 3018 hac
1203 2959 1308 3020 Kantii

77 3055 204 3116 doctrina
224 3058 410 3118 statuendum
419 3059 456 3118 sit
466 3103 475 3133 ,
495 3057 546 3116 alii
564 3056 753 3137 judicabunt.
796 3055 877 3115 Plato
893 3056 1025 3116 nondum
1036 3055 1105 3115 dael
1123 3045 1208 3138 operi
1224 3077 1309 3138 quae·

77 3155 169 3214 sivisse
189 3154 226 3214 de
245 3169 370 3236 tempore
389 3170 417 3215 et
436 3156 529 3237 spatio
548 3155 684 3230 videtur,
701 3153 789 3233 ⁷quod
805 3155 875 3213 fecit
904 3153 1070 3214 Aristoteles
1090 3153 1131 3234 l).
1173 3155 1204 3214 Si
1223 3175 1309 3235 quae·

45 3322 56 3338 ⁹
77 3253 195 3328 sivisset,
216 3253 349 3313 notiones
367 3253 419 3314 has
437 3255 542 3313 mentis
558 3258 617 3313 esse
638 3253 790 3334 reperisset
820 3253 938 3314 fortasse
948 3299 957 3328 ,
984 3274 1055 3331 quas
1068 3254 1222 3314 cernendo
1241 3247 1308 3316 con·

76 3353 207 3429 sequitur.
252 3355 324 3414 Cum
346 3374 414 3413 vero
444 3353 547 3411 harum
568 3350 711 3410 limitibus
732 3351 889 3410 formarum
909 3373 970 3410 non
993 3351 1142 3411 cohiberet
1162 3355 1307 3433 cognitio-

77 3467 136 3507 nem
162 3465 305 3526 nostram,
326 3450 413 3510 talem
437 3450 523 3510 nobis
544 3449 670 3508 insulam
689 3447 798 3507 talibus
819 3448 971 3508 delinitam
990 3451 1123 3509 terminis
1142 3472 1201 3510 non
1211 3451 1303 3533 desig·

76 3547 209 3630 navias).
251 3551 400 3610 Caeterum
424 3568 524 3608 sensus
544 3546 624 3629 apud
645 3567 730 3622 eum,
757 3548 867 3623 fateor,
889 3548 1096 3628 impedimenta
1118 3563 1186 3607 sunt
1207 3552 1305 3629 cogni·

104 3737 244 3804 lll'assirn
262 3742 290 3793 id
307 3741 396 3800 Pluto.
425 3741 566 3808 praecipue
591 3742 720 3792 antemio
746 3741 881 3808 praeclaro
905 3741 941 3794 'de
959 3741 1038 3792 animi
1056 3749 1147 3792 nutura
1166 3757 1306 3809 sermone,

76 3829 211 3892 conteneo,
231 3828 325 3882 roan.
347 3823 382 3878 se
400 3833 427 3878 e
442 3823 486 3878 sl.
505 3824 545 3878 oc
565 3827 595 3878 o
611 3827 674 3896 nep.
691 3827 722 3878 x.
740 3814 800 3878 cll.
818 3827 896 3880 reue
914 3843 940 3894 ρ.
960 3825 1003 3878 le.

107 3909 130 3974 2)
147 3913 223 3966 luitis
239 3931 265 3982 p.
283 3911 344 3964 stt.
787 3943 789 3948 -

105 3993 129 4058 3)
146 4000 206 4052 Eud.

104 4086 128 4150 l)
146 4074 336 4167 Hspito'noir,
354 4105 440 4141 rerum
458 4089 485 4141 in
504 4089 593 4157 primis
611 4089 773 4158 physicarum
792 4090 894 4141 ratione
904 4089 1005 4156 habita,
1026 4091 1053 4142 in
1064 4090 1205 4144 Auscultut.
1223 4093 1300 4159 Plsps.

78 4185 113 4240 lv.
147 4192 220 4246 1-5.
247 4184 315 4269 περὶ
335 4180 444 4270 χρόνω
469 4195 520 4245 eod.
538 4191 580 4244 10.

105 4279 127 4346 5)
145 4285 246 4340 Plenius
264 4290 341 4342 nobis
359 4291 462 4341 demum
479 4303 629 4358 comparare
647 4303 702 4341 eum
720 4287 854 4341 Platonico
879 4289 1047 4357 philosophia
1070 4288 1219 4342 llantianam
1237 4288 1301 4339 lice-

76 4363 129 4505 leql,
142 4371 198 4436 ubi,
216 4376 242 4471 in
262 4374 430 4443 philosophia
443 4375 525 4442 justi,
546 4377 659 4428 amatis
677 4383 703 4427 et
720 4373 840 4445 libertatis
857 4376 926 4444 apud
950 4369 1086 4428 Platonem
1103 4375 1304 4424 necessitudinem

105 4469 293 4519 potaverimus.
1297 4474 1299 4478 ’
