2832 5120
621 265 675 325 llll

55 440 191 500 erutione
232 437 293 496 vim
310 435 373 511 ejus
396 430 549 492 sublimem
572 426 829 507 tollamusplane.
870 423 1099 508 decipiendum,
1120 441 1153 487 ut
1170 432 1258 492 inter·

54 551 174 619 ρνεῑαωε.
188 531 355 594 Aristoteles
382 547 442 592 est:
464 520 505 603 ὥς
526 520 597 603 ὄψις
618 523 651 586 ἐν
672 519 843 610 ὀφθαλμῷ,
864 525 933 599 νοῦς
951 523 985 585 ἐν
1006 525 1105 612 ψυχῇ.
1130 527 1159 609 l)
1178 530 1259 590 Plato

54 635 188 695 letter-ihus
207 631 296 692 verbo
314 651 396 712 saepe
414 629 609 710 significarit,
629 649 702 708 quae
717 627 772 708 ipsi
793 628 950 702 sentirent,
971 627 1171 705 adverterent,
1191 647 1259 708 quo·

52 754 95 812 que
111 730 234 790 melioris
252 743 346 788 essent
364 728 494 808 ingenii,
515 749 548 788 eo
564 727 686 809 plenius
704 725 904 806 perciperent:
926 727 1152 806 necquidquam
1171 727 1260 806 magis
1296 799 1300 805 .

52 829 186 912 interpreti
204 827 367 888 cavendum
386 839 444 902 est,
465 845 549 906 quam
570 847 607 886 ne
626 823 773 905 explicare
792 823 923 899 studeat,
944 824 1022 904 quod
1046 826 1107 906 ipsc
1135 825 1260 905 philoso-

49 929 109 1008 phus
127 926 272 1008 explicare
291 924 339 985 vel
364 947 424 985 non
443 926 538 1007 potuit
556 924 604 986 rel
629 923 714 982 etiam
732 919 800 980 data
819 923 905 1003 opera
924 922 1030 982 noluit.
1056 922 1261 1002 Relinquenda

49 1039 80 1084 est
95 1023 247 1098 lectoribus
265 1025 298 1082 in
317 1022 416 1082 multis
434 1025 558 1099 caussis,
578 1031 665 1102 qua'm
693 1021 730 1078 iis
748 1019 829 1079 Plato
856 1020 975 1100 reliquit
999 1020 1175 1101 prudenter,
1197 1041 1259 1080 sen·

49 1121 145 1196 tiendi,
164 1121 346 1202 suspicandi,
361 1119 576 1201 divinandique
592 1118 729 1191 libertas,
750 1135 822 1197 quae
840 1137 884 1177 res
899 1137 968 1177 sane
981 1117 1154 1199 philosopho
1171 1115 1260 1199 plena

9 1249 10 1284 1
50 1235 80 1280 est
97 1221 260 1300 voluptatis.
301 1218 360 1277 Sed
379 1218 459 1279 haud
477 1221 537 1279 seio
556 1217 708 1296 equidem,
729 1237 768 1276 an
787 1214 864 1276 idem
884 1215 980 1292 illud,
1002 1218 1035 1276 in
1054 1229 1114 1278 tuto
1131 1219 1185 1278 hoc
1206 1239 1260 1278 ne-

9 1311 11 1376 ἕ
50 1320 111 1397 gotio
128 1332 242 1392 nostro,
263 1319 393 1378 omnium
411 1319 449 1376 sit
466 1315 684 1377 difficillimum.

140 1513 247 1592 Quid
266 1524 328 1572 ast
346 1512 515 1573 docere?
536 1521 623 1572 ricc
643 1517 687 1573 de
706 1505 901 1594 μαιευτικῇ
923 1513 1157 1573 Socratico.

9 1737 11 1760 τ
79 1712 141 1770 Post
157 1710 271 1788 longam
282 1710 365 1782 ,hanc
379 1709 417 1768 dc
435 1707 575 1770 discendo
593 1709 848 1789 cognoscendoque
868 1709 1113 1790 disputationem,
1135 1712 1264 1773 redimus

10 1797 11 1804 ἵ
50 1807 154 1868 tandem
169 1808 207 1867 ad
227 1807 350 1868 Socratis
366 1821 395 1866 et
414 1805 560 1868 Theodori
579 1826 645 1866 oum
665 1807 819 1867 Theaeteto
834 1825 994 1885 sermones3
1017 1808 1058 1866 sic
1075 1819 1171 1866 autem
1186 1809 1261 1869 redi·

51 1925 118 1981 mus,
139 1919 170 1964 ut
189 1907 243 1964 rite
261 1925 341 1965 nunc
361 1907 495 1964 instructi
520 1910 669 1988 paratique
687 1899 857 1986 μαιευτωιήν
875 1905 1067 1979 Socraticam,
1088 1922 1174 1983 quam
1200 1920 1264 1966 tum

10 2045 11 2050 η
51 2019 98 2062 crat
116 2003 244 2064 Socrates
272 2001 449 2078 traditurus,
470 2025 550 2063 nunc
577 2007 717 2086 possimus
745 2008 866 2066 interius
894 2005 1063 2086 perspicere.
1105 2004 1196 2079 Nem,
1226 2025 1264 2064 ne

29 2101 109 2172 ‚haec
128 2113 184 2160 tota
203 2123 256 2160 nos
274 2102 393 2175 lateret,
413 2116 543 2162 constare
561 2101 686 2184 debebat
703 2105 740 2164 de
758 2114 860 2164 natura
878 2103 969 2162 animi
989 2099 1088 2160 nostri.
1119 2101 1177 2176 Qui
1196 2121 1264 2161 sane

10 2239 11 2242 =
51 2200 84 2273 si,
104 2195 136 2258 'ut
153 2199 252 2258 multis
270 2199 398 2280 placuit,
419 2220 527 2260 vacuus
554 2216 626 2260 esset
650 2204 730 2283 ipse,
751 2203 930 2262 extrinsecus
948 2211 1043 2260 autem
1069 2217 1120 2278 per
1147 2219 1265 2275 sensus,

9 2333 11 2340 ·
52 2311 175 2377 tanquam
194 2297 405 2372 infundibula,
427 2319 524 2356 omnes
542 2299 669 2358 omnium
686 2321 782 2359 rerum
800 2301 931 2360 notiones
941 2295 1266 2378 acciperet,-Scphista-

54 2417 106 2456 rum
123 2397 307 2477 probaremus
325 2397 441 2471 studia,
461 2398 512 2474 qui
530 2397 586 2477 ipsi
608 2397 771 2476 doctrinam·
788 2401 821 2460 in
834 2401 978 2476 juvenum
988 2395 1099 2454 animos
1108 2397 1266 2458 infundere

54 2495 274 2573 pollicebantur,
294 2494 417 2554 Socratis
436 2513 504 2555 vero
522 2494 728 2576 disciplinam,
747 2517 808 2556 non
827 2496 894 2556 dico
912 2493 1032 2576 probare
1051 2495 1265 2572 autadmirari,

54 2592 95 2652 scd
119 2615 155 2652 ne
183 2592 348 2673 intelligere
375 2593 493 2674 quidem
519 2613 673 2673 possemus.
715 2597 799 2654 Nunc
825 2615 878 2654 nos
896 2593 1040 2654 Socratem
1060 2603 1088 2650 et
1117 2591 1265 2652 Platonem
1350 2627 1352 2632 ,

55 2692 151 2767 muti,
177 2691 266 2750 aliter
292 2691 330 2749 de
357 2692 454 2750 animo
486 2705 586 2752 nostro
612 2693 776 2753 existimare
796 2693 972 2766 didicimus,
993 2709 1053 2748 non
1076 2691 1211 2748 tabulam
1230 2691 1266 2750 il·

55 2789 106 2848 lum
123 2812 226 2850 raram
245 2810 322 2864 esse,
352 2789 420 2865 sed,
449 2791 509 2870 agri
528 2791 638 2866 instar,
670 2791 772 2852 naturh
793 2791 909 2850 uberem
923 2793 960 2851 'et
986 2787 1179 2847 foecundum:
1201 2789 1268 2871 ple-

57 2910 115 2947 num
134 2891 211 2950 enim
231 2909 289 2947 esse
314 2888 429 2969 pulcri,
450 2887 539 2963 honi,
556 2889 646 2967 justi,
668 2890 759 2970 ipsius
783 2890 913 2950 veritatis
939 2889 1001 2948 sive
1026 2887 1267 2964 reminiscendis,
1354 2911 1356 2918 ’

57 2986 106 3044 sive
124 2986 390 3060 notionibus,.sire
413 2987 545 3046 sensibus
569 2987 738 3068 studiisque.
780 2988 816 3048 Et
839 2988 968 3068 prolecto
985 2983 1053 3043 talis
1072 2997 1114 3042 est
1132 3005 1267 3064 prorsus,

58 3105 130 3161 quem
147 3085 228 3146 Plato
250 3084 335 3142 nobis
354 3085 542 3165 spectandum
560 3083 660 3162 dedit,
680 3061 870 3160 Theaetetus„
891 3082 1036 3144 foecundo
1058 3082 1176 3160 ingenio
1196 3075 1266 3143 'adc-

57 3180 172 3256 lucens,
193 3195 225 3240 ut
253 3183 425 3262 perspiceret
448 3181 595 3258 Socrates,
616 3185 747 3245 veritatis
766 3184 853 3243 illum
880 3201 973 3241 amore
1001 3178 1149 3238 ardentem
1177 3181 1268 3241 multa

59 3277 157 3338 dudum
174 3281 271 3346 animo
290 3281 453 3360 concepisse
467 3282 584 3359 jamque
598 3301 697 3361 parere
712 3283 823 3362 gestire.
845 3282 902 3340 Nos
915 3298 984 3341 vero
994 3325 1003 3354 ,
1013 3278 1063 3357 qui
1078 3279 1269 3358 spectavimus
1301 3319 1308 3332 ·

59 3397 185 3456 puerum,
206 3377 311 3457 quidni
339 3379 496 3453 fateantur,
517 3379 576 3437 nisi
596 3378 708 3454 eidem,
728 3399 794 3438 cum
822 3381 883 3441 veri
912 3398 1026 3453 amore,
1048 3367 1172 3455 ὄργανον
1191 3378 1270 3439 illud
1293 3381 1301 3397 ’

60 3476 110 3535 sive
127 3476 248 3536 facultas
267 3477 371 3534 inesset
389 3477 451 3539 reri
471 3475 607 3536 intuendi
625 3475 832 3558 quodammodo
842 3523 851 3552 ,
872 3497 1034 3558 progressus
1057 3479 1119 3555 ejus
1137 3478 1169 3536 in
1183 3476 1271 3535 rebus

9 3631 11 3662 ,
61 3575 224 3648 geometricis
242 3594 296 3633 nee
314 3573 498 3634 Theodorum
515 3573 681 3656 praedicare
701 3593 753 3634 neo
772 3577 866 3656 ipsum
887 3575 1009 3656 probare
1032 3575 1181 3655 potuisse?
1212 3573 1270 3632 Sed

62 3669 93 3728 ad
110 3673 181 3752 ipsos
199 3692 342 3732 sermones
361 3671 528 3732 accedamus
545 3673 651 3732 denuo.

9 3759 11 3836 ἶ
96 3770 279 3844 Theaetetus,
298 3769 371 3849 quid
390 3770 469 3830 istud
488 3785 577 3846 esset,
598 3771 956 3852 quodSooratesdixerat:
975 3779 1119 3847 portum
1140 3771 1270 3844 scilieet,

9 3893 14 3926 3=
68 3864 229 3943 Theaeteto,
245 3878 406 3946 propterea
426 3871 503 3948 quod
524 3893 583 3929 nott
606 3891 720 3928 vacuus
739 3892 787 3944 ea,
809 3871 1040 3950 sedpracgncm
1059 3865 1091 3948 2)
1111 3887 1170 3928 non
1187 3883 1271 3928 tene-

65 3959 115 4022 bat.
142 3967 243 4046 «Ego,
264 3968 361 4046 inquit
371 4012 379 4042 ,
400 3966 472 4046 quid
489 3968 561 4027 mihi
579 3967 735 4042 acciderit,
756 3967 840 4027 dico:
862 3987 906 4025 mc
924 3980 1019 4026 autem
1035 3969 1195 4048 parturire,
1216 3968 1271 4026 hoc
1292 3955 1293 3959 ἵ

9 4063 11 4084 ¹
67 4059 128 4135 quid
144 4065 178 4123 sit
196 4066 306 4144 ignom.
337 4066 411 4124 Tum
426 4064 570 4147 Socrates:
591 4080 661 4125 tune
679 4086 765 4140 vero,
786 4051 910 4139 chone,
930 4067 1061 4145 ignoras,
1081 4067 1273 4126 Phaenarctae

69 4175 105 4214 me
114 4181 167 4220 esse
175 4161 284 4238 filium,
295 4160 457 4224 obstetricis
469 4185 620 4244 generosae
628 4183 764 4245 perquam
781 4179 810 4224 et
827 4165 965 4224 severae?
978 4157 1129 4227 —ltudivi
1146 4183 1223 4222 sane.
1238 4191 1272 4244 7-

71 4291 112 4304 b-

100 4366 123 4513 ὲ),
141 4369 211 4438 Teps'c.
230 4390 255 4440 p.
273 4371 331 4424 tte.
349 4373 419 4439 Sylh.
439 4373 494 4423 Vid.
518 4372 589 4439 Wyu.
608 4373 641 4424 ad
654 4373 718 4424 rtur.
736 4373 769 4424 de
781 4373 805 4425 S.
825 4372 853 4423 N.
870 4374 898 4423 V.
915 4389 940 4440 p.
960 4371 1018 4425 st:

138 4455 192 4524 Sup.
208 4475 232 4525 p.
254 4456 311 4508 128.
