2950 5134
1289 143 1300 174 0

725 196 745 255 8

123 369 285 419 contentus.
325 354 435 433 Quodsi
457 357 589 436 quaeris,
610 358 766 432 cremaret
790 356 884 436 qualis
905 356 978 420 mibi
1003 372 1031 420 et
1050 373 1112 420 tum
1134 373 1163 422 st
1185 373 1283 444 postca
1306 381 1354 442 ap·

121 475 251 554 paruerit
277 473 324 534 vir
351 493 493 534 summus:
521 472 637 533 narravi
666 470 703 533 de
723 471 920 556 adolescentia
934 493 1014 548 mea,
1036 495 1094 554 quo
1111 474 1167 538 tibi
1187 475 1354 540 evidentius

48 589 51 606 '
121 603 231 670 pateret
259 588 416 670 disciplina
444 589 505 667 ejus
532 586 726 663 admirabilis,
753 587 875 668 simplex
892 587 960 663 illa,
977 588 1027 650 sed
1046 588 1150 652 efficax
1167 589 1206 650 ad
1224 591 1354 652 studium

122 705 302 784 antiquitatis
321 704 354 763 in
371 702 544 763 discentium
562 703 666 763 animis
685 703 880 764 excitandum.
908 704 1089 784 congruebat
1106 719 1202 767 autem
1216 705 1287 766 haec
1306 705 1357 768 di-

122 819 246 902 sciplina
263 839 329 880 cum
353 817 452 878 indole
472 819 562 900 ipsius
576 831 604 876 et
618 818 801 880 naturalibus
816 818 928 880 studiis.
949 820 1038 894 Nam,
1060 833 1092 880 ut
1113 817 1213 903 paucis
1230 821 1356 903 comple·

121 948 201 1010 star,
219 949 248 999 et
270 949 354 997 natus
372 907 527 996 videbatur
551 931 588 992 ad
612 933 709 994 literas
733 932 897 994 tractandas
915 934 1063 1013 antiquas,
1090 949 1117 996 et
1132 934 1178 996 bis
1193 935 1356 1006 tractandis

121 1052 202 1130 quasi
218 1052 357 1131 antiquus
369 1071 429 1110 esso
446 1050 547 1109 lactus.
582 1033 630 1111 Sic
650 1047 686 1107 iis
705 1069 721 1107 a
739 1069 829 1130 puero
848 1048 905 1109 fuit
923 1047 1069 1125 imbutus,
1093 1063 1125 1111 ut
1144 1049 1291 1131 quidquid
1308 1050 1354 1112 di·

121 1178 211 1240 teret,
230 1165 375 1246 quidquid
393 1165 548 1240 scriberet,
562 1161 709 1244 quidquid
724 1162 795 1222 adeo
809 1164 963 1244 cogitaret,
977 1165 1128 1244 antiquum
1146 1164 1266 1226 baberet
1282 1165 1357 1226 colo·

121 1301 200 1356 rem,
229 1301 265 1340 cx
302 1283 364 1363 ipsa
393 1279 541 1342 videretur
578 1278 748 1356 antiquitate
783 1277 952 1359 profectum.
982 1277 1084 1340 Latine
1116 1279 1289 1359 loquebatur
1324 1281 1357 1340 in

121 1395 227 1456 scholis
250 1395 396 1477 publicis,
422 1410 454 1457 ut
476 1415 527 1454 sua
548 1393 668 1472 quisque
692 1392 792 1473 lingua
815 1392 893 1471 loqui
917 1392 1005 1452 solet:
1035 1395 1091 1456 imo
1115 1415 1184 1456 vero
1216 1408 1248 1454 ut
1269 1394 1357 1476 pauci

121 1511 288 1589 loquuntur.
318 1513 390 1572 Nam
419 1510 509 1570 oratio
534 1507 642 1568 fluebat
665 1528 754 1588 pura,
776 1506 915 1587 limpida,
937 1529 1105 1584 numerosa,
1123 1508 1287 1576 luminibus
1306 1507 1358 1570 di-

121 1626 244 1700 stincta,
265 1625 356 1689 nullis
375 1625 527 1714 inquinata
541 1622 707 1682 recentioris
723 1623 787 1682 aevi
806 1621 957 1683 sordibus:
979 1636 1006 1682 et
1025 1622 1133 1684 fluebat
1152 1624 1234 1703 quasi
1254 1637 1357 1705 sponte

121 1762 191 1815 sua,
212 1755 259 1816 ut,
277 1740 349 1820 quid
368 1754 440 1802 esset
458 1739 589 1801 dicturus
608 1737 655 1800 vel
672 1759 729 1816 qua
743 1738 853 1798 ratione
863 1737 961 1813 ,haud
980 1719 1103 1819 cogitare
1122 1738 1280 1802 videretur.
1319 1738 1358 1801 Et

120 1869 216 1918 umen
240 1856 284 1916 nil
299 1854 515 1916 desiderabatur
534 1853 573 1916 ad
594 1851 746 1916 verborum
764 1853 984 1934 proprietatem,
1013 1853 1203 1934 elegantiam,
1223 1853 1359 1935 disputa·

107 1972 210 2032 »tionis
219 1971 362 2034 ordinem.
383 1971 442 2030 Nec
452 1968 610 2031 haesitabat
629 1988 755 2047 unquam
764 2014 773 2042 ,
782 1968 806 2026 si
820 1989 865 2028 res
879 1966 1070 2030 declarandae
1084 1981 1134 2028 aut
1147 1967 1358 2048 significandae

121 2101 214 2148 essent
228 2107 322 2152 novae
330 2131 340 2162 ,
359 2085 487 2164 antiquis
506 2085 617 2164 ignotae
628 2127 637 2157 ,
647 2103 740 2161 neque
749 2082 888 2144 habentes
903 2083 1008 2144 iccirco
1023 2103 1128 2146 nomen
1138 2085 1283 2146 Latinum.
1303 2083 1354 2144 Nil

86 2205 87 2208 ’
112 2201 309 2278 'occur-rebat,
339 2201 411 2280 quin
430 2197 640 2279 significaretur
658 2211 723 2277 apte
751 2209 779 2257 et
804 2197 953 2279 perspicue
976 2196 1187 2274 declararetur,
1212 2212 1244 2259 ut
1264 2197 1356 2262 veluti

121 2315 212 2376 oculis
235 2329 356 2396 pateret.
394 2315 466 2400 Nam
488 2313 520 2372 in
545 2310 676 2372 docendo
700 2309 770 2370 haec
790 2311 944 2391 singularis
967 2312 1108 2392 quaedam
1125 2292 1190 2394 ejus
1205 2312 1257 2374 dos
1275 2326 1356 2388 erat,

120 2430 309 2512 perspicuitas
337 2450 463 2504 summa,
484 2428 532 2488 cui
561 2425 707 2487 tribuebat
729 2426 815 2486 etiam
840 2425 1005 2508 plurimum.
1043 2427 1175 2490 Solebam
1194 2426 1356 2488 identidem

121 2544 200 2604 domi
219 2559 371 2627 reputare,
391 2564 464 2623 quae
483 2543 515 2602 in
534 2539 639 2601 scholis
659 2540 855 2620 explicuerat,
873 2556 901 2602 et
918 2542 1084 2622 recolligere
1102 2563 1185 2603 voces
1205 2556 1233 2603 et
1251 2541 1355 2616 verba,

121 2659 226 2739 quihus
244 2660 356 2742 singula
376 2658 552 2719 illustrasset.
584 2655 644 2714 Vix
662 2653 820 2734 quidquam
838 2656 910 2715 mihi
925 2657 1091 2718 occurrebat
1109 2657 1168 2718 nisi
1184 2657 1357 2732 barbarum,

120 2797 177 2854 quo
194 2795 238 2834 res
257 2775 347 2854 nostri
374 2774 438 2834 aevi
462 2770 645 2854 appellarem.
676 2748 793 2828 Scilicet
811 2790 871 2830 non
888 2791 987 2832 vocem
1006 2771 1057 2830 ille
1077 2782 1264 2854 usurpaverat
1283 2793 1356 2852 pro-

121 2890 214 2970 priam
240 2888 384 2968 quandam
408 2902 438 2949 et
460 2886 652 2970 peculiarem,
676 2883 727 2945 sed
753 2897 812 2944 tot'o
838 2886 975 2946 orationis
998 2886 1119 2961 babitu,
1144 2888 1195 2966 qui
1217 2887 1357 2966 antiquus

121 2995 181 3064 erait
190 3049 199 3079 ,
220 3005 259 3064 sic
281 3025 340 3063 rem
367 3024 472 3067 novam
494 2993 709 3074 declaraverat,
731 3012 763 3058 ut
776 2999 832 3081 ipsi
852 3001 1052 3086 verosimiliter
1069 3002 1182 3081 antiqui
1201 3002 1336 3065 fecissent
1346 3045 1356 3076 ,

122 3121 145 3178 si
164 3120 311 3181 notionem
337 3115 523 3190 habuissent,
545 3113 632 3176 verbo
654 3114 820 3174 caruissent.
860 3114 959 3194 Itaque
978 3135 1060 3176 nemo
1078 3129 1139 3182 erat
1156 3114 1354 3191 audientium,

121 3235 266 3315 exceptis,
299 3253 370 3312 quos
401 3233 462 3316 ipse
494 3229 633 3306 vocabat,
672 3221 813 3307 ἀμούσοις
848 3227 897 3290 καὶ
932 3223 1129 3309 ἀπειροκάλως
1161 3223 1354 3314 ἀνθρώποις,

121 3349 193 3428 quin
213 3350 339 3408 fructum
362 3361 475 3428 caperet
502 3359 538 3404 ex
561 3348 622 3424 ejus
641 3347 842 3424 institutione,
862 3349 950 3430 plane
968 3363 1062 3408 autem
1088 3370 1171 3410 nemo
1181 3395 1190 3425 ,
1210 3350 1283 3430 quin
1301 3371 1352 3408 au-

120 3464 197 3525 diret
217 3482 281 3524 eunt
302 3460 497 3543 perlubenter.
529 3460 664 3542 Lugduni
679 3460 782 3523 habuit
795 3465 952 3525 orationem
971 3466 1006 3524 de
1025 3466 1223 3524 adolescentie
1241 3465 1350 3526 Ruhn-

121 3583 205 3638 kenii
216 3625 224 3653 ,
237 3586 271 3636 in
286 3579 453 3654 exemplum
463 3585 616 3654 proposita
631 3563 864 3640 adolescentibus
875 3579 1018 3655 Batava,
1029 3581 1172 3640 bonorum
1187 3582 1353 3642 literarum

120 3696 278 3768 studiosis,
300 3694 433 3768 unicam,
454 3692 501 3752 cui
520 3690 654 3770 equidem
670 3693 806 3754 interesse
823 3696 915 3776 potui.
955 3695 1018 3770 Qua
1037 3695 1075 3756 ad
1094 3695 1181 3756 finem
1197 3697 1351 3778 perducta,

121 3809 236 3870 domum
260 3807 389 3868 redibam
403 3827 468 3868 cum
490 3807 589 3868 amicis
611 3797 640 3868 et
665 3807 731 3868 aliis
755 3808 826 3869 item
849 3811 1016 3888 juvenibus.
1052 3811 1121 3872 Erat
1146 3825 1240 3871 autem
1258 3813 1291 3872 in
1315 3813 1353 3872 iis

121 3924 216 3982 nescio
239 3923 318 4002 quis,
345 3922 396 3982 sed
419 3944 471 3982 nec
497 3923 598 3984 doctus
622 3943 675 3982 nec
700 3921 849 3986 doctrinae
876 3926 1037 4002 studiosus,
1059 3925 1230 4004 quamquani
1253 3926 1349 3986 bonus

121 4040 225 4112 homo,
240 4036 338 4096 saltem
355 4051 477 4119 apertus.
499 4037 554 4095 Hic
570 4038 668 4096 mirari
685 4058 715 4096 sc
729 4035 863 4116 dicebat,
873 4041 950 4120 quod
967 4041 1020 4101 hac
1040 4041 1101 4119 ipsa
1121 4038 1191 4098 hora
1210 4039 1266 4098 sibi
1277 4042 1351 4100 acci·

121 4155 217 4216 disset.
246 4153 318 4212 Nam
338 4152 410 4212 forte
426 4166 455 4211 et
471 4173 538 4214 casu
557 4173 586 4212 se
611 4153 644 4212 in
664 4152 840 4214 auditorium
860 4158 987 4218 venisse:
1010 4153 1092 4214 haud
1109 4154 1176 4214 satis
1195 4155 1274 4214 enim
1291 4156 1351 4218 La-

120 4271 181 4331 tine
205 4269 295 4343 scire,
325 4282 356 4328 ut
380 4267 478 4328 doctos
500 4267 567 4328 illos
592 4269 668 4330 viros
693 4268 887 4350 intelligeret:
914 4269 1049 4330 mansisse
1073 4282 1169 4330 maren
1196 4289 1249 4350 per
1278 4269 1352 4332 duas

120 4385 204 4446 boras
222 4384 375 4446 continuas
393 4383 539 4446 immotum
559 4384 636 4446 lere:
658 4383 836 4468 intellexisse
855 4387 931 4448 enim
951 4382 1123 4446 verbotenus
1140 4384 1236 4446 omnia
1246 4430 1256 4461 ‚
1275 4407 1349 4466 quae
