2898 5120
707 199 766 258 586

192 372 451 432 Absolvitur
480 349 647 425 tantem
676 368 959 442 dejuetitic,
991 387 1084 426 nusn
1110 369 1199 426 sele
1225 370 1269 425 od

309 471 475 526 tectam
511 473 641 524 vitane
670 465 902 540 sufficiat,
925 465 1159 538 judicium.

154 665 241 723 Viam
280 661 363 722 nobis
387 661 490 742 praeit
525 659 667 718 continuo
692 657 832 718 Socrates.
888 657 960 716 esic
989 657 1097 738 igitur,
1125 659 1184 734 ait,
1209 660 1349 736 justitiam

113 762 260 836 vidimus,
290 759 396 820 demtis
423 757 559 839 praemiis
586 769 615 814 et
633 755 812 831 honoribus,
835 755 925 836 ipsum
953 775 1007 836 pet·
1036 757 1140 837 seipsi
1162 757 1351 838 animoopti-

114 882 192 921 mum
212 879 272 918 esse
292 857 448 937 negotium.
490 856 576 914 Nunc
604 854 673 912 item
699 855 826 934 praemia
851 853 878 913 ei
898 853 1028 913 tribuere
1046 853 1134 913 licet:
1156 868 1185 914 et
1202 855 1295 935 prouti
1318 855 1350 912 iu

113 955 330 1039 superioribus,
352 952 560 1033 disputationis
580 950 865 1026 caussi,finximus‚
885 952 998 1028 justum
1019 950 1114 1011 videri
1134 953 1288 1032 injustum,
1308 952 1351 1010 in·

110 1059 223 1136 justum
242 1068 338 1113 eutem
352 1053 482 1128 justum:
503 1070 583 1108 nunc
602 1049 750 1122 dicemus,
762 1048 842 1128 quod
852 1048 1036 1109 verissimum
1045 1064 1087 1110 est
1096 1095 1105 1125 ,
1115 1073 1176 1110 non
1186 1050 1354 1109 letereDeos

85 1177 88 1184 ·
115 1153 325 1229 hominesque,
346 1169 416 1208 num
432 1149 529 1226 justus
545 1147 652 1225 aliquis
671 1148 775 1223 sit‚en
796 1148 931 1226 injustus.
953 1147 1064 1222 Quodsi
1084 1169 1130 1207 res
1148 1150 1188 1206 ite
1207 1169 1235 1206 se
1254 1146 1354 1216 habet,

116 1245 133 1311 ὁ
154 1245 224 1328 μὲν,
255 1239 405 1328 θεοφιλής
425 1239 463 1306 ἂν
484 1240 544 1326 εἴη,
567 1237 584 1303 ὀ
604 1239 655 1318 δὲ,
678 1238 846 1325 θεομισής·
875 1246 958 1304 ulter
986 1265 1079 1305 corus
1105 1253 1168 1305 erit
1193 1243 1283 1319 Diis,
1303 1253 1355 1304 in-

115 1360 200 1412 nisus
230 1351 320 1409 citer.
375 1345 430 1432 Τῷ
454 1343 490 1407 δὲ
516 1346 657 1426 θεοφιλεῖ
683 1339 743 1426 οὐχ
770 1339 1008 1428 ὁμολογήσομεν,
1038 1341 1098 1408 ὅσοι
1127 1342 1244 1431 γεοῖιιδ
1274 1347 1357 1409 θεῶν

114 1447 257 1532 γίγνεται,
288 1441 386 1510 πάντα
417 1445 573 1529 γίγνεσθαι
605 1440 647 1521 οἷς
678 1437 775 1508 οἷόντε
806 1439 933 1530 ἄριστος
966 1449 1028 1508 Deo
1053 1462 1158 1510 cutem
1186 1460 1239 1530 qui
1266 1471 1358 1508 eurus

114 1563 179 1628 est,
201 1567 299 1611 nonne
318 1551 390 1610 huie
403 1553 581 1628 fatebimur
599 1571 798 1629 quaeeunque
817 1554 969 1610 diuinitus
987 1553 1167 1630 obtingunt,
1188 1555 1287 1608 emnia
1310 1551 1358 1606 ob-

115 1658 235 1732 tingere
262 1669 352 1728 qucm
381 1649 520 1728 opunte?
542 1677 573 1686 -
595 1647 733 1708 Omnino.
754 1690 789 1700 -
809 1647 858 1707 Sic
887 1649 977 1730 igitur
1004 1648 1042 1707 de
1067 1650 1147 1726 justo
1178 1649 1241 1708 viro
1259 1645 1358 1706 existi·

114 1748 274 1821 mandunt,
305 1747 366 1806 sive
405 1746 587 1827 paupertati,
618 1746 679 1805 sive
704 1743 834 1820 morbis,
865 1747 927 1806 sive
957 1746 1111 1828 quibusvis
1139 1766 1258 1818 eorum,
1286 1765 1360 1822 quae

118 1846 193 1906 mele
222 1844 378 1918 videntur,
399 1843 545 1904 obnoxius
566 1845 622 1918 sit,
643 1843 712 1902 huic
742 1843 859 1903 demum
885 1857 915 1902 et
943 1845 1057 1905 viventi
1076 1858 1105 1903 et
1123 1857 1236 1904 mortuo
1254 1841 1291 1902 ed
1309 1841 1359 1900 hc-

116 1963 187 2003 num
201 1941 320 2022 aliquod
337 1943 391 2000 ista
408 1941 588 2012 conducere:
611 1935 647 2001 ον’
667 1935 726 2021 peip
743 1932 785 2023 dn*
802 1934 863 2002 sind
885 1963 917 2021 ys
941 1940 1028 2002 θεῶν
1052 1936 1124 2001 ποτὲ
1145 1935 1307 2018 α’μελεΐτιιι,
1327 1933 1361 2010 ὃς

117 2035 155 2102 iv
180 2041 410 2125 προθυμεῖσθαι
436 2033 535 2126 ἐθέλῃ
563 2039 675 2116 δίκαιος
703 2040 858 2122 γίνεσθαι,
886 2042 935 2105 καὶ
962 2037 1146 2124 ἐπιτηδεύων
1172 2035 1294 2122 ripensis,
1321 2035 1361 2100 sic

116 2135 189 2204 door
220 2125 347 2202 dvuuctii
370 2131 529 2227 ἀνθρώπῳ
556 2137 739 2221 σ’μοιοῧσθοιι
771 2145 848 2231 θεῷ·
880 2169 938 2207 non
968 2154 1048 2204 enim
1075 2168 1094 2204 ο
1122 2143 1198 2203 Diis
1227 2163 1361 2220 unquam
1447 2171 1448 2214 ι

119 2247 311 2326 negligitur,
342 2251 513 2322 quicunque
533 2252 645 2321 justus
673 2249 815 2324 euadere,
846 2255 1033 2324 virtutisque
1051 2243 1179 2322 qffieiis,
1201 2242 1297 2319 quoad
1316 2241 1361 2296 tu
1414 2270 1422 2286 ·
1447 2243 1448 2282 i

119 2349 198 2400 mini
217 2342 307 2412 licet,
330 2337 393 2398 Deo
413 2343 526 2399 similis
544 2345 617 2414 fieri
632 2355 772 2406 conetur.
814 2344 901 2426 Apud
922 2343 990 2403 deos
1009 2342 1097 2422 igitur
1112 2341 1192 2418 justo
1212 2339 1276 2398 vico
1291 2337 1364 2397 haec
1447 2369 1448 2410 1

119 2437 240 2500 debitus·
265 2435 370 2517 palme.
412 2436 500 2518 Apud
525 2438 656 2500 homines
680 2456 775 2502 autem
805 2463 904 2503 noune
928 2442 968 2500 sic
993 2441 1111 2513 evenit,
1144 2439 1168 2496 si
1188 2457 1259 2496 vers
1279 2435 1362 2495 fateri
1447 2477 1448 2506 ι

119 2536 267 2596 velimus?
290 2528 355 2614 οὐχ
378 2531 407 2596 οἱ
427 2531 485 2613 μὲν
506 2535 605 2598 deinoi
619 2561 652 2600 τε
671 2539 720 2600 uui
744 2534 839 2610 iimcc
860 2539 973 2621 δρῶσιν
994 2530 1067 2618 ὅπερ
1089 2531 1118 2597 ci
1140 2535 1278 2619 δρομεῖς,
1299 2525 1363 2593 ὅσοι

115 2628 154 2696 civ
182 2628 296 2697 θέωσιν
326 2628 361 2698 εὖ
392 2631 452 2698 cini
474 2638 537 2701 τῶν
564 2633 660 2716 uisu,
692 2636 754 2704 cini
775 2639 811 2703 δὲ
837 2640 899 2703 τοῖν
923 2633 986 2702 tvo
1007 2633 1067 2720 μής
1098 2630 1136 2699 cti
1162 2633 1220 2715 μὲν
1242 2633 1366 2717 πρῶτον

117 2731 209 2810 ὄξὲως
234 2731 431 2820 (ineundum,
454 2739 644 2828 τελευτῶντες
669 2739 706 2803 δὲ
729 2737 940 2824 καταγέλαστοι
968 2738 1128 2822 γίγνονται,
1157 2733 1195 2799 sei
1225 2731 1290 2800 ὦτα
1317 2735 1366 2796 ἐπὶ

104 2836 181 2898 'stein
202 2831 296 2916 ὤμων
318 2833 437 2920 ἔχοντες
456 2841 506 2902 uui
524 2836 727 2922 ἀστεφάνωτοι
751 2840 984 2926 ἀποτρέχοντες·
1007 2840 1040 2903 οἱ
1060 2838 1100 2903 δὲ
1121 2863 1140 2902 τ
1146 2865 1169 2927 ῃ
1192 2837 1368 2924 ἀληθείᾳ

118 2939 307 3021 δρομικοὶ,
340 2943 393 3016 εἰς
420 2938 524 3018 τέλος
553 2940 748 3020 ἐλθόντες,
783 2939 827 3007 ια’
852 2967 888 3007 τε
915 2937 1016 3005 ἆθλα
1041 2937 1277 3022 λαμβάνουσι
1303 2941 1368 3002 καὶ

118 3043 408 3124 στεφανοῦνται·
437 3041 495 3126 οὐχ
523 3039 602 3110 οὕτω
629 3047 678 3109 nui
707 3047 776 3131 περὶ
803 3049 864 3110 τῶν
887 3045 1009 3108 δικαίων
1031 3037 1067 3106 sei
1094 3041 1171 3106 πολι)
1190 3041 1365 3124 {opificium

119 3135 197 3220 προς
213 3143 248 3206 τό
268 3142 352 3220 &ing
379 3141 505 3230 ἑκάστης
527 3143 663 3231 πράξεως
684 3149 734 3210 καὶ
757 3143 875 3228 ὁμιλίας
895 3146 945 3210 καὶ
965 3145 1021 3209 sesi
1039 3145 1107 3227 βίον
1123 3142 1317 3226 εὐδοκιμοῦσί
1337 3171 1367 3209 τε

118 3244 169 3305 uui
196 3242 234 3306 τοὶ
256 3240 341 3309 ἆθλα
367 3243 450 3332 nupsi
470 3251 531 3312 τῶν
552 3245 727 3333 ἀνθρώπων
752 3247 913 3334 φέρονται;
937 3273 1034 3310 nenne
1061 3260 1161 3309 astuti
1185 3253 1321 3310 homines
1339 3261 1366 3310 et

119 3353 236 3422 iujueti
260 3351 390 3426 perinde
409 3353 542 3427 fuciunt
571 3373 607 3411 σο
634 3366 774 3414 cursores
799 3356 869 3427 illi,
901 3361 955 3432 qui
982 3375 1001 3411 ο
1028 3357 1203 3414 carceribus
1231 3365 1366 3413 currunt

120 3449 209 3520 bene,
242 3467 261 3503 σ
291 3457 370 3506 metu
400 3471 457 3508 nen
487 3451 586 3508 item?
627 3451 772 3511 Primum
799 3455 942 3512 celeriter
968 3455 1136 3527 exsiliunt,
1158 3455 1282 3521 tundent
1299 3477 1367 3513 cero

117 3551 216 3602 risum
245 3555 423 3623 reportent,
439 3528 580 3626 quippe,
611 3553 740 3609 nuribus
757 3558 801 3608 'in
827 3551 966 3611 Ιιιιιιιοτοι
995 3553 1151 3626 demissis,
1173 3560 1238 3610 eine
1258 3573 1366 3610 corone

120 3643 324 3701 discedentes:
355 3653 450 3702 veri
476 3655 613 3704 cutem
642 3669 861 3722 cursores,
891 3651 939 3708 ud
956 3652 1365 3728 finempervenien·
1447 3725 1448 3728 Ἴ

119 3745 1364 3824 tes,preeminaccipiuntcccorcnuntur.Nonnejustiseiris
1447 3739 1448 3778 t

118 3840 266 3896 similiter
294 3839 374 3897 idem
404 3851 440 3899 ut
464 3843 639 3918 plurimum
668 3853 785 3920 evenit,
817 3855 853 3903 ut
880 3853 913 3902 in
943 3853 1029 3904 euitu
1059 3854 1207 3925 cujusque
1236 3855 1367 3908 actionis

117 3939 402 4016 consuetudinisque
433 3949 462 3997 et
488 3948 569 4000 eitue
593 3945 778 4020 probentur,
807 3965 993 4022 muneraque
1020 3947 1057 4004 ab
1085 3946 1257 4004 hominibus
1280 3950 1365 4021 reffe-

119 4034 218 4092 rcut?
242 4033 271 4114 l)
312 4035 391 4095 Haec
411 4037 500 4117 igitur
524 4040 650 4120 preemie
671 4055 740 4101 sunt
768 4048 960 4118 semunciis,
981 4064 1054 4122 quae
1069 4043 1148 4121 justo
1168 4043 1230 4102 viro
1252 4057 1366 4124 prester

152 4293 182 4356 1)
203 4294 281 4347 Recte
295 4313 353 4348 cusu
372 4296 413 4348 his
432 4297 555 4352 confesse
570 4299 647 4364 jubet
660 4300 750 4354 sulib.
774 4301 1044 4356 celebratissimelocu
1056 4301 1132 4356 Peuli
1145 4303 1193 4371 Ep.
1212 4300 1363 4358 σσῦοτὺιιλ

113 4379 130 4428 1.
149 4378 182 4432 9.
201 4379 244 4430 tt.
264 4379 294 4430 11.
314 4383 347 4443 i,
368 4381 392 4431 9.
413 4385 448 4433 nt
465 4383 571 4436 Piitsu.
593 4384 632 4436 ΙΙΙ.
653 4383 695 4437 tt.
