2898 5120
632 293 691 356 519

103 459 228 542 Neglecta
254 460 314 520 lere
341 481 356 520 a
382 458 560 541 pbilosophis
587 475 629 522 est
653 475 712 522 tota
741 461 810 521 haec
829 459 954 520 bominis
974 457 1052 539 apud
1069 457 1216 519 Platonem
1234 455 1270 522 in

70 562 180 642 pejorem
206 556 400 620 conditionem
427 559 583 620 conversio.
624 561 683 620 Nec
712 561 825 620 mirum.
866 557 938 616 Nam
965 557 1010 636 agi
1028 556 1081 614 hoc
1100 553 1163 613 loco
1184 553 1273 623 unite

68 659 101 719 de
122 659 266 740 ciuitatum
286 656 519 716 conversionibus
547 657 717 719 videbatur:
738 659 788 716 vix
815 654 1014 716 attendebatur
1043 653 1163 725 iccirco,
1184 650 1268 730 quid·
1316 649 1323 656 ’

67 756 130 836 quid
157 755 193 814 de
219 754 344 816 bominis
367 755 463 815 animo
490 757 611 835 ejusque
626 754 895 818 commutationibus
914 749 1087 813 occurrebat.
1128 748 1202 810 Sunt
1220 769 1268 807 au·

68 867 117 914 tem
136 873 230 935 reapse
257 853 311 912 hae
335 854 424 914 animi
451 853 570 914 humani
596 857 830 916 commutationes
855 851 990 933 princeps
1016 849 1117 908 barum
1136 846 1267 926 disquisi-

68 953 165 1012 tiouum
178 965 384 1032 argumentum.
419 948 466 1012 nd
482 955 611 1012 ethicum
629 955 706 1012 enim
723 953 856 1034 proprie,
877 971 937 1008 non
956 947 993 1007 ad
1006 949 1161 1024 politicum
1177 958 1268 1004 toturn

67 1051 129 1124 boc,
149 1063 180 1109 ut
204 1049 347 1126 vidimus,
366 1048 532 1132 philosophi
559 1069 631 1132 opus
645 1051 788 1115 ,seleman
829 1049 866 1109 Et
883 1046 944 1106 dici
962 1047 1013 1107 vin
1032 1057 1141 1126 potest,
1162 1043 1270 1132 quanta
1347 1052 1349 1064 ·

67 1148 110 1206 ille
129 1147 277 1228 diligentia
302 1161 476 1228 naturaeque
504 1148 644 1209 humanae
670 1146 874 1229 perspicientia
901 1143 1027 1204 hominis
1052 1141 1091 1201 ad
1115 1143 1186 1201 vitia
1214 1143 1269 1202 iter

68 1245 249 1330 exploraverit
282 1267 315 1305 ac
350 1245 551 1308 declaraverit.
603 1243 746 1307 Summam
772 1245 877 1319 hahet,
907 1255 939 1302 ut
962 1239 1186 1300 animadvertere
1208 1240 1269 1318 jam

67 1344 215 1424 coepimus,
245 1345 332 1404 trium
360 1345 586 1426 illorum,·quae
614 1345 724 1406 homini
750 1345 868 1420 insunt,
897 1338 1068 1420 λογιστικοῦ,
1090 1336 1271 1415 θιιμοειδιιῦς

67 1454 91 1500 ct
114 1436 338 1524 inebramini,
358 1445 516 1519 rationem,
537 1464 610 1522 quac
627 1445 659 1504 in
678 1443 871 1502 aristocratiae
886 1444 943 1502 sive
968 1441 1043 1500 bono
1063 1443 1197 1520 justoque
1213 1440 1269 1498 bo-

67 1543 133 1603 mine
155 1545 358 1619 consentiunt,
389 1546 422 1604 in
449 1542 626 1603 timooratico
645 1555 739 1600 autem
757 1555 785 1600 et
805 1541 977 1622 eligarchico
994 1536 1167 1614 turbantur,
1189 1551 1220 1597 ut
1236 1539 1268 1596 in

65 1641 150 1702 animo
170 1642 297 1723 ipsorum
326 1642 418 1704 veluti
438 1641 594 1702 seditiones
613 1639 752 1700 oriantur.
792 1640 865 1698 Tum
885 1659 952 1701 vero
970 1639 1024 1698 iter
1042 1635 1118 1696 illud
1142 1636 1267 1696 bominis

67 1737 98 1798 ad
114 1740 182 1800 vitia
199 1759 367 1820 omnemque
385 1741 556 1822 pravitatem
576 1736 756 1798 attendamus
775 1736 938 1817 diligenter.
980 1736 1027 1795 Fit
1053 1733 1106 1795 ille
1123 1736 1246 1816 primum
1256 1779 1265 1809 ,

68 1849 93 1895 ut
116 1837 306 1898 timocraticus
336 1841 387 1898 iste
397 1884 406 1914 ,
427 1840 571 1917 superbus
587 1848 672 1914 atque
691 1837 881 1910 ambitiosos,
903 1828 1090 1916 ὑψηλόφρων
1110 1833 1158 1895 καὶ
1180 1826 1267 1914 φιλό-

66 1951 137 2012 τιμος
155 1929 240 2020 ἀνήρ.
261 1935 290 2017 1)
329 1937 477 1997 Dominari
498 1938 530 1996 in
559 1957 592 1998 eo
609 1927 644 1995 sti
666 1931 826 2012 θυμοειδὲς
847 1939 969 2020 incipit,
993 1953 1024 2000 ut
1050 1937 1163 2011 minus,
1182 1955 1267 2014 quarn

67 2055 109 2116 par
133 2051 190 2113 cst,
219 2038 295 2118 ¹ratio
322 2035 499 2095 auctoritatis
527 2035 647 2104 habeat:
669 2036 833 2096 excitantur
851 2037 1023 2118 cupiditates
1044 2035 1142 2108 etiam,
1163 2033 1268 2113 quibus

28 2161 30 2168 ·
66 2134 171 2214 gloriam
191 2137 276 2196 unice
295 2133 538 2194 etauctoritatem
557 2135 675 2216 appetit.
705 2133 779 2202 Sunt
794 2134 865 2194 hacc
884 2132 1173 2216 praeclarissimorum
1183 2131 1268 2191 etiam

67 2233 179 2295 virorum
206 2234 298 2306 vitia,
319 2233 351 2292 iu
377 2230 484 2310 quibus
504 2232 637 2292 feruntur
655 2232 758 2308 facilc3
782 2250 881 2293 verum
901 2235 971 2295 vitia
990 2245 1058 2293 sunt
1080 2245 1193 2304 tamen,
1217 2227 1279 2288 iisv·

67 2328 174 2411 demque
201 2333 316 2391 animus
333 2329 471 2411 proclivis
491 2329 529 2390 ad
547 2349 659 2390 omnem
680 2331 851 2412 pravitatem
870 2331 911 2393 lit.
932 2330 964 2413 2)
990 2331 1082 2406 Nam,
1103 2326 1180 2408 quod
1198 2349 1212 2386 e
1230 2325 1267 2386 ci-

67 2429 152 2490 vitatis
176 2430 370 2490 timueraticae
398 2429 429 2494 in
459 2427 644 2509 oligurchiam
675 2431 864 2491 conversione
898 2443 991 2512 patet,
1021 2425 1189 2510 cupiditatis
1214 2425 1269 2494 bac
1323 2415 1327 2428 “

67 2527 107 2588 vil
131 2550 146 2588 a
172 2529 279 2608 gloriae
308 2528 402 2587 studio
427 2525 465 2586 ad
490 2527 552 2586 auri
572 2547 679 2597 sacram
697 2529 799 2587 famem
818 2541 1043 2590 convertuntur:
1069 2545 1125 2604 quo
1145 2522 1270 2597 accidit,

68 2640 95 2684 ut
116 2621 273 2700 θυμοειδὲς
304 2623 399 2699 illud,
431 2623 508 2711 quod
531 2625 658 2684 excitare
680 2625 825 2684 hominem
844 2626 883 2686 ad
901 2645 1036 2706 generosa
1054 2624 1182 2682 facinora
1199 2619 1268 2680 sole·

66 2723 122 2801 bat,
150 2728 216 2788 solis
241 2725 383 2803 ¹inserviat
409 2721 619 2802 cupiditatibus
647 2721 821 2802 explendis,
849 2722 1052 2803 quae,opibus
1078 2719 1211 2794 inhiant,
1241 2731 1268 2776 et

68 2825 133 2886 nibil
157 2826 266 2889 habent
293 2843 358 2883 oum
387 2821 574 2902 generositate
596 2833 679 2898 atque
707 2821 797 2879 animi
816 2820 1015 2902 magnitudine
1033 2836 1191 2878 commune.
1232 2815 1269 2874 Et

68 2941 125 2983 vero
150 2907 273 2986 efficitur·
296 2919 398 2995 simul,
431 2931 461 2976 ut
488 2917 558 2976 binc
583 2917 755 2997 deinceps
746 2937 778 2976 tn
795 2916 914 2978 homine
934 2917 1049 2977 nullum
1073 2937 1133 2975 non
1151 2913 1269 2995 cupidi-

67 3031 143 3080 tatum
168 3043 260 3104 genus
283 3011 441 3092 cremetur,
471 3015 550 3095 isque
575 3014 711 3090 tandem,
732 3018 811 3075 omni
833 3017 927 3098 spreti
946 3015 1065 3075 rationis
1085 3013 1269 3085 auctoritate,

68 3139 112 3178 nec
138 3122 336 3201 quidquam
321 3109 464 3178 habens'
449 3133 480 3176 εν
499 3135 542 3200 τῳ
532 3113 722 3192 donesdei
739 3115 894 3196 praesidii,
915 3125 1021 3174 totusa
1042 3109 1269 3193 cupiditatibus,

69 3229 92 3275 ct
114 3217 346 3298 pertinacissimis
367 3215 483 3296 quidem
513 3177 623 3280 illisae
642 3235 781 3296 prorsus
774 3213 915 3272 effrenatis
925 3257 933 3286 ,
954 3207 1080 3292 pendeat
1097 3227 1129 3267 ac
1147 3219 1269 3288 r.egatur

69 3312 163 3375 Verum
187 3315 243 3375 boc
262 3327 294 3372 ut
314 3313 397 3390 nobis
414 3314 622 3374 demonstraret
640 3313 739 3388 Plato,
759 3309 796 3370 ad
822 3309 1069 3370 democratiam'et
1085 3305 1269 3387 tyrannidem

69 3413 183 3474 animum
203 3425 332 3472 nostrum
347 3412 576 3476 convertendum
596 3393 718 3481 censuit,
758 3410 815 3468 Nos
833 3409 921 3488 igitur
940 3425 1086 3487 pergamus
1107 3404 1187 3464 illuc.

256 3605 314 3666 De
334 3608 597 3666 democratia
618 3616 656 3664 ae
675 3612 768 3664 oiro
789 3606 1081 3662 democraticu.

105 3805 242 3879 «Oritur,
263 3804 322 3878 ait,
343 3821 379 3862 ert
397 3797 551 3882 oligaichia
571 3797 742 3862 democratia
761 3813 876 3880 propter
897 3795 1089 3856 insatiabilem
1105 3791 1270 3854 divitiarum

68 3901 255 3984 cupiditatem.
296 3901 367 3960 Nan
393 3913 425 3960 ιιι
453 3897 559 3961 divites
586 3911 673 3975 sunt,
702 3897 752 3977 qui
780 3896 832 3956 tali
862 3895 973 3957 civitati
1001 3904 1154 3974 praesunt,
1176 3891 1215 3950 ita
1239 3890 1269 3948 hi

69 4053 310 4068 -uunn—

98 4143 121 4208 ll
138 4147 173 4198 Dc
190 4147 250 4216 ch.
267 4145 329 4198 VIII.
347 4143 405 4197 550.
424 4145 453 4196 B.
523 4187 528 4200 ,
1282 4197 1285 4201 .

97 4226 121 4292 2)
137 4231 229 4286 Nostro
255 4232 285 4283 id
302 4231 442 4300 proverbio
467 4231 632 4298 exprimitur:
650 4229 745 4297 lapsum
762 4227 889 4296 praecedit
907 4224 1029 4294 napulie.
1063 4222 1113 4276 Sed
1128 4219 1269 4274 oomruuuit
1341 4225 1344 4234 '

69 4311 124 4367 baec
146 4320 229 4372 omnis
254 4325 294 4369 est
316 4317 472 4385 antiquitatis
498 4318 641 4369 sententia:
670 4313 834 4383 quamobrem
855 4311 924 4363 Deus
948 4309 1056 4361 occurrit
1073 4308 1125 4360 illic
1143 4308 1215 4369 lere,
1234 4307 1270 4359 uil

70 4402 142 4470 magis
161 4404 187 4455 iu
207 4404 310 4456 bomine
324 4403 452 4471 puniens,
472 4415 547 4468 quam
564 4399 717 4469 superbiam.
762 4393 820 4450 Vid.
838 4397 882 4448 lle
898 4395 1000 4463 Ioseph
1021 4394 1090 4462 llisq.
1107 4394 1138 4443 dc
1156 4385 1271 4443 Herodoti

69 4484 215 4558 pbilosophis
233 4489 301 4554 tiu.
318 4487 410 4540 adlllr.
428 4485 503 4539 1833.
524 4502 550 4553 p.
568 4483 610 4538 32.
