2950 5134
668 263 707 326 ll

93 450 150 515 gat,
169 455 257 514 neque
275 431 438 492 ulliildem
459 429 562 488 habeat
580 440 778 509 praeterquam
797 425 987 507 sibimetipsi,
1008 427 1033 484 si
1055 427 1127 506 qnid
1143 430 1237 511 ipsum
1257 449 1307 512 per

93 555 117 592 se
130 532 300 615 perceperit:
321 547 508 609 quaecunque
531 547 599 587 vero
618 545 669 607 per
688 523 748 586 alia
766 522 1014 599 consideraverit,
1034 545 1107 604 quae
1120 527 1154 589 iu
1172 527 1238 590 aliis
1250 529 1308 588 alia

92 646 168 706 suut,
188 631 288 690 horum
312 627 389 687 nihil
409 625 552 689 existimet
572 643 691 685 verum:
712 623 783 686 leaeo
803 635 898 681 autem
916 641 992 698 esse,
1013 643 1086 702 quae
1105 626 1196 686 oeulis
1223 628 1310 688 sensi·

92 731 189 809 busqne
208 741 343 810 pateant,
365 723 442 804 quod
470 737 565 782 autem
591 723 652 802 ipsa
670 735 787 796 cernat,
812 717 982 780 solamente
1002 724 1123 803 percipi.
1149 721 1177 803 l)
1212 725 1311 804 ltaque

92 829 204 888 abstinet
222 824 386 908 philosophi
407 823 519 881 animus
538 818 753 900 voluptatibus,
774 817 984 900 cupiditatibus
1012 833 1039 878 et
1058 821 1152 898 quoad
1171 824 1231 900 eius
1248 823 1312 882 lieri

94 941 189 1008 potest,
211 927 288 985 omni
313 925 432 995 affectu,
454 920 485 980 id
505 921 537 978 iu
560 919 661 999 primis
680 937 803 993 cavens,
826 937 862 976 ne
883 937 1017 978 sensuum
1032 919 1147 995 judicio
1167 939 1211 978 res
1231 921 1313 999 diju-

94 1025 199 1099 dicans,
220 1021 298 1103 quod
317 1021 362 1080 his
377 1019 490 1100 placet,
511 1037 630 1092 verum,
651 1015 730 1095 quod
750 1015 904 1098 displicet,
925 1015 1029 1074 falsum
1049 1015 1161 1081 lrabeat.

127 1124 246 1182 Omnino
266 1119 304 1180 ad
323 1121 459 1181 virtutem
477 1116 610 1194 vitaeque
629 1115 807 1174 sanctitatem
825 1114 945 1174 adducit
964 1114 1148 1196 philosophia
1167 1115 1313 1196 Platonis,

96 1221 138 1280 sed
155 1221 288 1278 sanctitas
308 1217 361 1278 illa
380 1227 496 1274 nonest
515 1213 768 1287 anachoretarum,
790 1212 840 1272 sed
850 1213 1105 1289 philosophorum,
1128 1216 1178 1293 qui
1199 1224 1315 1293 sapien·

96 1327 149 1376 tice
167 1317 291 1376 student.
332 1313 419 1390 Quod
436 1310 564 1372 studium
579 1331 638 1370 non
656 1310 743 1388 huius
756 1311 832 1372 vitae
848 1311 981 1370 terminis
999 1311 1118 1385 defluit,
1137 1313 1187 1372 sed
1202 1315 1316 1376 futurae

98 1417 124 1474 in
142 1416 238 1496 primis
256 1416 333 1475 vitae
354 1410 500 1493 proprium
520 1408 675 1469 existimat.
716 1408 904 1489 Philosophos
923 1408 1038 1468 inducit
1062 1410 1101 1468 sic
1120 1431 1215 1470 secum
1235 1414 1317 1476 invi-

95 1533 148 1572 cem
161 1513 357 1594 disputantes:
379 1507 517 1590 quamdiu
536 1508 569 1565 in
588 1527 705 1588 corpore
720 1507 916 1583 versabimur,
938 1507 1163 1588 commistusque
1177 1512 1231 1569 erit
1247 1511 1316 1572 huic

95 1610 161 1669 malo
178 1625 204 1670 et
219 1611 349 1692 pollutus
375 1609 490 1669 animus
514 1617 629 1679 noster,
651 1605 734 1665 nullo
755 1622 881 1685 unquam
901 1606 985 1665 modo
1011 1608 1122 1685 assequi
1145 1609 1231 1669 nobis
1250 1610 1317 1670 liee-

96 1709 148 1782 bit,
183 1709 259 1788 quod
288 1709 464 1789 expetimus:
499 1698 598 1783 φαμὲν
627 1699 663 1763 δὲ
688 1701 775 1764 τοῦτο
803 1697 873 1764 εἶναι
904 1697 941 1764 ed
973 1697 1096 1785 ἀληθὲς·
1134 1708 1185 1767 lace
1216 1721 1316 1768 cutem

95 1808 291 1865 resederimus
310 1827 424 1866 amm.
447 1801 479 1885 2)
499 1805 575 1863 Mari
596 1806 701 1865 iccirco
720 1808 860 1888 cupiunt:
881 1807 1052 1880 tamenim,
1072 1807 1231 1884 inquiunt,
1251 1807 1317 1889 puri

96 1906 281 1986 immunesque
304 1927 321 1964 a
348 1923 483 1964 sensuam
502 1903 683 1984 'corporisque
702 1903 865 1978 dementia,
891 1923 957 1962 cum
976 1903 1103 1978 talibus,
1125 1915 1158 1961 ut
1170 1917 1317 1966 consenta-

97 2025 175 2062 neum
201 2017 260 2079 est,
292 2005 415 2078 erimus,
436 1998 485 2061 arcti
510 1993 693 2080 γνωσόμεθα
719 1996 757 2062 tlt'
781 1996 869 2083 η’μῶν
896 1997 993 2072 αὐτῶν
1017 1999 1077 2061 πᾶν
1101 1996 1137 2061 τό
1166 2000 1319 2086 εἰλικρινὲς

96 2101 175 2162 τοῦτο
201 2097 228 2162 δ’
256 2099 335 2189 ἐστὶν
360 2098 431 2177 ictuc
455 2097 493 2167 tri
514 2098 636 2184 ἀληθὲς.
677 2105 799 2185 Ipsique
813 2125 873 2184 per
891 2112 1081 2181 nosmetipsos
1104 2125 1187 2162 omne
1214 2127 1320 2187 cogno-

97 2225 201 2263 scemus
210 2227 325 2283 purtem
339 2215 369 2263 at
382 2215 551 2269 sincerum:
571 2208 605 2265 td
624 2215 725 2263 cutem
747 2227 806 2264 esar
821 2224 944 2262 cerum
960 2203 1090 2262 videtur.
1112 2202 1227 2283 Impuro
1242 2205 1321 2264 enim

99 2323 192 2382 purum
209 2305 348 2384 attingere
369 2325 428 2362 non
447 2304 558 2363 licitum
581 2317 631 2366 cst.
658 2300 689 2384 3)
718 2303 816 2382 ltaque
831 2303 911 2363 Plato
929 2304 1044 2361 futurae
1059 2302 1136 2360 ritae
1154 2301 1321 2363 felicitatem

101 2400 224 2462 facultate
242 2402 420 2483 potissimum
434 2404 513 2461 cerni
531 2415 628 2464 censet
645 2410 743 2479 ipsius
761 2409 826 2460 aori
845 2399 1004 2482 spectandi.
1047 2399 1168 2460 Animus
1187 2401 1210 2459 si
1230 2419 1320 2482 purus

100 2517 241 2579 ecorpore
257 2499 388 2560 >discedit
401 2543 409 2575 ,
423 2499 509 2560 mihil
528 2521 565 2560 ex
588 2521 622 2560 ec
646 2521 741 2559 secum
766 2499 901 2574 trahens,
921 2499 1029 2580 quippe
1058 2517 1181 2577 quocum
1209 2499 1241 2558 in
1261 2499 1322 2561 vita

101 2595 206 2656 nullum
236 2597 340 2656 lubens
365 2600 563 2660 commercium
583 2599 732 2674 hahuerit,
752 2597 802 2658 sed
827 2599 933 2680 fugerit
954 2595 1049 2672 illud,
1071 2615 1157 2674 seque
1173 2597 1270 2678 ipsum
1288 2598 1323 2657 in

100 2715 124 2752 se
144 2695 308 2775 collegerit,
331 2709 426 2776 utpote
451 2697 519 2755 huic
549 2715 661 2778 semper
690 2697 732 2756 rei
762 2693 880 2756 studens
903 2735 934 2746 —
961 2697 993 2756 id
1016 2709 1111 2756 autem
1135 2694 1213 2754 nihil
1240 2694 1322 2755 aliud

101 2807 155 2866 est,
174 2795 230 2853 nisi
254 2808 330 2853 recte
359 2791 555 2876 philosophari
586 2827 617 2841 κ-
647 2796 686 2854 sic
716 2795 804 2877 igitur
833 2816 861 2854 se
885 2794 995 2855 habens
1021 2795 1135 2855 animus
1163 2811 1322 2874 corpusque

103 2889 261 2970 relinquens
277 2935 296 2964 ,.
311 2890 349 2949 acl
372 2891 450 2951 istud
475 2892 624 2972 procedit,
649 2893 727 2972 qnod
752 2893 807 2975 ipsi
832 2906 875 2952 est
899 2893 991 2954 simile
1012 2913 1064 2951 neo
1093 2904 1186 2974 potest
1208 2890 1324 2965 videri,

102 2987 227 3048 divinum
237 3035 246 3063 ,
267 2989 445 3065 immortale,
466 2989 594 3070 sapiens:
616 3011 673 3069 quo
691 3005 723 3051 ut
740 2991 923 3070 pervenerit,
944 2989 1045 3049 licebit
1063 2989 1109 3048 illi
1138 2989 1222 3049 mato
1246 3007 1324 3063 esse,

103 3106 205 3161 errore,
226 3087 359 3160 inscitia,
380 3101 474 3161 matu,
496 3088 565 3147 feris
584 3089 727 3149 amoribus
745 3090 919 3168 caeterisque
937 3087 1019 3147 malis
1034 3087 1167 3152 humanis
1187 3085 1323 3160 liberato,

105 3197 182 3262 atque
206 3185 242 3244 de
271 3185 393 3244 initiatis
423 3185 549 3260 dicitur,
570 3209 600 3246 re
625 3209 693 3247 vera
716 3209 767 3268 per
796 3207 915 3267 sequeus
935 3202 1046 3268 tempus
1072 3203 1156 3244 omne
1175 3205 1240 3246 cum
1260 3183 1324 3244 Diis

105 3284 185 3342 viret.
215 3280 246 3362 l)
276 3281 363 3342 Unde
382 3283 501 3344 ductum
521 3285 783 3366 explicandumque
806 3299 847 3345 est
867 3284 1013 3345 Ciceronis
1041 3281 1136 3358 illud,
1157 3283 1236 3364 quod
1259 3295 1326 3342 ante
1382 3297 1387 3312 ¹

105 3400 135 3438 ex
157 3379 309 3445 Hortensio
333 3382 497 3442 attulimus:
526 3405 542 3436 a
553 3384 593 3444 sie
607 3384 830 3444 existimandum
845 3397 904 3458 est,
925 3403 982 3461 quc
1001 3382 1089 3460 magis
1106 3381 1196 3441 animi
1216 3381 1326 3439 fuerint

105 3497 205 3560 semper
226 3480 258 3538 iu
276 3499 326 3538 suo
346 3499 449 3554 cursu,
471 3479 503 3542 id
524 3496 581 3555 est,
602 3482 633 3540 in
655 3483 764 3542 ratione
783 3495 810 3540 et
829 3479 1024 3562 investigandi
1044 3479 1202 3560 cupiditate
1224 3509 1256 3518 -
1271 3477 1325 3538 hcc

107 3575 136 3632 iis
156 3576 312 3636 faciliorem
341 3576 509 3638 adscensum
536 3592 563 3638 et
588 3578 710 3638 reditum
736 3580 767 3643 in
785 3579 896 3640 coelum
914 3581 983 3640 fore.
996 3603 1010 3635 a
1036 3575 1068 3658 5)
1098 3579 1157 3640 Imo
1178 3597 1246 3636 vero
1264 3575 1325 3634 told

109 3687 217 3733 naturae
242 3675 406 3754 cognitione
426 3690 453 3735 et
473 3676 592 3741 scientia
612 3691 669 3738 tam
689 3677 838 3738 hominum
857 3691 1075 3759 postmortem,
1095 3697 1180 3754 quam
1203 3675 1328 3738 Deorum

109 3787 229 3831 constare
249 3772 475 3847 beatitudiuem,
498 3775 529 3836 in
548 3775 645 3839 eodem
669 3791 752 3858 opere
766 3776 917 3840 contendit
935 3777 1051 3839 Cicero:
1077 3777 1124 3837 «si
1144 3773 1245 3847 nobis,
1262 3793 1328 3835 cum
1392 3817 1396 3828 »

109 3888 138 3926 ex
165 3871 216 3930 hac
241 3871 300 3930 vita
329 3871 578 3952 emigraverimus,
607 3875 639 3936 in
667 3876 812 3938 beatorum
835 3875 939 3936 insulis
966 3874 1125 3936 immortale
1153 3894 1273 3948 aevum,
1295 3885 1327 3936 ut

110 3966 215 4028 fabulae
236 3969 333 4027 ferunt
345 4015 352 4042 ,
374 3969 475 4051 degere
494 3971 609 4045 liceret,
630 3973 701 4053 quid
728 3995 798 4055 opus
828 3988 897 4034 esset
922 3973 1085 4051 eloquentie
1097 4019 1105 4048 ,
1126 3994 1191 4034 cum
1213 3969 1326 4050 judicia

144 4147 165 4211 1)
184 4151 273 4203 f'laned.
290 4149 331 4203 83.
350 4151 380 4203 Α.

142 4231 165 4298 2)
183 4237 240 4288 Eud.
259 4236 300 4288 66.
319 4236 348 4287 Β.
418 4277 420 4282 .

143 4317 166 4384 3)
184 4323 242 4372 Eos.
260 4320 302 4373 67.
321 4323 350 4373 Α.

144 4403 167 4468 l)
185 4407 242 4458 Eat.
260 4406 302 4459 80.
321 4407 350 4458 E.

145 4489 167 4555 5)
185 4509 208 4559 p.
226 4491 267 4543 37.
