2886 5118
678 249 738 310 473

112 416 166 477 Da
185 427 343 478 artium
362 426 404 476 ιῖιι
425 421 632 491 ciuitate,
652 418 700 476 ud
720 423 853 494 ipram
872 426 989 476 recta
1010 437 1106 476 arro
1123 417 1308 491 landum,

506 521 907 574 oiotcuctoritota.

127 711 200 773 Nam
229 714 355 774 musicae
383 710 499 791 quidem
533 711 614 770 Plato
643 711 720 798 hanc
749 711 855 771 tribuit
882 711 915 769 in
944 731 1004 769 rem
1031 710 1182 792 publicam
1213 713 1273 772 vim
1301 724 1329 770 et

82 813 286 874 auctoritatem
297 855 306 885 ,
329 825 359 870 ut
380 811 574 891 pronunciare
593 808 676 868 haud
705 823 853 870 vereretur
885 801 964 882 εἶδος
984 802 1042 890 yclp
1066 805 1168 870 καινόν
1185 807 1330 891 μουσικῆς

81 903 293 990 μεταβάλλειν,
312 900 491 990 εὐλαβητέον
501 955 512 983 ,
528 903 569 980 ὠς
590 903 621 969 ἓν
642 899 701 993 ὅλῳ
714 902 929 972 κινδυνεύοντα·
948 905 1084 990 οὐδαμοῦ
1103 905 1166 992 ycip
1185 912 1329 973 κινοῦνται

81 1011 232 1093 μουσικῆς
261 1005 366 1093 τρόπον
389 1005 458 1072 ἄνευ
476 1010 630 1072 πολιτικῶν
653 1004 756 1090 νόμιον
782 1010 843 1072 τῶν
866 1011 1023 1094 peplorum·
1043 1037 1080 1074 οι
1110 1038 1218 1078 nocem
1241 1016 1329 1074 indo·

81 1138 191 1174 οοιιιιιι
212 1123 345 1174 musicae
363 1122 508 1192 speciem,
529 1115 694 1172 conandum
705 1159 713 1188 ,
734 1120 842 1192 quippo
865 1124 1002 1174 vertitur
1020 1123 1053 1174 in
1073 1139 1104 1176 ιο
1124 1138 1229 1175 rarum
1250 1136 1328 1174 rum·

80 1236 154 1272 ma:
183 1235 333 1292 nusquam
359 1220 439 1272 anim
470 1220 604 1273 muricus
632 1214 711 1272 modi
735 1223 920 1290 mutantur,
945 1222 1019 1292 quin
1046 1225 1209 1274 mutentur
1235 1213 1329 1272 ιιόιιιὶ

81 1314 165 1393 lagae
192 1319 331 1370 civitatis
355 1319 568 1393 μοοιιιιιιιιιι.
601 1310 631 1392 l)
673 1309 760 1386 Quod
780 1311 921 1392 placitum
941 1313 1088 1388 Platonis,
1110 1328 1209 1394 utpote
1229 1328 1245 1372 a
1267 1331 1330 1370 mo-

80 1410 167 1472 ribus
186 1411 291 1470 nostris
309 1423 337 1469 et
357 1409 485 1490 politicis
502 1411 646 1470 institutis
664 1410 793 1468 alienum
814 1411 902 1492 plane
925 1427 953 1472 et
971 1412 1151 1488 abhorrens,
1171 1408 1329 1470 multorum

81 1522 112 1568 et
130 1521 259 1568 mentem
284 1506 412 1568 advertit
433 1508 590 1568 recentiore
620 1493 711 1567 aetate
729 1521 757 1566 et
779 1528 847 1568 vero
867 1509 997 1569 studium
1018 1511 1158 1570 excitavit
1176 1507 1348 1590 vehemeng

80 1621 146 1682 ter,
179 1619 224 1664 uts
239 1606 443 1685 probabiliter.
458 1605 490 1665 id
515 1627 551 1665 ex
578 1605 760 1686 antiquitatis
788 1606 900 1666 ratione
928 1608 1120 1690 explicarent.
1168 1606 1259 1666 Nobis
1279 1626 1326 1664 cx·

76 1704 186 1786 plicari
208 1702 285 1763 idem
302 1704 444 1785 placitum
461 1704 601 1764 facillime
616 1725 697 1784 posse
711 1703 843 1778 ridetur,
855 1704 998 1785 siquidem
1017 1708 1113 1787 ipsum
1130 1707 1157 1766 ei
1176 1705 1326 1764 Platonem

78 1803 270 1882 interpretem
296 1802 525 1868 adhibuerimus.
567 1803 640 1862 Nam
671 1811 804 1862 musicae
832 1805 950 1863 nomine
982 1803 1111 1865 Socrates
1139 1801 1217 1885 apud
1240 1801 1327 1862 illum

77 1920 197 1960 omnem
221 1899 423 1981 complectitur
442 1901 562 1981 poesin:
592 1901 694 1981 poesin
724 1913 820 1960 autem
850 1899 889 1961 ad
915 1922 961 1961 res
988 1922 1099 1976 sacras,
1120 1902 1158 1963 ad
1182 1902 1325 1981 hymnos,

78 1998 191 2079 quibus
216 2000 266 2058 Dii
295 1999 495 2075 celebrantur,
516 1998 554 2059 ad
581 1999 697 2059 fabulas
723 2001 875 2080 antiquas,
901 2021 974 2081 quae
1005 1987 1136 2081 hymnis'
1149 1987 1324 2077 caeterisque

78 2096 262 2158 carminibus
289 2099 499 2173 continentur,
528 2118 706 2178 quarumque
731 2099 775 2158 ris
805 2119 907 2180 magna
928 2113 970 2158 est
989 2120 1054 2159 cum
1073 2098 1112 2158 ad
1133 2096 1326 2158 excolendum

78 2209 144 2256 tum
172 2195 259 2256 etiam
287 2195 325 2256 ad
354 2195 598 2278 corrumpendum
627 2217 783 2277 puerorum
802 2198 950 2256 animum:
973 2195 1012 2258 ad
1031 2197 1102 2258 haec
1121 2197 1230 2278 igitur,
1251 2215 1325 2274 quae

78 2305 193 2352 tanmm
220 2293 279 2351 vim
297 2294 330 2352 in
351 2307 500 2373 utramque
519 2308 629 2376 partem
655 2294 693 2354 ad
713 2316 805 2355 mores
825 2295 992 2357 formandos
1009 2295 1136 2370 habent,
1158 2295 1247 2354 refert
1262 2313 1326 2352 ma-

79 2391 172 2452 xime.
213 2389 324 2465 Quodsi
351 2391 480 2452 moribus
507 2393 613 2468 unice,
635 2393 672 2454 de
693 2392 822 2472 ejusdem
840 2394 1002 2469 sententia,
1024 2408 1080 2454 stat
1095 2394 1216 2468 civitas,
1234 2412 1325 2471 quan·

78 2503 144 2550 tum
168 2485 282 2548 efficere
309 2489 346 2550 ad
376 2511 438 2550 cam
461 2491 696 2559 commovendam
721 2493 962 2572 evertendamque
980 2491 1179 2571 hujuscemodi
1200 2493 1325 2552 musicae

78 2589 231 2668 corruptio
248 2585 372 2663 debeat,
392 2588 714 2671 intelligimussponte.
756 2588 814 2648 Sed
833 2591 929 2670 ipsum
950 2590 1102 2650 audiamus
1119 2589 1274 2649 Socratem.

120 2684 229 2745 Indole
258 2686 347 2766 igitur
382 2686 523 2746 verissimi
551 2685 679 2750 custodis
709 2687 852 2768 descripti
883 2686 1061 2766 definitaque
1096 2686 1188 2746 «talis
1216 2687 1324 2766 igitur,

80 2785 142 2859 ait,
164 2798 259 2844 custos
288 2784 372 2844 nobis
398 2800 466 2845 esto.
508 2787 601 2860 Quem
630 2806 695 2844 vero
726 2786 759 2844 in
789 2783 906 2844 modum
935 2783 1083 2846 educandi
1113 2786 1169 2844 illi
1195 2798 1281 2844 erunt
1296 2797 1325 2844 et

80 2881 284 2972 instituendi?
325 2884 405 2957 Quae
433 2903 501 2958 sane
528 2882 692 2961 disquisitio
718 2884 847 2948 conferet
876 2903 1048 2964 magnopere
1071 2883 1110 2942 ad
1126 2882 1224 2957 illud,
1245 2882 1324 2962 quod

80 2994 260 3062 spectamus,
290 2980 543 3063 perspiciendum,
564 3002 620 3058 qua
647 2981 759 3041 ratione
788 2982 821 3040 in
850 2981 967 3041 civitate
994 2982 1108 3057 justitia
1134 2995 1163 3040 ot
1180 2981 1324 3059 injustitia

80 3080 223 3139 oriantur.
264 3077 322 3140 Hic
348 3079 438 3142 irater
466 3078 643 3152 Glauconis,
663 3098 749 3153 vero,
770 3079 888 3158 inquit,
909 3092 956 3151 et,
978 3099 1022 3136 me
1052 3077 1171 3158 quidem
1202 3075 1326 3156 judice,

78 3177 207 3235 maxime
234 3175 307 3236 illuc
335 3177 475 3236 conferet.
518 3177 571 3236 Cui
595 3175 744 3252 Socrates,
766 3199 817 3258 per
836 3178 935 3237 lovem
957 3177 1063 3257 igitur,
1085 3177 1124 3236 mi
1149 3175 1325 3249 Adimante,

80 3296 143 3334 non
174 3271 372 3334 desistendum
402 3274 486 3333 nobis
512 3275 586 3349 erit,
624 3274 736 3334 etiamsi
764 3275 877 3355 longior
902 3275 1001 3334 futura
1031 3273 1196 3352 disquisitio
1224 3274 1270 3334 sit.
1290 3305 1326 3315 —

79 3372 207 3430 Minime
238 3391 313 3431 vero.
332 3399 368 3410 -
391 3374 450 3452 Age
479 3372 586 3451 igitur,
618 3372 860 3451 quemadmodum
889 3373 922 3432 in
953 3372 1062 3432 fabulis
1090 3374 1181 3433 otium
1210 3385 1328 3452 agentes

78 3469 379 3549 confabulantesque,
401 3470 528 3530 oratione
556 3469 609 3530 hos
627 3470 759 3530 homines
782 3470 1080 3530 instituamus-Sic
1100 3469 1326 3543 decet-Quae

80 3569 173 3648 igitur
192 3567 247 3626 erit
269 3567 447 3648 disciplina?
477 3566 578 3627 ·Haud
597 3567 685 3626 facile
711 3568 813 3626 melior
843 3569 1003 3648 reperiatur
1020 3567 1093 3642 illa,
1114 3586 1186 3645 quae
1203 3587 1219 3622 a
1238 3565 1327 3643 longo

80 3665 155 3726 inde
179 3678 305 3745 tempore
336 3679 448 3746 reperta
477 3679 536 3724 est:
567 3679 610 3726 est
632 3679 726 3726 autem
738 3711 747 3740 ‚
767 3665 846 3744 quod
866 3665 903 3724 ad
922 3687 1025 3746 corpus
1044 3666 1167 3737 attinet,
1187 3683 1326 3742 gymnas-

79 3765 160 3838 tica,
181 3761 259 3841 quod
289 3757 327 3825 ad
351 3757 500 3838 animum,
521 3764 639 3823 musica.
661 3807 695 3816 -
716 3765 768 3826 Est
791 3785 869 3824 sane.
891 3765 1048 3823 —Nonne
1070 3784 1086 3820 a
1115 3760 1226 3825 musica
1243 3761 1327 3840 prius

80 3883 170 3941 quam
194 3883 210 3920 a
239 3863 416 3941 gymnastico
444 3861 602 3942 disciplina
631 3862 789 3923 ducenda?
811 3888 845 3900 -
866 3864 958 3923 Certe.
979 3886 1014 3897 -
1035 3859 1177 3918 Maricam
1203 3859 1326 3933 dicens,

81 3979 183 4020 nonne
200 3980 343 4020 sermones
362 3959 504 4040 intelligis
522 3961 614 4020 item?
636 3987 671 4000 -
690 3961 836 4041 Intelligo.
857 3987 892 3996 -
911 3960 1080 4018 Sermonum
1099 3971 1194 4018 autem
1212 3957 1324 4037 duplex

81 4077 175 4137 genus
202 4070 263 4131 est,
293 4057 416 4116 alterum
445 4079 560 4132 verum,
587 4057 692 4117 falsum
722 4079 788 4118 vero
815 4059 947 4118 alterum.
968 4099 1002 4110 -
1023 4057 1074 4118 Est
1105 4057 1156 4118 ita.
1177 4082 1212 4094 ··-
1231 4054 1324 4113 Insti-

81 4153 226 4214 tuendum
247 4169 367 4237 utroque
388 4170 447 4232 est;
470 4158 551 4238 prius
566 4168 661 4214 autem
682 4155 764 4216 falso.
785 4181 820 4191 -
840 4155 877 4216 Id
893 4177 952 4216 non
972 4155 1115 4236 intelligo.
1139 4179 1175 4192 ··
1195 4156 1240 4215 Tu
1257 4173 1324 4212 vero

121 4429 468 4500 mmmmmc
