2924 5132
336 419 390 482 Quo
406 417 488 488 solent
505 420 626 482 monime,
645 420 705 486 quid
722 417 817 485 officere
834 415 980 486 disciplinas
998 415 1102 467 deleret?

138 539 223 587 lllsers
237 537 347 587 hominis
359 538 490 602 conditio,
508 537 671 602 opinionibus
691 537 774 602 decipi
790 535 895 586 solentis
914 551 962 585 neo
983 534 1031 585 siri
1045 535 1204 600 deceptionis
1218 549 1277 586 urse

92 623 206 674 conscii.
230 625 265 674 llt
291 624 354 672 haec
378 623 427 688 ipsi
447 624 606 672 conscientie
626 628 832 687 commoveatur,
851 623 991 702 disciplinis
1008 620 1054 685 lit,
1077 621 1207 672 internum
1223 635 1279 670 seu-

91 725 157 760 cum
174 709 397 776 perpurgonlibus.

565 811 602 864 ns
619 813 700 864 suco
714 777 867 882 persepe.
1277 808 1331 862 202
1402 813 1405 818 ¹

133 915 266 964 Politia
288 916 318 967 V.
342 915 487 984 llmsterum
513 921 617 978 ustura,
639 917 705 966 nihil
724 931 777 966 nen
793 915 894 964 abunde
907 915 1073 964 lsudnntium.
1094 915 1277 976 Lucretii,
1325 921 1326 928 ¹

95 1001 244 1065 Ovidii,
271 1002 439 1050 Molisrii
463 1003 527 1052 loos.
548 1002 652 1052 Amoris
666 977 692 1052 e⁰t
707 1003 885 1068 philosophiae
904 1001 1073 1051 necessitudo.
1098 1001 1278 1066 Philosophum

90 1088 190 1138 umoris
208 1079 294 1136 'ordor
313 1087 402 1150 decet,
421 1087 485 1136 nihil
502 1089 660 1138 lostidientis.
682 1089 810 1139 Ciceronis
822 1089 987 1150 ingenium
1004 1086 1177 1137 adumbratur.
1205 1088 1279 1135 Corn-

90 1165 203 1240 psraiur
234 1174 443 1224 Demostheni
471 1176 594 1224 Cicero.
621 1174 746 1224 Orationis
766 1191 815 1240 pro
836 1173 934 1224 Arolio
955 1174 1114 1224 excellentia.
1136 1174 1197 1240 Quis
1209 1174 1278 1224 Cice·

5 1261 6 1264 ’
90 1260 157 1310 roni
173 1264 200 1308 et
215 1259 281 1310 hano
297 1261 324 1310 et
338 1258 386 1310 elio
406 1259 527 1311 scribenti
544 1261 601 1310 lons
618 1261 689 1310 luitl

247 1380 286 1432 lle
304 1381 426 1432 mser
441 1383 532 1433 setim
550 1387 573 1432 st
590 1381 761 1434 doctrinarum
777 1379 877 1432 circulo
892 1389 916 1432 et
931 1382 1006 1450 mooe
1022 1382 1172 1449 cognatione.
1277 1367 1329 1428 ulo

129 1483 292 1544 Augesceuts
314 1482 407 1531 ortium
421 1497 527 1533 numero
542 1488 569 1532 et
579 1481 722 1547 salcime,
740 1484 820 1547 magis
835 1498 923 1534 eurum
945 1481 1077 1532 vinculum
1093 1479 1205 1532 delituit.
1220 1483 1278 1530 Bo·

91 1569 194 1618 conis
222 1573 248 1617 et
274 1569 754 1640 Enoyoloposds'stororsstudie
778 1575 805 1618 et
825 1569 939 1622 consilis.
962 1569 1159 1622 Plctoartiuru
1177 1567 1278 1619 eldoo·

90 1656 222 1705 trinsrum
246 1656 380 1722 princepis
400 1656 570 1718 investigavit·
588 1633 797 1708 et'oomorunem
822 1657 946 1720 originem
965 1656 1071 1706 invenit.
1104 1654 1277 1705 Ciceronis

90 1741 234 1792 sententia.
262 1743 325 1792 llum
338 1757 387 1807 pro
404 1741 504 1794 Arclrio
521 1743 609 1792 dicens
624 1745 779 1808 perspexisse
796 1744 897 1794 ridetur
914 1758 979 1806 quoe
996 1741 1088 1792 deinde
1110 1741 1232 1808 explicuit
1246 1738 1277 1790 ds

91 1833 198 1876 oratore
219 1827 352 1878 scribone?
377 1829 481 1880 Pleione
508 1829 617 1879 subinde
643 1829 763 1882 disertius
788 1828 937 1878 enunciavit
958 1829 1118 1880 sententiam.
1138 1829 1202 1878 llum
1220 1841 1279 1892 per-

5 1921 13 1950 1
91 1919 186 1979 specte
210 1913 303 1962 ortium
323 1915 474 1977 cognatione
493 1919 631 1966 contentus
661 1900 749 1966 Pluto?
773 1917 840 1980 Quae
864 1915 970 1966 dicendo
986 1915 1098 1966 Plutonis
1115 1915 1279 1984 ipsoxlorrcs·

5 2011 11 2040 ῑ
91 1999 175 2058 delos
197 1998 292 2049 Collela
306 2015 364 2049 oum
380 2006 538 2066 posterorum
557 2001 711 2065 studiisque
728 2019 756 2051 re
774 2002 902 2068 praestat?

419 2122 525 2198 Quinam
541 2123 643 2190 proprie
657 2122 796 2191 philosoplis¹
812 2130 870 2173 mm
886 2119 1005 2172 dicendi?
1278 2114 1331 2170 215

130 2211 228 2270 Polio.
250 2222 288 2286 V,
305 2222 348 2272 Vl.
387 2223 508 2288 ortlucas
528 2229 555 2272 et
574 2225 759 2290 φιλοθεάμονες
780 2242 833 2276 uon
848 2223 1026 2289 φιλόσοφοι
1044 2221 1089 2272 sed
1104 2219 1278 2286 φιλόδοξοι

5 2324 13 2352 2·
90 2313 159 2359 sunt
174 2307 292 2358 habendi.
310 2309 420 2372 Quorum
436 2325 520 2358 rerum
535 2311 682 2376 participem
695 2317 741 2362 aut
755 2315 918 2376 appetentem
931 2325 984 2358 esse
993 2313 1094 2374 oportet
1104 2305 1278 2374 philosopham

5 2409 13 2438 t
91 2394 233 2444 naturum?
253 2395 328 2460 Apud
348 2396 479 2444 Platonem
496 2413 548 2445 non
562 2397 641 2460 magis
653 2397 685 2448 de
700 2398 776 2446 retus
787 2413 869 2447 sermo
882 2411 958 2460 quum
969 2396 1000 2444 de
1021 2395 1183 2458 liminibus,
1209 2409 1277 2460 quo-

987 2472 994 2496 ι

5 2498 8 2525 ι
92 2495 155 2529 rrun
172 2482 259 2530 ooussl
274 2497 315 2531 res
328 2482 520 2545 investigantur.

283 2602 376 2666 Quibus
391 2605 499 2654 monime
516 2603 654 2666 disciplinis
667 2606 773 2667 juvenes
791 2603 889 2652 emens·
906 2609 1013 2669 oportet,
1031 2603 1076 2668 qui
1090 2601 1146 2650 noli

553 2697 611 2738 suot
627 2690 661 2740 sd
675 2687 873 2756 philosophiam?
1276 2679 1330 2736 219

132 2788 186 2836 lion
204 2789 263 2838 satis
282 2794 322 2838 est
338 2789 429 2837 naturd
450 2805 504 2837 esse
523 2789 716 2855 philosophum:
734 2789 874 2838 carendum
887 2789 1076 2853 disciplinarum
1090 2802 1152 2854 ope,
1167 2802 1199 2835 ne
1220 2802 1278 2838 eor-

93 2878 228 2939 rumputur
245 2875 394 2940 philosopha
409 2875 515 2925 indoles.

600 2979 638 3029 Dc
655 2979 818 3030 arithmetico.
1275 2973 1334 3024 219

132 3080 232 3130 Polit.
252 3081 307 3132 Vll.
333 3081 387 3144 Quo
409 3085 507 3146 spectet
528 3081 629 3130 Socrute
651 3082 740 3145 judice
762 3071 940 3130 aiithmetic'sl
965 3079 1136 3128 Orientalium
1163 3079 1277 3141 gentium

6 3155 23 3204 Γ
93 3168 143 3216 dos
161 3172 188 3215 et
207 3167 320 3216 inventu.
342 3169 495 3236 Graecorum
520 3167 572 3216 doe.
597 3169 660 3216 llum
684 3168 753 3231 quod
772 3168 904 3232 proprium
927 3164 1277 3226 srutOrientulihus‚deluit

5 3279 7 3304 t
94 3254 173 3318 plane
203 3252 326 3301 Gruecisl
354 3252 393 3300 Ab
418 3255 533 3317 utrisque
557 3253 750 3318 proficiendum.
780 3255 832 3318 Qus
857 3251 1071 3303 remathemstica
1088 3268 1102 3299 s
1119 3251 1211 3299 ceteris
1225 3249 1279 3298 dis-

5 3367 7 3390 ÷
95 3339 199 3404 ciplinis
212 3339 424 3402 distinguunturl
439 3338 605 3388 Arithmetice
623 3343 734 3388 mentem
750 3339 781 3388 ad
803 3341 937 3388 ceritatem
953 3338 1035 3386 trahit
1041 3352 1050 3382 .·
1064 3337 1133 3386 acuit
1141 3337 1171 3385 sd
1179 3336 1279 3385 discss-

94 3424 205 3472 umidum
213 3422 443 3492 judicandumque.
465 3424 616 3488 Pythagorei
634 3440 685 3486 quo
701 3424 807 3472 consilio
825 3426 939 3472 numeris
959 3421 1019 3471 usi?
1036 3422 1137 3471 Numeri
1151 3423 1279 3485 quomodo

5 3549 7 3564 ,
96 3523 183 3557 rerum
193 3509 293 3568 gineis
309 3510 516 3558 Aristotelis
530 3509 609 3557 locus.
627 3511 791 3558 Numerorum
804 3509 919 3558 doctrina
935 3507 1015 3574 pluris
1025 3507 1188 3572 Pythagoreis
1200 3524 1276 3572 quum

97 3595 197 3644 Platoni
214 3595 308 3644 habita.
329 3597 498 3661 Epiuomis.
520 3596 643 3661 Volgares
660 3601 687 3644 st
706 3588 826 3644 sublimis
845 3594 1018 3644 arithmeticus
1039 3593 1182 3642 discrimen.

510 3698 548 3748 De
563 3699 696 3766 presseris
713 3707 736 3750 er
753 3699 911 3749 nomaso.
1278 3694 1329 3749 221

132 3801 203 3850 liod.
233 3800 352 3852 Sublimis
373 3818 387 3850 u
413 3801 518 3850 Plutone
545 3801 696 3864 geometriae
721 3800 794 3850 locus
822 3799 941 3850 tributus.
965 3799 1059 3848 llerrtio
1074 3801 1277 3864 sessonensi,

96 3887 211 3936 nondum
234 3887 367 3944 inventum
396 3887 519 3948 cogitasse
542 3887 616 3935 etiam
643 3885 764 3952 alpetrus
785 3887 943 3951 disciplinam
961 3885 1069 3936 videtur.
1088 3883 1230 3934 Geometrii
1253 3890 1280 3934 et

95 3973 251 4022 sslronomii
281 3976 337 4022 sari
352 3973 462 4020 studium
480 3973 602 4036 acuitur,
625 3989 727 4022 sursum
743 3974 866 4038 erigitur,
887 3987 952 4038 quae
972 3971 1087 4021 deorsum
1106 3975 1278 4037 spectaverat,

97 4073 170 4108 mens
185 4058 302 4107 humana.
324 4061 411 4107 Vsrorrr
428 4057 724 4122 nuum-usciplinsrum
739 4064 855 4110 naturum
875 4058 997 4108 divinarit
1010 4058 1091 4110 Plato.

611 4161 649 4212 De
666 4138 806 4212 hermis.
1272 4157 1324 4212 232

131 4263 204 4313 llod.
228 4259 405 4311 Astronornios
430 4266 457 4310 st
477 4263 624 4311 lomaniae
647 4264 816 4313 necessitudo.
842 4264 1001 4313 decentioris
1024 4263 1079 4314 seri
1106 4255 1223 4311 scorteos
1236 4279 1279 4312 re-

98 4348 207 4414 spondet
226 4348 337 4398 Plstouis
351 4348 499 4422 sententiose.
515 4347 690 4398 Doctrinarum
705 4349 844 4402 vinculum.
862 4351 917 4398 Lon
933 4349 1061 4414 quomodo
1080 4349 1179 4414 elegis
1189 4363 1278 4413 pross-

98 4436 149 4482 rns'o
164 4434 367 4495 distinguenda?
389 4436 553 4514 Dialectioos
572 4434 737 4516 principetur.
