2950 5134
679 285 717 346 29

98 452 151 529 ipse
179 449 330 508 modestam
347 451 469 530 expetiit
491 442 658 528 φιλοσόφου
687 447 919 529 appellationem.
961 451 1051 527 Cujus
1070 449 1233 530 exemplum
1252 467 1317 505 cum

97 547 164 605 ultro
190 561 392 626 sequerentur,
420 563 564 629 quotquot
578 569 615 608 ex
650 551 711 626 ejus
736 545 833 606 schola
850 547 1008 628 prodibant
1037 563 1065 608 et
1083 569 1136 629 per
1155 550 1318 608 universam

97 645 234 704 Graeciam
252 644 491 726 dispergebantur
509 646 746 728 praestantissimi
766 647 844 719 riri,
865 645 967 706 horum
981 648 1089 706 factum
1107 661 1148 705 est
1168 647 1317 708 auctorita

97 758 137 816 tc,
166 757 197 802 ut
224 744 420 824 sapientibus,
451 745 502 824 qui
529 743 769 817 celebrabantur,
801 743 897 803 ubiuis
927 744 1113 804 succederent
1140 745 1316 827 philosophi.

97 843 155 902 Esse
172 855 263 900 autem
283 863 349 900 cum
369 843 495 902 nominis
514 843 643 904 novitate
663 861 767 902 novam
785 845 970 920 conjunctam
988 843 1214 924 philosophandi
1234 844 1317 904 ratiu-

96 961 170 1012 uem,
191 954 221 1000 ut
239 939 453 1020 significaverat
478 942 654 1022 Pythagoras
664 985 672 1015 ,
699 942 740 1000 ita
758 961 808 999 suo
831 941 941 1001 deinde
957 942 1091 1024 exemplo
1108 941 1243 1023 probavit
1267 943 1315 1001 So·

97 1053 182 1100 crates.
223 1041 252 1098 Is
270 1040 439 1100 incredibili
460 1041 564 1101 ductus
587 1039 722 1100 discendi
741 1043 835 1098 amore
845 1081 854 1114 ,
872 1053 987 1100 tantum
1005 1061 1036 1099 se
1056 1039 1152 1100 abesse
1171 1061 1186 1098 a
1205 1029 1316 1120 sapien·

96 1139 128 1195 tia
154 1151 179 1196 et
203 1157 299 1196 rerum
328 1140 449 1197 scientia
476 1137 684 1220 profitebatur,
715 1151 747 1196 ut
773 1137 850 1198 nihil
878 1157 907 1196 se
934 1139 1007 1198 scire
1026 1138 1155 1214 diceret,
1176 1139 1232 1197 nisi
1262 1138 1317 1198 hoc

28 1237 29 1290 ι
97 1257 191 1309 uuum,
213 1236 290 1295 nihil
319 1257 349 1296 se
374 1239 456 1297 scire.
498 1239 561 1312 Qua
590 1257 658 1295 sane
677 1237 821 1295 sententia
838 1234 917 1294 haud
937 1257 996 1294 esse
1017 1235 1151 1311 videtur,
1171 1257 1244 1316 quae
1263 1257 1318 1296 ve-

95 1355 146 1390 rum
166 1334 369 1415 philosophum
390 1335 488 1396 deceat
517 1335 624 1414 magis:
646 1334 730 1394 modo
760 1347 835 1392 recte
864 1333 1031 1415 accipiatur.
1078 1336 1113 1394 In
1134 1334 1219 1393 rebus
1238 1336 1316 1392 enim

94 1433 261 1510 gravioribus
280 1434 438 1494 tractandis
456 1434 620 1494 cavendum
629 1421 671 1494 ld
690 1432 812 1490 maxime
831 1446 889 1506 est,
911 1453 948 1491 ne
969 1432 1042 1510 quid
1058 1447 1194 1512 tanquam
1215 1453 1316 1493 verum

94 1532 127 1588 sic
144 1544 315 1606 statuamus,
336 1531 437 1592 nullus
466 1546 498 1592 ut
527 1533 709 1611 relinquatur
736 1530 913 1590 dubitati-oni
939 1545 966 1590 et
992 1531 1195 1612 perquisitioni
1224 1530 1312 1590 locust

93 1630 145 1686 lloc
164 1633 241 1689 enim
260 1630 417 1711 sapientiae
437 1644 478 1690 est
506 1651 631 1706 munus,
652 1630 734 1707 cujus
760 1629 840 1689 haud
869 1649 959 1711 capax
986 1643 1028 1689 est
1051 1644 1154 1690 aarum
1178 1629 1312 1690 humana.
1361 1697 1367 1712 Ι

93 1726 140 1786 Sed
158 1729 304 1806 inquirere
325 1731 358 1787 in
377 1750 420 1788 res
439 1749 539 1788 ornnes
549 1774 558 1802 ,
580 1742 612 1787 ut
631 1749 730 1786 earum
748 1728 879 1807 ignarum
897 1747 1030 1807 prorsus,
1055 1748 1147 1806 neque
1165 1729 1313 1806 inquiren·

93 1825 123 1884 do
140 1847 245 1886 cessare
266 1847 412 1905 unquam,
436 1827 544 1909 quippe
570 1847 718 1903 nunquam
742 1826 906 1906 explentem
933 1827 1049 1906 penitus
1071 1827 1242 1886 acerrimum
1270 1827 1314 1888 di·

92 1922 179 1982 scendi
208 1922 455 2005 perquirendique
485 1924 631 1984 studium:
667 1923 721 1984 hoc
747 1923 864 1996 demum
889 1923 1057 2004 philosophi
1086 1938 1154 1998 est„
1181 1925 1315 2006 idemque

28 2031 29 2040 ¹
93 2021 221 2082 humanae
242 2023 332 2081 menti
353 2023 438 2082 unice
457 2041 624 2102 congruum.

125 2119 288 2201 Simplicem
308 2118 391 2179 illam
409 2134 436 2179 et
456 2142 552 2182 veram
575 2119 802 2201 philosophandi
823 2121 961 2182 rationem
981 2133 1013 2178 ut
1030 2121 1155 2200 primum
1172 2123 1315 2202 percepit,

28 2247 29 2290 1
96 2217 126 2274 ita
143 2220 281 2278 continuo
299 2218 479 2300 amplexatus
499 2233 540 2278 est
564 2217 805 2298 Pythagoreorum
833 2219 941 2278 amicus
960 2232 987 2278 et
1005 2219 1142 2300 princeps
1157 2219 1315 2282 Socratico·

28 2293 29 2336 Τ
97 2336 162 2390 rum,
183 2317 275 2376 Plato.
318 2319 373 2375 Hic
393 2331 505 2390 summ,
527 2316 605 2398 quod
625 2317 710 2376 unice
737 2317 897 2398 probabat,
918 2317 951 2378 id
968 2316 1083 2398 scriptis
1103 2319 1172 2378 item
1190 2320 1249 2378 suis
1268 2339 1315 2378 ex·

28 2427 29 2430 ’
95 2417 182 2492 pressit
206 2431 234 2476 et
265 2415 434 2476 declaravit.
482 2416 588 2476 Ubivis
617 2417 650 2474 in
679 2416 714 2474 iis
741 2431 896 2477 occurrunt
925 2408 1100 2496 φιλόσοφοι,
1129 2432 1161 2478 ut
1187 2419 1316 2498 petope-

28 2519 29 2536 ¹
95 2515 161 2587 θεῖς,
181 2517 318 2576 discendi
336 2516 440 2592 cupidi
450 2561 458 2588 ,
480 2521 647 2592 sapientiae
670 2524 819 2588 amantes,
841 2529 868 2574 et
887 2518 948 2598 ipsa*
966 2518 1037 2580 haec
1060 2520 1178 2578 nomina
1198 2541 1316 2600 permu-

95 2629 179 2674 tantur
187 2634 401 2696 saepenumero.
427 2611 456 2693 l)
481 2615 611 2686 Amorem
630 2612 782 2672 contendit
801 2615 832 2674 in
846 2614 997 2696 Symposio
1006 2618 1132 2677 Diotime
1151 2611 1317 2700 φιλόσοφον

94 2733 141 2772 esse
118 2717 286 2824 se,quippe
317 2735 369 2772 nec
399 2705 512 2792 σοφόν,
535 2733 587 2772 nec
606 2703 730 2790 ἀμαθῆ,
751 2712 804 2774 sed
822 2715 978 2794 sapientiae
1006 2715 1174 2780 studiosum.
1197 2719 1228 2800 2)
1267 2721 1316 2781 Sa·-

94 2811 217 2889 pientiam
237 2810 270 2871 in
293 2813 422 2874 Phaedro
438 2814 564 2873 Socrates
582 2797 641 2872 Ileo
659 2812 845 2871 tribuendam
864 2827 978 2887 censet,
1000 2813 1050 2872 sed
1068 2814 1179 2876 homini
1204 2821 1322 2901 sapien·

95 2908 140 2966 tiae
162 2911 355 2990 scientiaeque
383 2913 520 2973 studium.
578 2905 624 2972 To
649 2908 706 2988 μὲν
733 2899 845 2991 σοφόν,
871 2935 896 2974 ω
924 2911 1057 2994 Φαῖδρε,
1079 2917 1174 2976 καλεῖν
1199 2913 1315 3002 (αὐτον)

96 2999 176 3086 ἔμοιγε
205 3004 284 3089 μέγα
315 3003 387 3071 εἶναι
418 3011 514 3085 δοκεῖ,
543 3011 592 3072 καὶ
624 3012 691 3098 θιῷ
720 3035 807 3098 μονῳ
843 3009 973 3096 πρέπειν·
1005 3037 1040 3076 το
1075 3012 1163 3077 ὃὲ”
1140 3043 1160 3100 η
1193 3015 1316 3101 φιλόσο-

28 3165 29 3168 ,
95 3128 180 3224 quoq
214 3102 353 3174 τοιοῦτόν
389 3138 435 3188 τι,
473 3108 588 3193 μᾶλλόν
622 3138 653 3176 τι
684 3107 722 3176 'dr
751 3111 840 3201 oriam
872 3110 1017 3198 appetierat
1053 3118 1101 3180 aot
1138 3119 1316 3201 ἔμμελιστὲ

97 3232 144 3286 purg
164 3209 234 3293 ἔχοι.
246 3215 279 3296 3)
313 3219 341 3276 Is
370 3232 465 3276 autem
494 3219 617 3276 maxime
644 3179 833 3300 philosophiis
861 3218 1003 3278 dicendus
1027 3236 1086 3297 est,
1112 3225 1164 3340 qui
1192 3227 1315 3285 maxime

48 3306 59 3360 ἵ
82 3311 180 3393 ‚hamat
197 3315 317 3430 dipendi
338 3316 447 3386 ardore
482 3309 546 3376 Tdv
571 3311 608 3376 ta*
635 3311 675 3398 tq
702 3312 831 3398 εὐχερῶς
859 3302 1002 3378 diatono
1024 3341 1138 3397 παντος
1162 3315 1315 3406 μαθήμα-

96 3433 135 3484 τις
162 3409 333 3493 γεύεσθαι,
352 3413 401 3474 καὶ
431 3411 566 3494 α’σμένως
598 3416 646 3478 ἐπὶ
675 3440 710 3479 to
745 3415 955 3499 purddvam'
944 3415 1046 3497 ιόντιι,
1075 3425 1123 3486 κιιὶ
1158 3421 1316 3510 ἀπλήστως

97 3506 206 3591 ἔχοντα,
240 3517 369 3577 τοῦτον
402 3511 477 3578 δ’
461 3541 500 3578 εν
530 3517 615 3606 δίκῃ
652 3515 814 3602 φήσομεν
851 3517 1123 3610 attinuerunt)
1160 3531 1219 3590 Nec
1247 3552 1315 3592 vero

97 3627 187 3677 temere
208 3619 358 3692 dicamus,
380 3635 444 3700 post
463 3621 605 3682 Socratem
625 3638 653 3682 et
671 3623 818 3684 Platonem
835 3625 911 3686 hanc
929 3629 1063 3688 universe
1084 3629 1240 3688 invaluisse
1254 3631 1313 3710 opi·

99 3715 221 3792 aionem,
251 3733 284 3778 ut
310 3740 328 3776 a
356 3727 508 3796 supientia
531 3720 756 3802 distingueretur
769 3726 966 3816 philosophia.
1008 3726 1223 3807 Philosophiam
1242 3726 1314 3787 dicit

99 3813 182 3874 Cicero
202 3765 244 3876 riil
263 3817 345 3876 aliud
364 3839 441 3892 esse,
457 3820 513 3878 nisi
535 3819 662 3878 studium
681 3821 846 3902 sapientiae
868 3823 1063 3901 «Sapientia,
1078 3826 1192 3905 inquit,
1207 3828 1315 3904 acujus

104 3959 341 3974 &—

129 4022 154 4086 l)
172 4021 339 4106 Φιλόσοφος
364 4021 419 4108 τήν
446 4022 533 4107 φύσιν
556 4061 587 4069 -
614 4025 652 4091 τό
677 4053 707 4112 γε
736 4027 904 4112 φιλομαθὲς
930 4031 977 4092 καὶ
1005 4027 1169 4116 φιλόσοφον
1189 4022 1308 4096 ταύτόν.

102 4123 130 4173 m
143 4129 196 4196 ιφ.
211 4129 240 4180 ιι.
256 4129 314 4181 ars.
330 4130 359 4180 n.
375 4129 434 4182 aru.
450 4129 479 4182 13.
501 4131 558 4183 vro.
583 4135 709 4200 uyuem.
725 4137 759 4186 ιι
771 4137 894 4188 roseam.
911 4155 935 4204 p.
951 4131 1008 4188 ιιι.

129 4209 154 4273 2)
172 4209 344 4295 Φρονήσιιις
364 4209 554 4298 ἐπιθυμητής
572 4217 620 4278 καὶ
634 4213 776 4302 πόριμος,
793 4221 968 4304 φιλοσοφῶν
980 4216 1031 4284 deul
1044 4217 1154 4297 παντός
1167 4221 1221 4284 τοῦ
1236 4220 1313 4301 βίον.

104 4311 347 4459 SyiirirSSarii'aras.
363 4403 393 4454 o.
411 4403 449 4456 cr.
464 4405 535 4474 ιρι.
547 4409 572 4458 s.
587 4403 629 4460 23.
645 4410 676 4463 ι.

28 4459 34 4497 ¹
131 4482 670 4557 nmmumcmumm
