2898 5120
656 276 715 338 &97

82 433 165 510 tates,
186 435 232 496 sio
245 436 339 552 perqit
355 435 484 498 Socrates
494 461 608 558 ,aeqre
624 445 842 524 superavimus,
863 447 987 525 satisque
1007 447 1084 508 inter
1104 465 1157 509 nos
1176 459 1308 540 coastat,

79 554 115 592 τα
132 526 204 594 urlani
224 529 281 612 μὲν
301 529 331 594 ἐν
351 527 510 612 πόλει,
472 559 509 598 τα
532 532 608 600 αὐτα
601 533 659 602 δ’
678 535 738 602 ἐνι
724 537 789 616 crde
810 536 935 606 ἓκάιιτου
955 567 993 605 τι
984 543 1101 630 ψυχῇ
1115 539 1221 627 yirq‘
1205 550 1309 610 ενεῖναι

75 632 119 693 καὶ
137 629 186 696 ἴσα
207 629 261 696 rob
282 629 425 717 ἀριθμόν·
453 643 556 702 eodem
579 651 703 702 civitati
712 647 907 724 ,audentque
934 654 1072 724 cujusvis
1091 650 1223 710 hominis
1242 641 1308 710 oiri·

76 759 116 796 mo
136 759 249 818 genero
276 747 372 800 inesse
402 752 433 800 ot
460 763 584 800 numero
607 751 770 821 porto.—
800 744 848 804 Sic
876 767 953 806 sane.
984 764 1020 784 ⁴-
1049 746 1130 821 Quin
1159 749 1245 808 etiam
1275 747 1308 808 id

76 837 259 894 necessarium
279 852 321 898 est
331 883 340 912 ,
359 839 603 917 quemadmodum
622 855 650 900 et
666 863 723 920 quo
742 844 858 924 sapiens
878 857 939 902 erat
957 844 1079 918 civitas,
1097 845 1137 903 ita
1157 859 1185 903 et
1205 845 1305 909 eodem

78 932 228 1012 sapientem
255 955 315 995 esse
343 936 560 997 hominem-
587 939 779 1014 Quidnil-
798 941 870 1012 Item
897 963 955 1050 quo
985 942 1068 1002 fortis
1096 956 1137 1002 est
1165 943 1251 1002 homo
1278 943 1311 1001 et
1342 981 1344 988 ,

77 1028 228 1106 quomodo,
258 1033 358 1093 eodem
387 1048 416 1093 et
444 1035 484 1094 ita
500 1036 604 1096 fortem
619 1057 678 1098 esse
697 1039 860 1098 civitatem:
879 1053 908 1098 et
926 1039 959 1117 in
977 1041 1097 1098 caeteris
1117 1041 1253 1101 omnibus
1271 1039 1310 1100 ad

78 1127 208 1188 virtutem
245 1112 365 1210 utraque
392 1132 527 1192 similiter
560 1155 591 1193 se
620 1134 790 1196 habere.-
808 1138 927 1196 Necesse
957 1151 1064 1197 est.-
1028 1140 1169 1216 -Atqui
1198 1153 1226 1197 et
1255 1140 1313 1215 jus·

79 1240 150 1303 tum,
180 1251 197 1287 o
231 1229 361 1306 Glauco,
383 1230 523 1292 dicemus
549 1234 646 1293 virum
675 1234 776 1294 eadem
805 1237 937 1310 ratione,
968 1256 1024 1314 qua
1053 1234 1179 1296 dicimus
1211 1235 1317 1295 civita·

77 1338 137 1386 tem.
161 1371 196 1382 ..
221 1331 258 1390 Et
285 1327 338 1389 hoe
365 1330 485 1389 omnino
514 1333 717 1394 necessarium.
745 1371 780 1380 —
806 1335 865 1394 Nec
894 1353 962 1394 vero
988 1332 1066 1392 illud
1087 1332 1172 1394 obliti
1195 1354 1314 1404 sumus>

78 1427 216 1488 civitatem
244 1447 281 1486 ex
309 1449 342 1487 eo
371 1427 457 1487 nobis
484 1428 576 1488 visam
602 1451 661 1490 esse
685 1433 812 1510 justam,
830 1433 898 1510 quia
910 1475 919 1506 ,
940 1449 1007 1490 oum
1025 1431 1080 1491 tria
1101 1429 1199 1510 adsint
1219 1429 1314 1492 homi·

78 1543 141 1582 num
168 1547 292 1606 genera,
322 1543 406 1585 suum
425 1526 547 1604 quisque
566 1527 599 1586 in
618 1548 651 1586 ea
677 1528 778 1609 explet
797 1527 935 1589 officium.
961 1572 996 1583 -
1022 1527 1111 1590 Haud
1129 1528 1258 1608 profecto
1284 1527 1317 1590 id

77 1621 141 1681 mihi
160 1623 247 1683 obliti
268 1623 412 1684 videmur.
432 1651 467 1662 -
485 1623 654 1684 Meminisse
678 1647 745 1706 ergo
761 1640 891 1708 oportet,
929 1647 1163 1706 unumquemque
1184 1640 1316 1696 nestrum

80 1733 136 1778 tum
158 1723 269 1799 justum
300 1723 434 1781 futurum
461 1741 494 1780 ac
519 1741 570 1780 sua
588 1737 772 1804 peracturum
784 1770 793 1799 ,
814 1725 865 1784 ubi
882 1724 1017 1804 singulae
1036 1711 1115 1806 apud
1136 1745 1200 1784 eum
1224 1725 1315 1786 animi

76 1831 161 1897 partes
188 1840 239 1878 sua
268 1832 416 1901 peragent.
467 1861 483 1870 -
507 1819 677 1880 Meminisse
709 1842 825 1903 prorsus
852 1835 977 1903 oportet.
1005 1862 1041 1872 ·-
1071 1824 1175 1884 Nonne
1195 1821 1240 1907 τῷ
1259 1819 1313 1884 lo-

76 1916 185 2003 yronstqi
206 1921 347 1980 convenit
375 1919 534 1999 imperare,
563 1939 630 1979 cum
647 1921 771 2000 ,sepiens
792 1922 848 1995 sit,
869 1935 1009 2001 geratque
1030 1922 1119 1990 totius
1138 1921 1230 1989 animi
1247 1943 1312 2006 pro·

75 2007 252 2082 videntium?
273 2016 317 2103 τῷ
338 2015 499 2095 θυμοειδεῖ
517 2025 611 2096 nero,
632 2017 750 2096 obsequi
772 2018 880 2078 rationi
900 2039 1010 2098 proque
1029 2019 1082 2078 illa
1101 2023 1256 2100 pugnare?
1285 2049 1319 2060 -

76 2115 164 2181 Plane.
185 2153 221 2164 -
240 2119 345 2178 Nonne
374 2109 500 2176 musicae
528 2130 557 2178 et
583 2115 777 2197 gymnasticae
797 2116 959 2194 aequabilis
978 2117 1165 2196 conjunctio,
1189 2132 1220 2177 ut
1239 2139 1307 2178 con-

74 2214 163 2275 corda
182 2217 236 2276 illa
254 2217 329 2292 sint,
350 2214 458 2290 efficit,
475 2215 599 2276 alterum
618 2212 722 2274 horum
743 2212 901 2274 intendens
921 2233 1085 2294 augensque
1104 2228 1133 2274 et
1152 2215 1311 2296 praeclaris

76 2313 246 2373 sermonibus
274 2335 307 2374 ac
335 2312 503 2393 disciplinis
530 2312 679 2385 nutriens,
710 2311 835 2370 alterum
865 2332 934 2372 vero
963 2313 1134 2388 remittens,
1151 2312 1260 2374 *sedans
1278 2335 1311 2373 ac
1358 2313 1361 2318 ⁴

75 2429 120 2488 per
145 2411 323 2472 harmoniam
354 2418 439 2492 atqu'e
472 2409 641 2490 rhythmum
669 2409 924 2470 mansuefaciens?
945 2442 981 2452 -
1000 2411 1140 2472 Maxime.
1168 2441 1204 2454 -
1233 2413 1313 2471 Haec

75 2508 153 2587 igitur
172 2511 212 2570 sic
233 2511 363 2584 nutrita,
385 2529 450 2568 cum
474 2529 525 2587 sua
552 2530 582 2570 re
607 2529 676 2568 uera
703 2507 883 2581 didicerint,
905 2529 1006 2580 nonne
1031 2531 1160 2590 praeesse
1180 2509 1226 2594 aqi
1247 2507 1313 2571 ἐπι-

74 2607 225 2692 θυμητικῷ
244 2607 413 2684 debebunt,
433 2609 512 2689 quod
531 2607 687 2692 maximam
704 2606 796 2664 animi
816 2618 928 2685 partem
950 2607 983 2665 in
1007 2629 1180 2688 unoquoque
1200 2611 1309 2690 efficit,

75 2721 99 2767 et
122 2709 236 2770 divitiis
267 2709 381 2790 expleri
407 2705 512 2770 natura
542 2710 728 2785 non'potest:
760 2701 984 2782 cavebuntque,
1007 2725 1043 2762 ue
1064 2705 1161 2782 illud,
1183 2713 1312 2791 eorporis

76 2806 265 2888 voluptatibus
285 2806 442 2888 repletum,
464 2805 604 2888 grandius
631 2793 834 2880 robustiusque
854 2800 979 2873 evadat,
997 2800 1133 2882 *nolitque
1154 2827 1206 2866 suo
1225 2809 1309 2890 fungi

74 2901 177 2980 officio,
199 2903 251 2964 sed
279 2905 422 2984 subjicere
449 2905 506 2965 sibi
534 2903 587 2964 illa
613 2899 793 2973 contendat,
823 2898 930 2977 quihus
958 2898 1099 2977 imperare
1122 2905 1226 2963 natura
1246 2929 1306 2968 uon

74 2998 167 3077 dehet,
187 3017 274 3082 atque
302 3005 341 3063 ita
370 3005 534 3064 universam
564 3001 694 3060 omnium
723 2994 812 3058 uitam
831 3009 987 3078 pervertat.
1003 3023 1038 3035 -
1059 2999 1106 3059 Sic
1127 3001 1252 3082 prorsus.
1275 3038 1309 3050 -
1341 3012 1345 3017 ’

73 3099 143 3172 Quin
170 3093 257 3160 etiam
283 3100 320 3160 ab
350 3101 478 3160 externis
503 3098 635 3160 hostibus
664 3097 723 3156 duo
741 3095 793 3154 illa
812 3095 919 3176 optime
940 3096 1109 3156 universum
1132 3113 1160 3158 et
1179 3103 1307 3168 animum

74 3211 97 3254 et
120 3220 221 3282 corpus
246 3200 462 3274 vindicabunt,
483 3219 549 3257 cum
574 3194 654 3256 illud
681 3194 800 3275 quidem
829 3193 952 3275 provide
971 3197 1116 3272 consulit,
1138 3199 1192 3258 hoc
1213 3215 1308 3260 autem

73 3311 244 3378 propugnat,
271 3299 399 3381 principi
416 3287 646 3376 obtemperans,
673 3307 700 3352 et
730 3290 921 3366 fortitudine,
954 3314 1027 3373 quae
1055 3297 1189 3357 consulta
1219 3313 1307 3375 sunt,

72 3412 210 3476 peragens.
236 3423 251 3434 ·
297 3397 374 3455 Vera
400 3395 471 3455 haec
501 3408 578 3454 sunt.
606 3419 641 3428 -
668 3391 782 3450 Fortem
809 3391 940 3470 profecto
968 3390 1022 3450 hac
1052 3415 1089 3454 ex
1108 3410 1189 3475 parte
1208 3399 1305 3457 virum

72 3511 202 3573 quemque
222 3517 375 3570 vocamus,
388 3490 549 3573 ubi,quod
568 3491 623 3573 ipsi
644 3492 721 3550 inest
732 3481 911 3565 ,θυμοειδὲς
929 3491 961 3548 in
980 3490 1085 3551 mediis
1105 3493 1306 3574 voluptatibus

72 3607 100 3648 ac
116 3591 264 3653 doloribus
283 3593 315 3653 id
331 3594 464 3654 observat
476 3626 487 3667 ,v
506 3590 585 3671 quod
604 3591 678 3648 ratio
698 3589 884 3671 praescripsit
904 3587 950 3648 vel
972 3588 1104 3648 terribile
1121 3592 1168 3655 ael
1181 3614 1239 3651 non
1250 3605 1306 3652 ter·

71 3688 150 3750 ribile
163 3713 232 3752 esse.
242 3717 277 3728 -
286 3695 384 3752 Recte.
395 3723 430 3730 -
439 3691 605 3773 Sapientem
624 3708 692 3749 vero
709 3707 798 3768 parva
819 3686 871 3745 illa
889 3707 926 3746 cx
948 3699 1029 3768 parte
1041 3731 1049 3760 ,
1062 3707 1135 3763 quae
1147 3702 1174 3747 et
1185 3690 1306 3770 imperat

72 3785 99 3843 in
118 3789 177 3869 ipso
192 3804 220 3849 et
233 3791 287 3850 ista
305 3789 417 3866 dictat,
436 3788 547 3848 habens
566 3789 634 3846 item
654 3787 685 3844 in
705 3805 765 3844 sese
783 3785 935 3844 scientiam
946 3828 955 3857 ,
975 3805 1033 3862 qua
1052 3783 1210 3861 discernit,
1231 3788 1304 3866 quid

71 3886 241 3962 potissimum
260 3909 296 3946 ex
317 3909 370 3947 usu
389 3889 426 3948 sit
450 3901 506 3946 tam
529 3884 673 3966 singulis,
694 3904 780 3962 quam
807 3878 952 3942 universo.
968 3882 1062 3941 coetui
1081 3903 1117 3942 ex
1142 3883 1189 3942 his
1209 3885 1304 3945 tribus

71 3986 227 4045 constituto.
246 4012 281 4021 -
302 3988 395 4046 Certe.
414 3975 452 4022 -’
469 3987 689 4066 Temperantem
720 4001 818 4040 rursus
844 3979 970 4058 aliquem
997 3980 1178 4062 appellamus
1197 3983 1300 4044 horum

72 4071 189 4158 ipsorum
210 4085 337 4144 amicitia
365 4098 450 4164 atque
468 4080 624 4142 concordii
635 4127 643 4156 ,
666 4079 717 4138 ubi
747 4092 775 4136 et
795 4077 874 4158 quod
891 4092 1020 4158 praeest,
1043 4092 1070 4139 et
1087 4081 1165 4158 quod
1182 4081 1302 4158 subest,

71 4176 100 4235 iu
117 4184 285 4242 senteutiam
310 4183 431 4243 eandem
451 4181 651 4254 conveniunt,
672 4167 813 4237 rationem
841 4175 982 4256 imperare
1001 4177 1126 4253 debere,
1148 4199 1242 4258 neque
1260 4181 1297 4240 ab

71 4272 118 4334 illa
142 4277 360 4342 desciscendum
388 4301 457 4341 esse.
477 4278 614 4340 —Nihil
634 4298 703 4338 sane
727 4273 809 4336 aliud
828 4274 862 4332 in
882 4274 1010 4363 civitate,
1022 4289 1106 4355 atque
1126 4277 1159 4336 in
1180 4277 1298 4338 homine

71 4379 250 4455 temperantia
268 4395 319 4440 est.
338 4408 374 4419 -
389 4379 489 4440 Justus
512 4378 640 4458 denique
666 4397 703 4438 ex
723 4397 756 4436 eo
780 4386 865 4452 atque
878 4373 926 4449 ‚ita
948 4373 1005 4432 erit
1022 4362 1163 4460 quisque,
1184 4397 1220 4436 ex
1238 4399 1296 4456 quo

71 4482 97 4527 tt
113 4477 349 4550 quemadmodum
367 4499 452 4559 saepe
473 4479 533 4556 jam
554 4475 694 4537 diximus.
711 4495 747 4506 ·-
766 4471 885 4532 Necesse
904 4483 946 4534 est
965 4493 1090 4554 prorsus.
1110 4515 1144 4526 -
1167 4472 1209 4539 Τί
1226 4469 1293 4572 οὖν).

1047 4578 1086 4636 32
