2832 5120
613 273 670 334 165

53 435 201 494 hominibus
220 435 316 516 parit,
338 456 384 494 ars
408 455 478 494 veru
502 433 644 513 appellari
673 452 734 496 non
761 409 862 510 potest.
904 434 969 495 Non
991 433 1081 518 ndito,
1107 430 1184 493 idem
1211 453 1269 494 esse

51 555 100 590 rem
121 533 314 612 coquinarium
334 547 362 592 et
380 533 593 610 eloquentiam
616 530 667 592 sed
691 528 818 607 ejuslem
845 531 935 590 studii
954 532 1110 612 particulas
1133 553 1191 592 esse
1212 533 1267 595 aio.

50 630 146 707 Quodsi
175 633 333 709 quaeritis,
358 633 509 708 cujusnam
539 631 598 690 sint
631 627 720 688 studii
750 629 928 708 paniculae,
959 630 1049 712 pudet
1076 631 1201 706 referre,
1232 654 1269 690 ne

49 729 157 808 Gorgiae
173 751 226 810 ego
248 745 338 793 artem
363 730 538 791 comicorum
567 727 807 792 vicariatione
832 726 937 788 ridere.
978 727 1183 792 Δοκεῖτοίνυν
1204 751 1269 806 μοι,

49 822 70 918 qi
89 825 209 906 suppia,
236 821 310 892 itaet
329 851 358 888 τι
380 821 563 909 ἐπιτήδευμα
584 819 718 907 sagrada
738 821 794 903 μὲν
817 821 866 901 aii,
888 829 994 911 ψυχῆς
1016 828 1051 892 δὲ
1073 829 1268 912 moguntinis

50 929 91 992 rai
110 927 244 1012 oiadpalac
268 929 317 994 nal
344 924 430 1012 φύσει
462 928 559 1010 δεινῆς
583 930 773 1012 προσομιλςΐν
798 931 861 1002 τοῖς
885 925 1073 1014 ἀνθρώποις·
1101 933 1197 995 καλῶ
1229 929 1270 996 di

49 1029 151 1094 αὐτοῦ
171 1027 243 1114 e‘yoi
262 1027 304 1094 rai
325 1027 539 1114 κεφάλαιον,
568 1028 774 1093 κολακείαν·
806 1035 929 1092 uidetur
952 1038 1029 1095 mihi
1049 1059 1110 1096 ease
1135 1037 1270 1095 studium

49 1138 200 1214 quoddam,
221 1159 279 1194 non
309 1139 429 1214 quidem
457 1147 524 1194 arte
550 1145 723 1194 contentane
735 1179 744 1208 ,
765 1135 815 1192 aad
840 1141 960 1213 ingenii
983 1144 1122 1217 sagacis,
1147 1143 1269 1213 aptique

48 1217 152 1292 riatur-a
167 1246 197 1294 ot
208 1243 342 1313 potentia
362 1238 402 1296 ad
415 1237 568 1294 hominum
585 1213 906 1292 aibieonsuetuda'nem
926 1236 1161 1293 conciliandam:
1178 1257 1271 1293 sam-1

48 1355 126 1390 nram
144 1345 265 1393 autem
284 1341 365 1410 ejus
385 1343 420 1392 et
438 1334 705 1410 eaputappallo
725 1333 1007 1392 adulationem.»
1034 1332 1153 1413 l)Hinc
1168 1331 1271 1408 efficit,

48 1446 147 1491 tantum
168 1421 283 1506 abesse,
305 1447 355 1506 ut,
374 1454 446 1511 quae
465 1433 583 1494 summis
599 1433 632 1490 in
651 1430 764 1489 coelum
787 1428 923 1496 laudibus
942 1431 1035 1489 eflerri
1055 1431 1127 1490 solet
1150 1430 1269 1490 dicendi

48 1551 85 1587 ars
102 1575 109 1603 ‚
129 1527 218 1608 digna
237 1530 284 1589 his
304 1529 441 1590 laudibus
458 1532 514 1605 sit,
536 1545 568 1590 ut
591 1550 628 1588 ne
648 1549 694 1586 aas
717 1527 835 1606 quidem
860 1528 920 1588 dici
949 1528 1053 1588 debeat
1081 1545 1109 1590 et
1138 1551 1206 1590 vero
1231 1527 1268 1588 ad

49 1629 237 1706 gravissimum
257 1629 400 1710 pertineat
417 1628 546 1690 hominis
566 1627 780 1687 detrimentum.
817 1629 889 1686 Nam
908 1627 1013 1705 quidni
1032 1629 1193 1710 pertineat,
1211 1629 1268 1703 ait,

49 1747 104 1784 cum
123 1726 214 1785 studii
231 1749 298 1808 pars
318 1729 365 1787 sit·
382 1729 512 1787 omnium
534 1726 669 1788 vilissimi
688 1724 947 1804 abjectissimique,
972 1727 1183 1786 adulatiom's?
1201 1714 1270 1786 Fin-

49 1826 98 1902 git,
117 1825 164 1884 his
181 1827 222 1885 ita
243 1823 409 1906 explicitis,
431 1827 561 1886 Socrates
581 1826 642 1884 sive
661 1821 768 1900 piam
785 1825 846 1884 sive
863 1825 1017 1906 apologum
1044 1824 1080 1884 de
1110 1824 1272 1886 adulatoria

48 1937 115 1998 arte,
143 1945 200 2004 quo
220 1937 307 1984 totam
327 1927 359 1984 in
380 1925 444 1984 luce
464 1926 549 2006 ponit
569 1927 760 2006 sophistarum
783 1923 973 1984 calliditatem
993 1945 1025 1982 ac
1044 1925 1269 2004 perversitatem.

52 2021 346 2100 “Suntquatuorsive
362 2037 436 2084 artes
454 2025 516 2084 sive
534 2043 599 2099 res,
621 2025 737 2102 inquit,
759 2023 845 2082 rebus
861 2021 996 2080 humanis
1014 2021 1152 2102 perutiles
1170 2035 1198 2080 et
1218 2043 1271 2080 ue-

7 2157 8 2168 i
49 2123 193 2197 cessariae,
214 2141 335 2200 quarum
354 2122 427 2181 duae
445 2123 574 2204 corpori,
590 2121 664 2182 duae
679 2123 776 2182 animo
796 2121 991 2202 prospiciunt:
1013 2119 1081 2178 illae
1101 2130 1169 2178 sunt
1185 2143 1270 2200 gym-

8 2229 9 2232 ’
49 2228 159 2280 nostint
182 2233 210 2278 et
238 2223 407 2296 medicina,
437 2221 509 2296 hae,
540 2220 601 2280 illis
631 2215 837 2302 oivrlorporpot,
869 2219 1059 2298 legislatoria
1080 2233 1108 2276 et
1118 2225 1270 2295 justitia:

51 2339 131 2381 uuum
150 2332 192 2377 est
212 2319 314 2386 harum
330 2321 459 2380 omnium
475 2341 626 2380 commune
645 2323 815 2398 consilium,
831 2335 863 2380 ut
881 2318 1027 2379 hominem
1047 2315 1175 2376 efficiant
1190 2319 1269 2377 omni

51 2429 121 2495 parte
138 2418 296 2496 perfectum
323 2419 551 2498 absolutumque.
595 2421 680 2496 Quod
709 2422 837 2481 sentiens
865 2415 1053 2498 Adulatoria,
1074 2415 1154 2474 haud
1177 2416 1271 2478 sciens

50 2515 174 2591 quidem,
201 2535 268 2573 nam
298 2515 375 2574 nihil
396 2517 482 2576 habet
510 2539 576 2576 cum
605 2521 726 2582 scientia
754 2537 922 2590 commune,
944 2515 995 2574 sed
1020 2515 1205 2590 conjectans,
1237 2514 1268 2572 in

51 2627 162 2690 quatuor
180 2629 268 2672 mmet
282 2629 381 2694 partes
396 2611 516 2690 divisit,
533 2617 686 2696 induitque
706 2618 757 2677 has
777 2639 821 2676 res
839 2629 969 2691 artesque
989 2610 1118 2691 singulas
1128 2656 1136 2685 ,
1158 2625 1190 2670 ut
1209 2631 1268 2672 esse

6 2775 7 2779 ἵ
53 2711 206 2792 singulatim
226 2711 393 2787 videretur,
412 2733 535 2791 quarum
550 2717 692 2774 ‘omnium
710 2716 833 2796 speciem
852 2723 1031 2770 assumserat.
1073 2709 1116 2768 Ita
1143 2709 1268 2784 accidit,

6 2829 7 2854 1
52 2811 118 2888 quod
136 2833 215 2870 nunc
234 2811 297 2870 lieri
318 2811 478 2886 videmus,-
491 2827 523 2871 ut
541 2813 578 2872 ab
598 2814 765 2874 hominihus
793 2821 980 2891 usurparetur
1008 2829 1060 2888 pro
1090 2809 1268 2888 gymnastico

6 2947 7 2950 η
47 2912 181 2982 susurria
192 2956 201 2985 ,
221 2929 275 2990 pro
294 2909 439 2991 medicina
458 2921 637 2990 coquinaria
655 2914 778 2994 peritia,
797 2912 830 2971 in
859 2907 959 2990 primis
978 2927 1048 2967 vero
1073 2921 1101 2965 et
1128 2905 1166 2965 ad
1196 2928 1269 2966 sum

10 3005 11 3012 ’
53 3027 119 3068 mum
136 3008 263 3068 hominis
280 3007 485 3070 detrimentum
502 3031 554 3091 pro
572 3010 747 3092 legislatoria
767 3009 908 3071 coleretur
930 2999 1099 3087 σοφιστική,
1120 3027 1172 3087 pro
1185 3005 1270 3084 justi-

54 3106 85 3163 tia
104 3100 267 3190 inrupturi.»
293 3106 324 3188 2)
776 3113 782 3126 ‘

85 3210 142 3268 Hac
171 3210 253 3269 Plato
277 3208 460 3268 festivissima
484 3207 680 3289 disputatione
708 3199 856 3288 vulgarem
885 3207 930 3266 sui
959 3207 1026 3268 aevi
1052 3221 1271 3286 perversamque

56 3307 234 3387 eloquentiam
252 3308 441 3388 perstrinxit:
468 3327 522 3364 nee
551 3327 620 3368 vero
642 3309 772 3388 pepercit
796 3309 829 3366 in
849 3307 948 3366 eodem
977 3304 1091 3385 dialogo
1118 3301 1272 3382 superioris

57 3407 128 3468 eiam
152 3405 259 3469 saeculi
285 3405 464 3478 oratoribus,
489 3404 639 3480 Miltiadi,
661 3404 868 3480 Themistocli,
897 3405 1028 3478 Cimoni,
1058 3421 1095 3460 ne
1123 3401 1179 3482 ipsi
1207 3399 1270 3478 qui·

57 3503 110 3562 dem
138 3504 260 3577 Pericli,
291 3523 375 3583 quem
404 3503 436 3561 in
462 3501 592 3562 Phaedro
619 3502 798 3564 laudaverat.
850 3502 935 3578 Quod
961 3516 992 3562 ut
1015 3500 1121 3578 aliquis
1149 3498 1271 3556 miratur

57 3603 160 3662 fortasse
170 3649 178 3679 ,
199 3603 300 3660 mirata
320 3613 396 3660 certe
416 3621 476 3659 rem
491 3601 648 3678 antiquitas
664 3613 719 3675 est,
741 3602 781 3660 ita
796 3621 964 3680 quaeramus
984 3619 1101 3660 necessa
1116 3609 1158 3656 est
1168 3641 1176 3670 ,
1196 3615 1268 3672 quae

57 3699 160 3759 tandem
177 3700 230 3762 illa
250 3699 414 3778 eloquentia
434 3699 487 3774 sit,
508 3719 613 3778 quam,
633 3697 671 3758 de
698 3699 789 3780 ipsius
818 3700 979 3773 sententia,
1001 3710 1145 3755 oratorum
1173 3693 1268 3752 adhuc

7 3839 8 3842 ,
60 3798 181 3877 attigisset
204 3819 297 3860 nemo.
340 3797 437 3876 Vulgo
457 3796 526 3858 duci
545 3811 688 3857 oratorum
707 3798 882 3878 vituperatio
901 3797 973 3870 illa,
994 3815 1079 3873 quam
1100 3791 1167 3852 data
1184 3791 1270 3872 opera

61 3897 222 3958 orationibus
240 3897 378 3956 refutavit
403 3895 544 3954 Aristides
563 3895 678 3972 rhetor,
701 3917 737 3956 ex
757 3897 825 3956 odio
844 3895 972 3954 Platonis
991 3894 1023 3952 in
1041 3880 1176 3974 politicos
1195 3890 1271 3952 viros
1329 3911 1334 3915 ·

63 3992 137 4070 solet3
159 4017 209 4075 ego
223 4014 293 4056 vero
308 4015 368 4056 rem
387 3993 487 4075 paullo
499 3993 588 4053 altius
606 4009 633 4054 et
653 4015 690 4054 ex
711 3995 781 4075 ipsis
795 3994 960 4053 Platonicae
973 3991 1173 4074 philosophiae
1192 3990 1272 4070 prin·

63 4092 133 4172 cipiis
150 4109 281 4176 repetam.
328 4094 417 4154 Haud
435 4091 502 4154 aliis
522 4093 656 4172 equidem
683 4095 790 4154 caussis
817 4093 934 4166 tribuo,
955 4091 1033 4171 quod
1057 4085 1271 4172 praestantissi-

64 4209 111 4248 mos
135 4193 183 4252 hos
209 4208 332 4254 oratores
363 4193 539 4274 vituperavit
567 4191 774 4273 philosophus,
810 4212 894 4270 quam
924 4189 1026 4249 iisdem
1050 4189 1129 4263 illis,
1165 4183 1271 4264 quibus

94 4397 115 4460 ll
131 4401 197 4471 dorp.
215 4401 265 4454 462
281 4403 310 4454 Β.
328 4399 378 4453 463
395 4402 426 4451 Α.

96 4481 117 4548 ²)
133 4487 185 4540 tu.
203 4489 256 4542 aaa
271 4489 299 4540 a.
