2886 5118
719 184 778 242 tut

126 350 199 410 bant
216 361 331 428 sponte,
353 345 498 422 indeque,
520 365 536 400 a
557 345 677 404 divinae
695 359 814 409 nattuae
839 347 1017 425 perfetione
1035 328 1258 423 descendentes,
1279 371 1355 427 quae·

126 467 241 524 cunque
270 445 383 522 exquiri
415 445 443 499 iu
477 442 667 522 philosophia'
694 445 807 516 solent,
838 443 1038 523 explicabant.
1082 447 1169 505 Unde
1182 458 1289 528 primo
1309 448 1353 506 illa

129 544 290 604 Aristotelis
314 543 502 618 philosophia
534 541 571 598 ab
601 544 663 622 ipso
685 544 745 618 jam
776 543 941 622 theologiae
963 545 1080 601 nomine
1112 561 1280 627 nuncupata
1308 559 1350 604 est.

40 693 42 698 .
128 640 326 704 Conveniebat
343 638 413 696 haec
425 637 654 719 philosophandi
674 641 746 698 ratio
765 639 882 698 illorum
903 640 1008 700 studiis
1024 642 1276 723 philosophorum,
1296 645 1352 723 qni,

127 757 159 802 ut
180 737 365 810 Aristoteles,
395 737 553 815 sapientiae
575 736 756 810 doctrinam,
788 740 845 797 imo
868 736 1002 798 divinam
1023 741 1174 799 scientiam
1195 744 1350 816 traderent;

61 819 64 827 ¹
127 824 259 912 Platoni,
279 836 330 916 qui
353 834 604 915 philosophando,
631 851 663 894 ut
683 835 831 909 Socrates,
854 838 873 896 i.
896 857 920 896 e.
943 838 1108 915 quaerendi
1131 842 1273 921 sapientia
1294 867 1351 904 con·

127 951 225 997 tentus
244 951 323 1010 erat,
345 957 405 994 non
427 933 630 992 conveniebat.
673 935 710 992 Et
731 955 817 1008 vero,
838 936 918 1023 quod
940 936 1094 1013 aliquoties
1115 941 1296 1016 monuimus,
1315 967 1351 1003 su-

129 1051 210 1117 perat
229 1035 297 1094 talis
315 1027 449 1094 doctrina
468 1031 552 1110 longe
571 1023 723 1091 lacultates
743 1032 888 1092 hominis:
919 1055 976 1111 quo
998 1035 1125 1109 factum,
1154 1051 1205 1112 ut,
1235 1043 1351 1119 quinon

129 1133 242 1193 tradere
271 1152 350 1206 eam,
381 1129 431 1190 sed
461 1129 534 1188 adeo
565 1121 704 1188 adhibere
734 1131 771 1189 ad
793 1151 887 1188 rerum
909 1132 1038 1189 omnium
1060 1133 1285 1213 explicationem
1304 1143 1349 1198 nisi

129 1246 215 1306 sunt,
236 1231 360 1312 turpiter
381 1231 441 1287 fere
462 1231 522 1287 sint
544 1228 627 1307 lapsi.

167 1329 224 1390 Sed
252 1329 331 1388 dicat
350 1327 401 1386 blo
418 1326 540 1404 aliquis:
571 1325 719 1405 postulare
741 1341 837 1386 tamen
859 1349 874 1386 a
893 1327 1076 1409 pbilosophis
1096 1331 1285 1411 metaphysici
1305 1356 1344 1393 so-

126 1428 207 1503 lent,
227 1443 293 1487 uta
314 1427 404 1506 priori
426 1423 688 1504 philosophentur:
710 1424 832 1483 hoccine
853 1428 942 1506 igitur
961 1447 1022 1485 non
1042 1428 1111 1486 lecit
1131 1427 1239 1489 Plato?
1271 1430 1347 1506 Fecit,

125 1525 175 1586 sed
194 1526 269 1600 alit,
299 1547 331 1584 ac
350 1522 561 1604 metaphysici,
582 1521 702 1580 ratione.
745 1525 905 1582 Posuerunt
924 1524 970 1582 illi
990 1525 1189 1606 principium,
1208 1529 1286 1589 unde
1302 1531 1348 1590 du-

125 1637 224 1682 cerent
243 1625 358 1683 omnia:
384 1622 474 1681 veluti
495 1619 630 1679 divinam
650 1633 799 1694 naturam,
818 1642 904 1698 quam
924 1643 1010 1681 nemo
1028 1623 1161 1681 confiteri
1183 1625 1298 1686 dubitat
1316 1650 1347 1685 re·

123 1742 185 1779 rum
210 1723 338 1800 omnium
365 1739 495 1780 caussam
524 1737 583 1775 esse
613 1717 776 1796 principem
783 1743 791 1795 3
822 1719 873 1778 sed
902 1740 1029 1778 caussam
1059 1720 1134 1780 hane
1156 1722 1285 1783 divinam
1304 1747 1346 1805 pro

124 1821 229 1878 mentis
255 1818 398 1878 humanae
426 1816 528 1888 modo,
548 1815 598 1893 qui
621 1815 723 1873 modus
741 1805 832 1896 ipsius
850 1818 978 1898 profecto
1000 1817 1167 1880 divinitatis
1188 1843 1246 1881 non
1264 1845 1343 1904 capax

124 1931 182 1990 est,
206 1917 421 1991 informabant,
446 1912 523 1973 unde
541 1912 637 1991 qualis
655 1933 797 1992 quamque
819 1916 957 1975 deformis
978 1914 1120 1995 prodierit
1140 1933 1257 1978 naturae
1277 1922 1345 1980 illius

126 2016 186 2074 sive
197 2014 287 2074 forma
298 2015 359 2074 sive
371 2011 527 2094 descriptio
536 2011 597 2070 site
615 2009 759 2086 delinitio,
772 2027 873 2092 sponte
884 2013 1086 2094 intelligimus.
1108 2014 1156 2076 Sic
1171 2018 1258 2096 igitur
1266 2022 1344 2100 posito

124 2114 289 2194 principio,
319 2134 408 2192 quum
429 2108 639 2171 descendentes
656 2107 726 2166 inde
747 2113 842 2169 omnia
863 2113 1041 2192 explicatum
1060 2114 1155 2187 irent,
1177 2113 1284 2175 humile
1299 2118 1342 2175 boc

65 2217 77 2234 “
125 2224 186 2268 erat
194 2231 308 2292 reapse,
327 2211 461 2288 quamvis
476 2207 601 2266 sublime
620 2205 778 2281 videretur,
797 2210 1010 2290 metaphysicae
1030 2211 1096 2270 iter.
1128 2213 1192 2271 Non
1213 2215 1250 2272 ita
1267 2215 1342 2274 Plato.

124 2309 188 2368 Non
208 2308 444 2390 descendendum
463 2305 514 2363 ille
530 2304 567 2362 ab
586 2297 761 2378 ὑποθέσεσι,
788 2322 907 2382 temere,
928 2321 960 2366 ut
979 2308 1025 2384 fit,
1054 2311 1169 2389 positis,
1189 2311 1238 2370 sed
1257 2334 1336 2372 escen·

123 2404 253 2465 dendum
267 2404 440 2487 philosopho
450 2404 487 2464 ad
506 2397 543 2462 vd
564 2400 738 2466 stantano
751 2405 913 2483 judicabat.
946 2405 993 2464 Sic
1005 2422 1101 2466 autem
1120 2430 1186 2468 cum
1204 2411 1262 2490 ipse
1280 2410 1340 2470 sole·

125 2517 169 2564 ret
188 2503 405 2585 philosophari,
426 2525 442 2560 a
459 2507 549 2584 priori
569 2507 792 2589 philosophatus
809 2527 890 2580 esse,
911 2505 961 2563 sed
984 2513 1040 2564 aad
1058 2515 1177 2566 ratione
1188 2555 1196 2582 ,
1216 2509 1341 2568 dicendus

126 2617 176 2662 est.
218 2600 338 2660 Scilicet
367 2623 440 2681 quae
468 2597 506 2662 td
526 2599 700 2666 ἄνιηιόθετα
721 2619 824 2678 vocat,
854 2618 923 2663 sunt
943 2625 974 2662 ea
994 2603 1072 2685 apud
1092 2605 1198 2681 illum,
1225 2620 1255 2665 ut
1275 2605 1341 2666 ridi·

127 2723 209 2774 mus,
227 2692 265 2758 erl
283 2691 369 2774 ὄντα,
402 2702 480 2782 ipsae
510 2721 578 2765 sunt
600 2705 698 2780 ideae,
729 2704 882 2785 pulcrum,
912 2701 1037 2778 bonum,
1054 2703 1186 2778 justum,
1213 2693 1340 2772 sanctum,

123 2822 193 2879 quas
219 2821 276 2878 quo
295 2802 360 2877 quis
380 2803 510 2882 puriores
528 2804 720 2882 clarioresque
743 2803 840 2860 animo
859 2811 975 2874 teneat,
1005 2821 1038 2859 eo
1055 2799 1135 2858 hunc
1155 2803 1259 2860 rectius
1276 2801 1340 2860 dixit

124 2898 160 2958 de
177 2898 263 2958 rebus
281 2899 391 2979 pulcris
410 2902 610 2982 et'turpibus,
630 2901 667 2959 de
689 2901 774 2960 bonis
791 2911 819 2958 et
838 2896 938 2969 malis,
960 2896 997 2955 de
1011 2899 1100 2976 justis
1119 2911 1147 2956 et
1165 2900 1293 2975 injustis,
1310 2897 1339 2956 dc

126 2995 236 3056 divinis
255 3000 373 3056 omnino
395 2997 585 3078 humanisque
603 3001 788 3070 existimare,
809 3014 899 3072 eoque
924 2993 1187 3073 propiusadivina
1198 2998 1340 3077 sapientia,

122 3098 204 3172 cnjus
225 3117 374 3173 nunquam
394 3094 457 3153 fieri
477 3098 620 3178 particeps
640 3099 755 3177 poterit,
774 3095 881 3152 abesse.
924 3090 969 3150 Ad
991 3091 1067 3150 hanc
1087 3093 1237 3153 scientiam
1255 3115 1339 3172 quem·

124 3193 278 3251 admodum
310 3192 516 3272 procedamus,
543 3197 645 3274 pulcri
677 3193 811 3274 exemplo
839 3194 871 3250 in
902 3189 1053 3270 Symposio
1083 3211 1135 3248 nos
1165 3191 1264 3250 docuit
1284 3193 1338 3250 llio·

124 3291 202 3348 time.
245 3297 269 3346 A
298 3289 383 3348 robus
411 3291 537 3370 pulcris,
569 3315 642 3371 quae
673 3292 804 3350 sensibus
824 3273 1044 3370 percipiuntur,
1076 3287 1248 3348 ordiendum
1268 3311 1339 3370 prae-

28 3463 32 3468 ·
125 3388 219 3468 cepit,
249 3400 279 3444 ut
307 3408 359 3467 per
378 3387 429 3446 has
450 3389 545 3468 pulcri
565 3392 723 3469 imagines,
753 3405 890 3466 tanquam
912 3376 1111 3463 claudoSptorlg
1132 3388 1287 3464 quosdam,
1309 3385 1338 3444 ad

125 3485 259 3565 pulcrum
290 3487 384 3565 ipsum
412 3487 603 3546 tenderemus.
647 3489 712 3546 Huc
733 3501 827 3546 autem
847 3488 1253 3566 postquampervenerimus,
1280 3482 1337 3543 indr

126 3584 210 3644 nobis
236 3585 399 3664 praecepit,
428 3597 460 3642 ut
480 3606 526 3644 res
546 3587 684 3667 deinceps
704 3586 818 3668 pulcras
839 3605 937 3643 omnes
957 3599 985 3643 et
1006 3587 1168 3644 accuratius
1188 3583 1338 3643 attendere-

125 3703 187 3738 mus
215 3695 242 3739 et
261 3680 489 3758 dijudicaremus
509 3684 605 3742 verius
615 3682 655 3762 l).
699 3682 756 3743 Sed
777 3682 813 3742 de
833 3683 986 3741 dialectica
1006 3683 1137 3742 idearum
1156 3677 1336 3760 disquisitioni

123 3778 307 3851 adhibenda,
337 3801 409 3858 quae
440 3781 554 3860 proprie
583 3801 642 3839 esse
672 3780 799 3839 Platonis
820 3781 1014 3860 metaphysica
1036 3778 1173 3852 videtur,
1194 3779 1337 3838 documen-

121 3891 149 3934 ta
172 3877 255 3936 uobis
273 3877 304 3935 in
324 3879 424 3956 primis
440 3879 564 3957 insignia
583 3893 651 3936 sunt
669 3879 875 3958 metaphysici,
895 3881 945 3956 qui
967 3893 1121 3950 vocantur,
1142 3877 1266 3936 Platonis
1281 3872 1337 3930 dia-

121 3975 197 4054 logi,
219 3976 372 4054 praecipue
400 3975 598 4032 Parmenidea
618 3989 646 4032 et
666 3975 818 4033 Pettalus.

119 4164 372 4172 --.-.—--—-—-.-

155 4269 180 4332 1)
199 4272 279 4337 Symp.
294 4269 361 4330 209,
392 4269 449 4319 210.
471 4270 516 4320 Cll.
535 4272 610 4320 lm'tia
628 4289 651 4338 p.
679 4272 731 4320 llll.
