2886 5118
722 231 782 292 h38

132 391 266 479 ριαγωγῇ
293 394 420 454 hominis
450 393 488 452 ad
518 393 668 454 veritatem
690 393 856 470 docuimus,
873 377 903 476 1)
933 407 991 452 tam
1018 394 1144 476 simplex
1171 393 1243 454 haec
1264 395 1354 476 philo-

130 497 214 578 sophi
244 493 414 572 hominique
444 491 579 551 salutaris
606 491 767 552 admonitio
796 497 853 570 es't,
881 507 939 554 tam
966 492 1066 553 eadem
1094 513 1279 574 peromnem
1304 495 1356 574 ejus

131 593 366 676 philosophiam,
395 591 455 650 sive
477 590 516 651 ad
540 591 695 672 pulcrum,
724 593 785 652 siae
805 595 940 656 universe
961 591 999 652 ad
1020 613 1122 654 verum
1141 595 1283 668 refertur,
1311 593 1356 653 do·

132 694 261 752 minatur
279 690 384 773 plane,
402 703 517 768 tamque
538 688 642 749 efficax
663 690 747 750 simul
768 691 806 752 ad
823 713 890 752 uere
906 690 1100 750 excolendum
1112 692 1356 773 audiendumque

132 792 278 852 hominem
298 802 359 863 est,
381 801 413 846 ut
434 810 495 848 non
514 789 754 868 committendum
775 791 910 852 videatur
928 781 1013 850 nohis
1024 833 1034 867 ,
1052 791 1125 869 quin
1144 789 1194 850 hic
1216 791 1310 852 denuc
1325 790 1355 850 ad

133 912 196 950 cam
216 900 340 948 attentos
360 887 499 946 faciamus
520 886 649 948 lectores.
984 947 987 952 ,

174 989 246 1046 Nam
274 986 354 1046 omni
364 998 455 1044 aetate
474 985 640 1066 philosophi
660 986 709 1047 vel
732 988 773 1045 ita
793 988 942 1065 conquesti
964 986 1001 1046 de
1021 985 1148 1046 bominis
1167 985 1355 1046 imbecillitate

44 1088 50 1098 '
134 1099 222 1162 sunt,
251 1085 299 1145 vel
319 1098 379 1142 tam
397 1083 517 1143 arduam
540 1105 599 1143 esse
619 1106 679 1144 rem
699 1084 1163 1167 philosophiamperhibuerunt,
1186 1099 1221 1144 ut
1241 1085 1363 1166 philoso‘

134 1184 218 1265 pbia,
241 1183 287 1242 his
305 1183 484 1256 auctoribus,
503 1182 603 1265 plures
624 1182 795 1254 absterreret
815 1183 988 1243 difficultate
1009 1183 1077 1258 sul,
1098 1204 1183 1262 quam
1195 1183 1356 1264 praestantii

132 1295 218 1361 atque
239 1281 367 1340 utilitate
386 1280 525 1340 alliceret.
568 1282 709 1341 Neutrum
730 1282 800 1340 iecit
820 1282 911 1342 Plato.
953 1282 1071 1341 Monuit
1089 1281 1277 1362 simpliciter,
1295 1280 1354 1340 illuc

132 1381 192 1439 sere
222 1398 391 1439 conversam
420 1377 572 1437 hominum
603 1392 727 1438 mentem
756 1401 833 1455 esse,
863 1401 920 1459 quo
942 1401 1002 1438 non
1023 1393 1185 1460 oporteret:
1217 1380 1258 1438 sic
1276 1393 1355 1437 autem

131 1477 285 1550 accidisse,
312 1489 344 1535 ut
366 1473 539 1556 sibimetipsi
561 1475 646 1535 homo
667 1475 836 1557 displiceret
854 1478 1030 1552 necessario,
1059 1497 1112 1536 nec
1130 1490 1228 1536 tantos
1247 1478 1354 1551 faceret,

130 1590 253 1655 quantos
272 1589 366 1656 posset
388 1594 419 1632 ac
440 1573 576 1649 deberet,
605 1577 637 1634 in
659 1596 755 1634 rerum
777 1573 982 1655 disquisitione
1001 1596 1177 1656 progressus.
1220 1577 1315 1654 Itaque
1330 1575 1355 1632 in

130 1673 226 1755 pulcri
245 1672 397 1732 tractanda
418 1671 617 1752 philosophia,
639 1673 676 1732 ad
696 1682 795 1752 ipsum
811 1676 954 1751 pulcrum
972 1673 1112 1732 continuo
1129 1675 1276 1734 convertit
1292 1693 1354 1732 men·

77 1801 81 1806 ·
133 1785 191 1830 tem
210 1784 352 1844 nostram,
366 1769 535 1849 artibusque
556 1791 608 1829 nos
622 1772 709 1850 jussit
728 1771 966 1850 elegantioribus,
987 1771 1141 1852 praecipue
1160 1772 1286 1829 musicae
1303 1790 1355 1849 ope-

131 1891 201 1932 ram
213 1889 336 1944 navare,
356 1882 389 1927 ut
407 1867 453 1928 his
468 1852 637 1928 excolendis
656 1890 722 1928 curn
741 1870 835 1949 pulcri
855 1891 996 1944 amorem,
1012 1868 1133 1928 insitum
1147 1869 1237 1928 nobis
1254 1867 1353 1936 neutri,

131 1982 158 2026 et
179 1967 367 2040 excitaremus
391 1979 419 2026 et
437 1965 595 2041 aleremus,
623 1979 687 2026 tum
708 1967 745 2026 ad
766 1968 861 2048 ipsum
882 1968 979 2048 pulcri
1001 1961 1192 2048 παράδειγμα
1211 1988 1257 2026 res
1274 1965 1366 2025 omnes'

130 2067 246 2147 pulcras
266 2064 475 2125 siveseusibus
494 2078 639 2144 patentes,
661 2065 722 2125 sive
742 2066 774 2124 in
796 2067 857 2126 vita
878 2067 1004 2146 agenda,
1026 2069 1059 2129 in
1078 2067 1183 2128 officiis
1201 2087 1237 2126 ac
1257 2063 1353 2125 virtuti·

130 2165 184 2223 hus
201 2163 302 2224 obvias
321 2164 500 2242 exigeremus
521 2184 553 2221 ac
570 2162 772 2242 judicaremus
791 2177 877 2241 recte.
921 2165 979 2224 Nec
998 2167 1055 2225 alia
1076 2167 1149 2225 ratio
1169 2161 1351 2246 philosophiae

130 2263 295 2322 Platonicae
324 2275 385 2334 est,
416 2260 465 2318 uhi
497 2261 536 2320 ad
566 2283 666 2330 verum
698 2263 822 2322 refertur
845 2263 988 2325 universe.
1030 2265 1072 2324 Ut
1091 2265 1155 2323 illie
1175 2264 1215 2322 ad
1238 2261 1353 2343 pulcrum

131 2348 290 2434 continuo,
311 2360 351 2417 ita
382 2357 452 2431 hic,
481 2360 513 2417 in
533 2359 660 2418 naturali
680 2360 772 2441 ipsius
792 2363 1009 2442 progressione,
1039 2364 1173 2423 universe
1194 2360 1235 2420 ad
1253 2377 1353 2428 verum,

131 2459 193 2520 siue
209 2457 287 2518 illud
305 2457 459 2537 pulcrum,
481 2457 544 2517 sive
565 2457 695 2533 honum,
718 2461 778 2519 sive
794 2461 905 2539 justum
926 2474 981 2536 est,
1000 2460 1094 2540 adque
1115 2463 1195 2537 veri,
1217 2457 1272 2520 coti
1287 2449 1354 2526 ὄντος

131 2557 281 2617 scientiam
302 2555 418 2632 tendit3
445 2570 476 2615 ut
496 2555 663 2636 disciplinis
686 2556 734 2617 htc
756 2557 889 2618 similiter
909 2572 994 2638 atque
1013 2559 1076 2619 illic
1096 2560 1230 2637 artibus,
1249 2560 1354 2620 maxime

133 2655 296 2729 dialectica·
317 2667 345 2714 et
374 2655 514 2714 alerernus
542 2675 666 2714 amorem
695 2657 758 2718 veri
780 2669 909 2714 nostrum
929 2671 957 2716 et
976 2659 1126 2738 proprium
1144 2659 1231 2720 uobis
1250 2652 1354 2740 ὄργανον

131 2752 189 2834 τῆς
202 2753 321 2834 ψυχῆς,
345 2741 370 2837 ᾧ
389 2746 472 2838 μόνῳ
488 2747 617 2834 ἀλήθεια
639 2747 745 2834 ὁρᾶται
752 2803 760 2832 ,
781 2754 852 2836 (una
870 2754 903 2815 id
921 2777 974 2816 nos
992 2778 1062 2817 voce
1081 2759 1289 2838 exprimimus,
1313 2779 1355 2816 on-

133 2879 186 2916 ceu
214 2854 553 2936 woarlacidaza'n)
583 2877 785 2937 purgaremus,
812 2869 897 2934 atque
917 2852 955 2914 ad
976 2853 1054 2914 illud
1072 2855 1151 2935 quod
1171 2878 1234 2918 non
1253 2858 1355 2916 uidetur

133 2955 288 3036 pulcrum,
309 2954 436 3029 bouum,
454 2957 586 3033 justum,
607 2955 658 3014 sed
679 2966 741 3030 aet,
769 2955 807 3021 ad
827 2947 866 3014 ad
886 2944 977 3026 dura,
1009 2952 1047 3013 ad
1068 2953 1168 3030 ideas,
1198 2955 1238 3014 ad
1258 2967 1375 3012 aeterna.

133 3049 165 3114 ἓν
191 3053 233 3138 τῇ
257 3045 343 3133 φύσει
364 3055 426 3112 veri
446 3050 673 3134 παραδείγματα
692 3056 865 3136 erigeremus
884 3067 1010 3114 mentem
1028 3065 1174 3112 nostram:
1204 3071 1263 3131 quo
1280 3050 1355 3132 perti-

127 3156 200 3216 ¹uuit
228 3176 294 3217 cum
317 3156 411 3213 omnis
431 3158 493 3235 ejrm
514 3157 727 3216 accuratissime
748 3155 882 3214 instituta
902 3154 940 3214 de
959 3149 1126 3231 disciplinis
1146 3171 1178 3210 sc
1200 3150 1354 3219 dialectiea,

133 3268 194 3313 turn
214 3252 304 3326 hacc,
339 3273 424 3330 quam
455 3253 539 3314 modo
570 3254 764 3330 tradidimus,
794 3253 831 3312 de
861 3253 971 3312 mundo
1000 3247 1099 3332 νοητῷ
1116 3263 1150 3326 aq
1169 3251 1233 3310 veri
1253 3246 1355 3309 scientia

134 3350 302 3432 disputatio.
345 3353 433 3410 Hunc
464 3353 554 3432 igitur
584 3353 616 3412 in
645 3352 762 3412 modum
782 3352 863 3412 Plato
883 3371 937 3410 nec
958 3351 995 3411 de
1013 3350 1182 3411 infirmitate
1200 3347 1355 3408 facultatum

134 3463 295 3509 nostrarum
317 3472 370 3510 nec
389 3449 425 3509 de
444 3450 647 3532 philosophiae
668 3449 842 3510 difficultate
863 3463 989 3528 questus,
1010 3446 1355 3529 simplicite1·alio,quam

134 3549 221 3623 solet,
242 3549 472 3609 convertendum
493 3551 624 3609 animum
644 3563 775 3612 nostrum
791 3548 981 3610 existimavit:
1004 3549 1165 3618 imovero,
1186 3541 1355 3623 quemadmo-

134 3645 204 3706 dum
224 3669 274 3723 eo,
292 3670 349 3727 quo
370 3661 499 3728 oportet,
522 3647 740 3709 convertendus
761 3647 815 3720 sit,
837 3647 928 3727 ipsius
948 3647 1034 3707 nohis
1053 3642 1239 3725 philosophia
1260 3641 1355 3700 illane

134 3744 338 3804 documentum
367 3760 418 3806 est.
461 3746 585 3806 Miratus
607 3746 740 3825 equidem
762 3765 967 3826 saepenumero
985 3751 1066 3818 sum,
1095 3738 1167 3822 quid
1187 3737 1355 3828 caussarum,

134 3855 166 3900 ut
197 3864 257 3901 non
286 3843 378 3902 solum
409 3866 511 3924 parum
528 3844 597 3903 haec
618 3845 750 3904 curarint
767 3843 954 3925 philosophi,
985 3843 1036 3902 sed
1057 3841 1109 3902 uix
1130 3840 1280 3919 quisquam
1297 3833 1355 3894 adeo

135 3941 327 4020 interpretum
356 3943 570 4002 Platonicorum
600 3942 638 4002 ad
666 3942 743 4002 hanc
774 3943 915 4004 rationem
943 3940 1039 4001 adhuc
1061 3939 1227 3999 universam
1246 3930 1357 4012 exegerit

133 4036 302 4118 philosophi
333 4039 505 4101 doctrinam.
558 4038 644 4115 Quod
675 4061 736 4099 non
754 4040 883 4120 profecto
903 4038 1050 4098 socordiae
1070 4037 1221 4096 hominum
1242 4033 1354 4094 tribuen-

133 4135 204 4192 dum
231 4149 350 4217 putem:
383 4157 468 4212 narn,
499 4138 630 4218 neglecta
653 4137 707 4197 hac
729 4138 855 4219 simplici
876 4138 1005 4212 ratione,
1032 4136 1086 4216 ipsi
1108 4134 1164 4194 sibi
1186 4129 1355 4193 difficultates

168 4411 194 4475 lt)
213 4413 355 4480 Praecipue
370 4429 394 4480 p.
415 4413 473 4463 376.
