2886 5118
718 261 778 320 408

420 421 642 481 Mediamue
664 432 811 502 igitur
830 421 958 478 Plato
976 428 1096 477 inter

294 527 512 595 seeptiee's
537 531 577 578 et
603 522 867 602 dogmaticos
899 525 1004 576 eiam
1033 517 1200 576 tenuit?

174 719 304 778 Discreto
321 718 362 778 ita
382 742 398 778 a
419 721 553 800 scepticis
568 734 597 780 et
616 721 785 801 dogmaticis
802 720 922 780 Platone
932 765 941 794 ,
967 717 1146 799 suspicemur
1164 717 1298 790 fortasse,
1311 735 1361 772 me·

135 817 213 876 diam
233 816 317 876 illum
335 817 413 876 inter
432 833 566 897 utrosque
585 820 663 880 viam
680 820 824 879 tenuisse:
856 817 934 897 quod
955 815 993 875 de
1011 815 1072 874 illis
1094 816 1153 873 fere
1173 814 1279 873 dictum
1297 815 1360 871 Aca·

134 915 253 974 demicis
264 929 306 974 est
315 960 323 988 ,
341 916 413 993 qui,
430 915 621 976 adubitando
631 919 738 997 pariter
757 939 789 976 ae
801 915 953 990 statuendo
974 915 1170 986 abstinentes,
1190 911 1360 992 probabilia,

136 1012 286 1072 simillima
305 1013 387 1086 veri,
408 1013 611 1091 sequebantur.
655 1015 702 1074 Sic
722 1016 799 1074 enim
817 1014 854 1073 dc
865 1014 901 1072 iis
917 1012 1035 1072 Cicero:
1053 1018 1215 1089 preprium
1233 1021 1276 1067 est
1291 1009 1360 1066 Aea·

136 1114 270 1184 demine,
282 1112 440 1186 judicium
461 1134 550 1170 suum
568 1115 689 1171 nullum
717 1122 926 1190 interponere:
948 1131 983 1169 ea
1000 1112 1145 1192 probare,
1164 1127 1238 1182 quae
1253 1107 1361 1164 similli-

135 1231 186 1268 ma
205 1216 271 1267 cem
288 1211 469 1268 rideantur:
487 1213 627 1286 conferre
653 1233 794 1286 caussas,
815 1221 862 1285 et,
882 1211 955 1284 quid
974 1215 1007 1266 in
1028 1225 1173 1282 quamque
1192 1212 1362 1264 concavatione

137 1310 198 1365 dici
213 1315 326 1386 possit,
345 1317 514 1386 exprimere
534 1307 573 1388 1).
605 1311 698 1382 Quam
723 1306 952 1390 philosophandi
979 1307 1121 1365 rationem
1140 1326 1173 1364 eo
1193 1302 1362 1384 probabilius

137 1403 266 1464 tribucre
286 1406 402 1467 Platoni
423 1405 557 1481 videare,
578 1428 642 1466 cum
663 1406 740 1466 idem
761 1405 813 1465 ille
831 1406 932 1465 Cicero
942 1449 951 1479 ‚
970 1393 1021 1483 qui
1040 1417 1068 1462 et
1087 1402 1251 1462 Socraticus
1268 1400 1362 1458 e'tPla-

136 1505 251 1563 tonicus
270 1504 372 1564 haberi
391 1505 486 1564 voluit
506 1503 557 1584 2),
578 1506 653 1567 hanc
673 1525 701 1565 sc
720 1525 778 1564 esse
798 1504 978 1584 potissimum
1001 1514 1131 1560 secutum
1151 1499 1266 1579 saepius
1283 1495 1362 1578 proli-

138 1613 240 1662 ieatur.
263 1601 421 1678 Defendet
432 1650 440 1678 ,
451 1605 511 1680 ait,
522 1606 599 1682 quod
616 1611 737 1678 quisque
748 1610 842 1661 sentit
851 1623 865 1672 ,¹
886 1611 958 1659 sunt
969 1600 1180 1675 enimjudicia
1191 1599 1303 1656 libera:
1320 1617 1361 1652 nes

139 1707 322 1759 institutum
344 1704 509 1760 tenebimur
520 1748 528 1776 ,
557 1703 731 1775 nulliusque
758 1708 853 1760 unius
877 1700 1057 1776 disciplinae
1075 1697 1191 1776 legibus
1211 1695 1361 1763 adstricti,

140 1800 246 1868 quihus
263 1805 296 1855 in
305 1779 497 1878 philosophia.
513 1807 680 1858 necessario
694 1807 879 1878 pereamust,
899 1799 972 1870 quid
981 1805 1023 1855 sit
1039 1804 1073 1853 in
1095 1813 1212 1873 quaque
1232 1815 1265 1850 re
1281 1797 1360 1850 mari·

136 1897 340 1971 meprolabite
350 1941 358 1970 ,
378 1918 493 1976 semper
509 1905 699 1972 requiremus
719 1895 760 1976 3).
793 1895 894 1970 Quid?
913 1893 992 1974 quod
1011 1893 1155 1954 Socratem
1174 1890 1305 1969 antiqui,
1323 1889 1361 1968 ip·

137 2009 199 2048 sum
219 1989 347 2050 Platonis
367 1995 553 2074 magistrum,
573 1995 661 2072 hujus
685 1995 773 2054 fuisse
794 1993 916 2058 rationis
936 2007 1081 2051 auctorem
1099 1990 1250 2050 dixerunt.
1291 1986 1361 2061 Quod

139 2089 239 2146 Cicero
258 2102 387 2150 testatur.
430 2091 513 2150 Haec
542 2101 577 2150 in
601 2095 790 2172 philosophia
811 2099 893 2149 ratio
921 2102 1029 2148 cantra
1058 2097 1159 2148 omnia
1190 2087 1360 2157 disserendi,

57 2227 62 2245 t
137 2187 310 2261 nullamque
327 2210 392 2246 rem
409 2200 512 2267 aperte
531 2191 742 2266 dijudicandi,
756 2190 899 2266 prosecta
910 2209 929 2243 a
942 2187 1086 2261 Socrate,
1105 2195 1238 2264 repetita
1258 2189 1292 2243 ab
1307 2183 1359 2241 Ar-

138 2286 249 2358 cesila,
268 2287 449 2362 confirmata
470 2287 674 2360 aCarneade,
696 2305 787 2360 usque
815 2287 855 2343 ad
863 2295 1001 2344 nostram
1018 2292 1361 2364 riguitaetatem:qucm

139 2403 220 2438 nunc
238 2385 448 2461 propemodum
464 2387 564 2442 erdem
582 2406 642 2442 esse
660 2391 770 2462 inipso
791 2381 920 2441 Graecia
930 2385 1078 2462 intelligo.
1122 2381 1207 2460 Quod
1228 2405 1284 2440 eron
1294 2379 1362 2438 Ace-

139 2480 253 2534 domiae
271 2487 343 2538 uitia
353 2525 361 2552 ,
382 2481 432 2537 sed
449 2481 599 2538 tarditate
619 2482 772 2560 dominum
791 2484 928 2540 arbitror
945 2488 1106 2561 contigisse
1126 2479 1167 2559 4).
1210 2479 1235 2538 E
1252 2501 1307 2558 qua
1323 2477 1361 2535 ci-

139 2574 252 2632 ceronis
271 2577 442 2651 sententia,
462 2598 518 2656 quo
538 2578 600 2659 ipsc
622 2577 684 2638 loco
712 2578 788 2637 hanc
815 2577 1044 2658 philosophandi
1066 2578 1208 2636 rationem
1229 2575 1361 2645 habuerit,

139 2669 288 2730 efficimus.
331 2673 368 2731 Et
386 2694 454 2733 sane
465 2675 634 2755 principum
653 2675 842 2755 scepticorum
852 2721 860 2748 ,
871 2675 922 2754 qui
941 2698 1000 2736 non
1011 2673 1185 2734 dubitarunt
1194 2719 1203 2748 ,
1214 2687 1245 2732 ut
1263 2669 1361 2742 caeteri,

140 2767 177 2828 de
196 2768 282 2827 rebus
304 2770 458 2844 omnibns,
479 2771 530 2830 sed
546 2773 614 2848 jure
632 2762 695 2832 a’nd
717 2769 772 2832 roei
784 2765 963 2831 σκέπτεσθαι
978 2794 1083 2832 nomen
1102 2771 1270 2831 habuerunt
1285 2770 1361 2846 deque

140 2863 324 2946 philosophie
343 2867 523 2928 excellenter·
543 2885 613 2930 sunt
629 2873 740 2945 meriti,
757 2871 861 2932 horum
880 2873 969 2950 igitur
987 2869 1205 2948 disquisitiones
1223 2866 1361 2950 palmatiae

137 2983 174 3022 ex
193 2961 247 3022 hac
277 2965 456 3044 potissimum
474 2965 712 3028 Academicorum
733 2971 844 3030 ratione
863 2982 891 3027 et
920 2968 1053 3032 doctrina
1070 2966 1231 3027 fluxerunt.
1250 2965 1282 3046 5)
1297 2959 1361 3037 Quid

137 3060 251 3140 igitur?
271 3062 374 3122 Illisne
396 3085 448 3122 nos
466 3064 650 3145 philosophis
671 3066 925 3127 annumerandum
935 3088 994 3126 esse
1012 3064 1162 3124 Platonem
1173 3060 1361 3124 censebimus?

137 3157 281 3236 Equidem
303 3182 363 3219 non
384 3162 557 3222 existimem.
826 3223 828 3230 ,
947 3221 949 3228 ,

178 3257 251 3314 Nam
261 3257 378 3337 elegans
396 3259 465 3318 haec
483 3260 602 3338 quidem
613 3276 655 3320 cst
672 3276 701 3320 et
717 3261 830 3334 homini
841 3261 1002 3322 liberaliter
1021 3255 1362 3320 institutoconvenientis-

138 3352 210 3412 sima
228 3354 457 3436 philosophandi
468 3359 550 3418 ratio.
595 3357 819 3438 Philosophiam
835 3382 888 3420 nos
905 3363 1101 3437 adjuvemus,
1112 3358 1153 3418 ait
1173 3358 1290 3430 Cicero,
1307 3374 1363 3412 ner

139 3459 191 3526 qui
209 3459 287 3528 ipsos
306 3453 456 3534 redargui
474 3458 632 3531 refellique
647 3466 820 3536 patiamur.
865 3457 949 3538 Quod
964 3466 991 3516 ii
1000 3461 1119 3532 serunt
1136 3462 1237 3515 animo
1256 3462 1362 3526 iniquo,

137 3563 190 3628 qui
209 3559 303 3610 certis
323 3555 502 3631 quibusdam
521 3557 741 3635 destinatisque
752 3563 912 3615 sententiis
927 3562 1015 3631 quasi
1031 3557 1148 3614 addicti
1165 3564 1196 3612 et
1211 3554 1363 3612 consecrati

136 3660 226 3725 sunt,
237 3670 325 3725 eaque
336 3658 513 3712 necessitate
522 3663 684 3713 constricti
693 3699 702 3730 ,
715 3666 750 3712 ut
761 3663 873 3731 etiam,
884 3677 960 3732 quae
969 3677 1027 3713 non
1043 3655 1174 3732 prodere
1193 3653 1321 3722 soleant,
1335 3666 1361 3704 se

135 3864 387 3882 ..-.—.,--—

170 3984 566 4056 nmamum'

167 4078 193 4144 2)
212 4079 249 4131 ld.
268 4083 298 4132 de
316 4083 363 4150 Off.
382 4083 401 4134 l.
417 4083 440 4134 1.

169 4163 195 4230 3)
218 4165 289 4217 Tusc.
309 4168 398 4231 Q.1v.
418 4170 442 4220 l.

165 4248 191 4313 ll)
210 4243 248 4301 De
266 4253 323 4302 Nat.
342 4253 417 4303 Deer.
434 4252 452 4303 l.
472 4255 496 4305 5.

168 4331 194 4397 5)
213 4337 270 4388 Vid.
289 4339 539 4404 praestantissimum
553 4341 585 4392 de
599 4341 639 4393 his
656 4357 722 4408 opus
734 4343 905 4394 seceditur·
916 4341 1058 4394 Gescliclte
1069 4342 1121 4392 uod
1133 4339 1201 4392 Ges'st
1216 4341 1256 4390 des
1276 4335 1356 4403 Scept-

131 4423 228 4472 cismus.
244 4421 314 4489 lsips.
331 4422 407 4475 rtet.
