2886 5118
742 253 817 320 ttt„

152 412 264 493 ingenii
283 414 431 492 animique
447 411 632 494 integritate,
651 435 688 472 es
707 412 754 474 his
776 429 897 476 naturae
916 415 1049 478 fontibus
1067 417 1241 493 hauserunt,
1260 415 1372 480 iuer-edi·

151 509 213 572 bile
230 510 311 572 dictu
330 525 371 572 est
380 557 389 587 ,
410 526 441 572 ut
461 512 590 591 rigorem
607 510 678 572 inde
697 512 815 573 trahant
834 513 994 590 continuo,
1023 517 1141 597 aptique
1158 516 1296 598 deinceps
1313 517 1372 576 liant

151 610 214 672 eive
241 610 279 670 ad
298 608 567 691 philosophandum
585 610 647 670 sive
665 610 704 670 ad
723 609 841 672 nullum
861 633 922 672 non
942 613 1049 672 artium
1069 613 1318 695 doctrinarumque
1336 637 1372 694 ge·

153 729 209 768 nus
238 721 267 768 et
294 707 451 770 colendum
478 721 506 767 ct
533 706 765 789 provehendum.
808 709 894 784 Quod
922 723 1060 790 expertus
1079 712 1214 790 equidem
1233 734 1285 793 per
1303 733 1371 772 omne

152 805 206 866 hoc
224 819 337 888 tempus
355 827 419 866 sum
429 851 438 882 ‚
466 828 523 886 quo
543 803 758 888 philosophiam
777 807 860 868 illam
881 809 1049 887 antiquam,
1070 796 1196 870 maxime
1216 810 1371 870 Socraticam

150 919 179 966 et
203 905 401 980 Platonicam,
431 904 577 985 generosis
595 904 830 994 adolescentibus
848 905 969 968 tradidi.
1012 908 1063 968 Fas
1079 909 1157 989 enirn
1179 931 1240 968 non
1260 909 1371 988 vulgaris

149 1005 296 1066 institutio
312 1001 455 1083 quaedam
475 1002 661 1084 philosophia
681 1003 734 1064 illa
752 1004 899 1079 Platonis,
920 1005 985 1081 sed,
1006 1019 1038 1065 ut
1057 1006 1119 1088 ipsa
1137 1007 1319 1089 philosophia
1333 1028 1370 1086 ap·

148 1102 254 1182 pellari
281 1100 361 1182 apud
389 1097 524 1180 antiquos
540 1101 665 1176 solebat,
692 1102 732 1162 ita
759 1102 849 1178 haec,
879 1103 921 1163 uti
949 1103 1092 1180 vidimus,
1121 1105 1228 1164 artium
1255 1091 1368 1164 omniurn

148 1202 289 1278 majorum
314 1213 343 1258 et
361 1196 559 1260 doctrinarum
581 1213 609 1258 et
628 1220 734 1279 pareus
755 1213 796 1260 est
822 1213 850 1259 et
866 1201 1011 1281 magistra.
1052 1203 1113 1261 Imo
1134 1223 1202 1264 vero
1219 1215 1369 1282 propterea,

142 1296 323 1378 quadranti
342 1297 524 1376 illatumque
542 1297 683 1376 singulari
705 1297 835 1360 ubertate
856 1312 940 1379 atque
960 1299 1154 1381 amplitudine
1173 1313 1230 1375 est,
1252 1321 1307 1360 una
1322 1299 1372 1358 dici

147 1397 296 1456 verissime
316 1391 435 1456 nutele
453 1408 555 1476 potest.

187 1495 246 1556 Sed
271 1518 412 1560 renovare
440 1509 566 1558 ueterem
585 1492 667 1554 illam
685 1493 914 1576 philosophandi
933 1497 1074 1557 rationem
1094 1494 1148 1555 hoc
1170 1497 1295 1556 maxime
1311 1516 1367 1578 pro-

146 1595 240 1676 posito
260 1593 362 1671 decet,
384 1601 510 1673 ntjaeta·
527 1593 746 1673 philosophiam
766 1605 889 1653 tractare
907 1607 985 1654 recte
1004 1593 1157 1654 discamus.
1187 1595 1321 1654 Refertur
1336 1614 1368 1666 ea,

147 1705 180 1752 ut
197 1713 281 1753 omne
302 1682 461 1776 sapientiae
481 1690 630 1766 studium,
658 1690 696 1750 ad
716 1691 867 1752 veritatem
885 1692 1115 1771 exquirendam,
1143 1691 1195 1752 sed
1212 1693 1325 1773 proprie
1340 1689 1367 1748 ad

147 1809 247 1850 reram
268 1805 296 1851 et
314 1793 452 1855 virtutem
467 1789 619 1852 colendam
636 1803 664 1849 et
682 1790 759 1851 vitae
779 1788 1155 1851 felicitatemobtinendam
1174 1793 1313 1870 pertinet:
1331 1809 1368 1848 ex·

145 1891 283 1950 stiterunt
309 1905 405 1951 autem
423 1905 482 1952 tam
501 1889 679 1963 recentiore,
709 1908 795 1966 quam
816 1889 936 1968 antiquo
956 1909 1046 1964 aevo,
1075 1890 1109 1950 in
1127 1889 1285 1970 sophistis,
1312 1908 1368 1966 quos

144 1985 294 2065 diximus,
314 1991 364 2071 qui
383 1989 520 2051 adhunc
540 1987 626 2048 nobis
644 1985 827 2067 praeclarum
845 1986 934 2048 finem
954 2007 1118 2069 perversam
1137 1988 1286 2067 praeirent
1296 1987 1365 2048 viam.

146 2085 298 2164 Fuerunt,
328 2089 378 2166 qui
409 2087 447 2148 ad
477 2086 660 2149 commodum
689 2085 775 2146 unice
796 2083 924 2146 hominis
944 2107 976 2145 ac
996 2086 1142 2159 civitatis,
1171 2085 1282 2161 adid,
1304 2081 1367 2164 quod

147 2184 263 2268 utrique
282 2185 447 2246 conducere
466 2187 592 2246 maxime
614 2183 782 2258 vidcrctm,
804 2203 917 2266 qmnem
938 2185 1080 2244 referrent
1098 2183 1236 2242 moralem
1255 2181 1365 2261 discipli·

146 2303 231 2342 nam:
264 2304 317 2343 nec
346 2284 504 2344 defuerunt
534 2283 625 2358 adeo,
654 2281 705 2360 qui
725 2279 876 2361 physicam
896 2281 1023 2342 hominis
1042 2295 1175 2340 naturam
1195 2282 1366 2362 explorarent

144 2378 319 2460 diligenter,
340 2382 488 2442 moralem
517 2380 717 2461 negligerent,
738 2380 811 2457 quin
832 2379 918 2438 etiam
937 2399 996 2438 esse
1017 2393 1165 2460 negarent.
1180 2377 1210 2458 l)
1254 2382 1364 2455 Quorum

144 2476 292 2537 doctrinae
317 2481 354 2538 'co
367 2479 540 2542 ‘valuerunt
553 2477 744 2552 necessario,
773 2490 805 2536 ut
821 2499 928 2537 nervos
947 2485 1095 2556 virtutis,
1124 2477 1204 2558 quod
1223 2477 1261 2536 dc
1286 2477 1366 2537 Theo·

143 2575 262 2659 phrasto
292 2576 369 2638 dixit
388 2578 503 2653 Cicero,
532 2577 721 2650 inciderent,
742 2573 774 2656 2)
802 2574 1046 2655 descenderetque
1064 2578 1096 2636 in
1115 2575 1162 2636 his
1179 2573 1364 2638 cavillationi-

142 2673 198 2734 bus
216 2674 302 2738 homo
323 2675 361 2736 ad
381 2676 471 2737 vilem
490 2674 688 2754 abjectamque
709 2671 920 2748 conditionem,
940 2687 972 2733 ut
991 2674 1060 2734 solis
1081 2675 1245 2735 satisfacere
1256 2671 1364 2753 corporis

143 2792 350 2854 sensuumque,
367 2770 717 2852 honestioribus'quirlem
737 2793 769 2832 ac
790 2771 1022 2847 liberalioribus,
1042 2787 1235 2834 veruntamen
1255 2769 1365 2851 corporis
1410 2823 1415 2836 ,

98 2953 99 2956 ¹
144 2871 231 2931 unice
261 2892 452 2951 sensuumque
473 2871 673 2952 voluptatibus
692 2869 860 2946 videretur,
888 2892 920 2930 ac
949 2870 1064 2931 sibimet
1083 2873 1139 2952 ipsi
1160 2885 1188 2930 et
1206 2871 1327 2951 primum
1343 2877 1365 2922 et

142 2970 297 3052 praecipue
317 2971 502 3052 prospiceret.
544 2970 599 3028 His
618 2967 744 3041 auditis,
771 2988 828 3047 quo
847 2988 906 3028 csse
925 2969 1021 3030 animo
1036 2971 1177 3048 juvenem
1197 2961 1363 3050 putabimus,

142 3069 193 3147 qui
214 3067 291 3128 recta
310 3069 493 3144 institutione
511 3067 630 3140 meliora
651 3065 771 3126 edoctus
790 3085 823 3124 ac
842 3077 963 3126 naturae
983 3068 1044 3148 ipse
1064 3087 1132 3126 suae
1151 3068 1294 3128 instinctu
1314 3065 1364 3124 rir-

142 3179 233 3226 tutem
252 3187 284 3226 ac
299 3167 461 3245 justitiam,
483 3189 543 3228 non
564 3165 705 3227 commodi
725 3165 837 3228 lucrive
855 3185 905 3245 spe
915 3209 926 3238 ,
950 3164 1001 3226 sed
1029 3166 1157 3246 ipsarum
1176 3167 1263 3224 unice
1281 3161 1363 3223 camsi

143 3279 310 3344 prosecutus
337 3265 545 3346 amplexusque
555 3311 565 3341 ,
594 3285 674 3325 nunc
694 3264 741 3323 his
760 3262 889 3342 argutiis*
900 3263 1074 3324 sollicitatur
1091 3283 1124 3322 ac
1142 3265 1298 3323 movetur?
1334 3263 1363 3319 tt

142 3383 203 3421 uon
232 3363 397 3424 movebitur
424 3363 490 3438 ille,
518 3363 696 3424 verissimam
724 3375 844 3436 contra,
874 3381 930 3441 qua
948 3361 1044 3422 adhuc
1065 3373 1107 3421 est
1129 3361 1310 3441 progressus,
1334 3355 1364 3416 ad

138 3460 286 3538 justitiam
315 3462 540 3540 felicitatemque
568 3462 646 3523 viam
674 3474 860 3541 persequetur
878 3473 1056 3535 constanter,
1084 3460 1229 3540 siquidem
1247 3458 1363 3542 philoso-

85 3793 87 3800 Α
177 3752 202 3818 l)
220 3755 248 3810 lu
273 3758 320 3810 illo
346 3773 445 3826 genere
469 3773 532 3825 prae
557 3759 667 3810 caeteris
693 3756 811 3826 insigues
834 3765 893 3810 sunt
918 3757 1030 3808 Helvetii
1051 3756 1110 3808 libri
1133 3758 1163 3808 de
1181 3756 1288 3824 l'lispn't
1301 3753 1361 3806 etde

140 3837 273 3904 l’Hormm
291 3845 318 3896 in
339 3842 387 3894 hoc
415 3842 526 3896 Gabaris
549 3837 764 3908 dissertationes,
784 3843 904 3894 Dircours
928 3860 973 3894 aar
994 3843 1105 3894 l’ltomme
1118 3843 1239 3910 phyriqne
1254 3837 1360 3892 etmoral·

141 3921 277 3978 Praeclare
301 3936 386 3979 autem
410 3928 498 3981 Victor
522 3926 649 3990 Casinus,
675 3928 837 3980 doctissimus
861 3925 926 3979 ultus
953 3929 979 3978 in
1002 3929 1088 3995 paucis
1112 3935 1140 3978 et
1166 3927 1361 3995 elegantissimus

140 4007 258 4062 Platonis
278 4012 418 4079 interpres.
457 4013 510 4065 «ta
529 4029 585 4064 nom
600 4013 629 4064 de
641 4012 730 4064 Platon
744 4013 855 4082 reppelle
872 4017 889 4063 h
904 4013 999 4081 l'espre't
1015 4021 1076 4064 cette
1090 4012 1253 4080 philosophae,
1270 4011 1312 4078 qui
1322 4007 1362 4058 ootl

140 4097 204 4148 ὼηε
222 4095 332 4148 l’homme
351 4108 423 4148 cartre
439 4099 510 4150 chose
524 4117 571 4166 que
584 4115 628 4150 ron
641 4099 783 4167 enoeloppe,
807 4099 852 4166 qui
869 4095 1049 4149 laireconaot‘t
1063 4115 1112 4149 nne
1126 4107 1199 4148 outre
1212 4092 1310 4148 acueret
1323 4107 1361 4159 pot

139 4177 304 4243 ttrmattttrt
326 4184 367 4234 des
393 4200 511 4250 orporea,
539 4202 588 4236 une
605 4193 679 4236 outre
701 4201 790 4236 amarae
815 4183 906 4236 etates
919 4199 969 4252 que
992 4184 1155 4252 limprereion
1174 4185 1217 4234 des
1235 4195 1302 4242 rent,
1320 4193 1362 4228 tm

140 4275 214 4317 outre
232 4267 299 4334 re'ple
311 4285 358 4335 que
378 4267 488 4322 t’tartrer
503 4271 649 4340 percenset,
668 4287 717 4323 uere
730 4277 804 4322 aare
814 4268 921 4322 tuente
933 4287 980 4338 que
994 4270 1029 4321 lec
1037 4270 1106 4336 jeus
1117 4271 1151 4321 du
1162 4278 1243 4321 sort-r
1278 4266 1360 4328 Proap.

142 4351 175 4404 de
192 4351 217 4404 la
234 4352 300 4403 trad.

175 4432 202 4500 2)
222 4435 273 4490 cic.
286 4438 367 4490 Acud.
381 4437 453 4490 1.10.
