2908 5114
737 255 797 316 330

138 414 189 478 ubi
217 415 254 478 de
280 414 391 477 amilius
416 414 588 498 agebamus,
611 414 641 496 l)
671 417 723 480 sed
753 430 785 478 ut
814 437 881 480 vere
910 432 953 482 est
972 417 1124 482 Platonica
1143 441 1177 482 ao
1196 419 1319 484 Platonis
1337 421 1370 482 de

137 513 211 576 ideis
237 513 401 578 doctrinam
426 514 514 596 plane
540 515 697 596 exprimit,
727 514 778 577 hio
804 535 867 578 eam
884 516 982 578 denuo
1002 517 1169 582 describere
1181 521 1275 597 jurat.
1317 519 1371 578 Sed

138 633 189 693 ego
210 621 254 674 cic
272 623 388 689 statuo,
409 614 491 674 mikil
509 635 571 674 esec
588 622 622 672 in
643 615 704 674 ullo
717 636 828 698 genere
842 617 1079 694 turcopolorum,
1098 639 1155 695 quo
1169 640 1226 678 non
1237 619 1371 698 pulcrius

113 718 121 730 “
137 711 172 771 id
190 701 252 786 sit,
275 712 353 771 uude
383 713 481 787 illud,
504 721 540 792 ut
557 733 593 770 ee
612 733 662 771 ore
681 714 802 792 aliqum
822 720 913 792 quari
930 721 1050 796 imago,
1071 723 1284 792 exprimatur,
1304 718 1371 794 qood

138 829 233 888 aeque
252 811 347 870 oculis
367 831 462 887 aeque
483 812 611 869 auribus
631 833 725 891 aequo
744 813 807 870 allo
826 833 915 871 tenea
933 819 1052 892 percipi
1064 822 1179 894 potest:
1200 822 1371 894 cogitatione

135 917 259 970 tautum
277 917 425 966 clarente
445 909 681 987 complectimur.
724 908 835 989 Itaque
854 920 884 968 et
905 909 1035 969 Phidiae
1054 913 1252 986 simulacris,
1273 915 1371 990 quibus

136 1007 219 1067 nitet
237 1014 271 1068 in
290 1007 344 1066 illo
361 1027 473 1090 genere
487 1009 661 1086 perfectius
682 1009 830 1084 videmus,
846 1018 877 1070 ct
891 1009 939 1067 leit
949 1016 1103 1090 picturis,
1119 1031 1196 1088 puae
1209 1017 1370 1084 nominavi,

134 1112 273 1186 cogitare
292 1114 394 1164 tomen
413 1126 572 1182 possumus
585 1107 759 1186 pulcrioraz
782 1105 843 1164 Nec
860 1128 929 1166 cero
948 1108 1001 1165 ille
1020 1110 1156 1186 artifex,
1180 1129 1249 1168 cum
1256 1110 1371 1184 faceret

133 1201 222 1266 Jocio
242 1202 384 1278 feroram
413 1213 469 1262 aut
499 1203 676 1279 Minervae,
707 1206 969 1282 contemplabatur
988 1207 1141 1283 aliquem,
1162 1227 1251 1284 equo
1273 1207 1371 1268 simili·

135 1301 274 1360 tudinem
304 1301 450 1374 duceret,·
480 1301 531 1361 red
558 1309 656 1380 ipsius
682 1311 716 1361 in
746 1314 844 1364 mente
862 1305 1013 1364 insidebat
1030 1311 1141 1384 species
1153 1305 1371 1380 pulcritudinis

137 1405 252 1460 caimia
280 1401 442 1480 quaedam,
469 1421 561 1482 quam
580 1408 722 1477 intueor,
743 1410 777 1460 io
797 1423 889 1482 eaque
910 1403 1046 1478 optior,
1067 1403 1108 1459 ad
1124 1403 1214 1463 illius
1231 1403 1372 1464 similitu-

133 1499 235 1558 dinem
262 1506 362 1558 artem
391 1508 564 1558 cimanum
582 1499 743 1582 ditigebat.
765 1498 796 1584 2)
836 1496 922 1578 Quod
943 1513 1020 1558 recte
1039 1499 1117 1560 idem
1136 1500 1169 1558 in
1186 1499 1373 1578 eloquentiam

132 1595 291 1682 perfectam
322 1595 453 1658 adhibet.
500 1597 540 1656 llt
569 1605 672 1678 igitur
699 1606 734 1656 im
754 1602 873 1676 formis
903 1607 933 1656 el
950 1600 1075 1677 figuris
1103 1607 1150 1655 est
1178 1599 1298 1686 aliquid
1308 1617 1372 1676 per·

125 1695 250 1769 sectum
277 1703 307 1756 et
337 1695 497 1770 excellens,
528 1703 619 1772 cujus
639 1698 679 1755 ad
696 1706 864 1778 cogitatam
883 1703 1009 1774 speciem
1025 1696 1175 1758 imitando
1194 1698 1374 1772 efferuntur

133 1813 184 1867 ca,
215 1814 291 1872 quae
320 1795 378 1853 cul.
396 1795 500 1874 oculos
527 1801 594 1874 ipsa
624 1797 767 1854 cadente·
788 1804 831 1854 eic
857 1797 1012 1876 perfectae
1039 1795 1225 1874 eloquentiae
1254 1801 1374 1872 speciem

133 1896 234 1954 animo
261 1892 417 1969 videmus,
447 1891 577 1974 effigiem
606 1895 734 1954 auribus
753 1901 939 1974 quaerimur.
959 1889 991 1972 3)
1032 1893 1068 1950 In
1087 1891 1135 1952 his
1154 1905 1250 1951 autem
1273 1891 1374 1950 ideae

133 2009 200 2054 eum
218 1988 314 2054 dietae
331 2011 348 2049 a
368 1990 488 2054 Platone
498 2021 513 2067 ,Δ
528 2004 591 2052 tum
607 2004 626 2050 'a
643 1993 784 2054 Cicerone
802 2005 936 2076 acceptae
958 2001 1026 2050 su'nt
1047 1989 1204 2052 deformis
1224 1989 1375 2074 perfectis,

131 2108 204 2172 quas
224 2109 276 2148 nos
300 2088 449 2172 appellare
476 2091 624 2150 idealia
651 2089 784 2152 solemus.

157 2185 232 2246 'Sed
260 2199 329 2248 sunt
356 2186 441 2248 nohis
467 2187 526 2248 alia
554 2188 624 2248 item
652 2201 680 2248 et
711 2187 796 2266 longe
826 2187 913 2246 etiem
940 2185 1073 2268 graviora
1100 2181 1137 2243 do
1156 2183 1233 2244 ideis
1248 2183 1375 2244 Platonis

135 2283 410 2346 animadvertenda.
439 2283 530 2345 Vitae
545 2307 638 2367 *urum
656 2299 765 2366 spectat
784 2285 817 2344 in
836 2283 938 2368 primis
959 2282 1031 2346 haec
1049 2281 1218 2362 philosophi
1237 2281 1375 2342 doctrina.

134 2381 177 2446 Ut
205 2381 338 2442 notiones
368 2383 511 2462 expressit
542 2381 594 2442 ille
618 2381 672 2441 hac
690 2403 776 2458 voce,
796 2403 869 2464 quae
891 2379 1016 2460 eumad
1035 2377 1242 2462 cogitandum,
1262 2392 1323 2438 tum
1340 2378 1376 2442 ad

132 2491 196 2539 arte
216 2477 331 2560 aliquid
350 2491 426 2540 reete
448 2479 688 2558 informandum,
710 2479 891 2543 necessariae.
903 2492 971 2538 sunt
981 2524 989 2554 ,
1011 2479 1050 2537 ita
1067 2477 1099 2535 in
1118 2475 1193 2536 ideis
1210 2478 1377 2562 praecipuas

133 2577 257 2652 habuit,
278 2577 311 2636 in
330 2576 479 2658 nullisque
500 2598 561 2640 non
577 2579 694 2659 scriptis
715 2579 814 2640 ubivis
834 2577 1004 2642 memoravit
1023 2569 1061 2636 cd
1075 2568 1179 2650 καλᾶν,
1195 2569 1233 2636 cd
1245 2569 1376 2655 ἀγαθόν,

132 2669 170 2742 ati
191 2672 315 2750 δίκαιον,
344 2668 382 2735 ad
407 2669 499 2738 dorso.
542 2675 689 2750 Quaerere
716 2675 828 2736 solebat
854 2675 1003 2754 Socrates,
1035 2676 1114 2755 quod
1142 2676 1294 2760 aliquoties
1319 2679 1378 2755 jam

135 2777 377 2854 memoravimus,
398 2776 471 2856 quid
489 2775 626 2860 pulcrum
644 2787 716 2834 esset
733 2773 806 2856 quid
828 2787 932 2857 turpe,
952 2772 1025 2856 quid
1043 2773 1154 2834 bonum
1169 2775 1241 2856 quid
1256 2773 1377 2850 malum,

131 2874 207 2954 quid
233 2877 345 2955 justum
374 2875 448 2958 quid
467 2876 619 2957 injustum.
640 2870 672 2954 4)
712 2871 790 2930 Haec
810 2870 917 2964 Plato,¹
932 2873 1041 2954 quippe
1061 2872 1224 2936 Socraticus
1242 2886 1271 2932 et
1289 2872 1378 2932 instar

135 2975 264 3055 magistri
293 2973 331 3038 de
359 2973 446 3036 rebus
468 2972 616 3036 advitam
636 2984 712 3033 recte
732 2968 874 3052 agendam
897 2971 1065 3031 necessariis
1083 2971 1243 3046 sollicitus,
1263 2971 1378 3050 quaeri-

132 3073 234 3150 tabat;
267 3072 319 3135 sod
341 3072 436 3147 idem,
458 3071 547 3136 altius
566 3091 651 3151 quam
671 3069 804 3152 magister
824 3066 1002 3144 ascendens,
1024 3090 1085 3129 non
1105 3069 1253 3130 deretur
1270 3068 1378 3149 pulcris

131 3185 163 3234 et
191 3169 293 3245 bonis,
324 3169 375 3230 sed
399 3169 436 3230 de
454 3178 517 3252 ipso
538 3184 566 3230 et
585 3168 689 3254 pulcro
709 3180 737 3225 et
754 3165 832 3228 bono
851 3180 879 3226 et
893 3167 973 3246 justo
992 3180 1020 3225 et
1039 3159 1142 3232 sancto
1158 3165 1302 3248 agendum
1321 3165 1376 3224 sihi

132 3283 215 3332 retus
244 3281 296 3330 est.
337 3269 454 3350 Itaque,
476 3281 508 3332 ut
529 3289 573 3330 aas
594 3266 722 3328 civitatis
742 3253 1016 3324 administrarentur
1034 3277 1126 3339 recte,
1148 3264 1225 3344 leges
1243 3265 1376 3338 censuit,

133 3380 167 3429 ut
196 3367 345 3444 Soer,ates
366 3367 488 3448 optimas
508 3363 678 3428 condendas
699 3383 777 3438 esse,
799 3361 850 3422 sed
870 3361 1077 3444 legislatores
1069 3375 1138 3421 rtem
1158 3363 1249 3443 ipsam
1269 3362 1376 3422 intueri

131 3466 205 3546 justi
234 3464 363 3528 ideam
353 3465 458 3546 Jussit,
487 3476 518 3524 ut
545 3463 582 3522 ab
609 3464 670 3541 eius
690 3460 884 3524 similitudine
904 3461 980 3542 leges
997 3460 1147 3521 ducerent.
1188 3459 1224 3520 ld
1248 3460 1376 3540 quinon

131 3545 280 3642 lacerent,
310 3585 405 3626 coecos
405 3563 611 3678 appellabat.
646 3553 747 3623 Ἦ
710 3581 762 3620 ουν
784 3555 907 3622 δοκοῦσί
925 3583 954 3622 τι
975 3555 1100 3638 τυφλῶν
1121 3551 1322 3640 diupe'pav‘
1293 3580 1324 3617 οι
1338 3555 1379 3646 τῷ

133 3654 196 3728 ὄντι
221 3661 276 3726 τοῦ
297 3655 381 3738 ὄντος
402 3654 526 3722 ἑκάστου
549 3656 801 3744 ἐστερημένοι
759 3684 817 3748 της
837 3654 991 3742 γνώσεως,
1013 3682 1064 3721 και
1056 3656 1221 3746 pqdiv'
1206 3656 1328 3744 εναργὲς
1349 3657 1378 3718 ἒν

134 3763 176 3850 τῇ
201 3765 294 3852 ψυχῇ
318 3759 436 3846 ἔχοντες
463 3758 669 3848 παράδειγμα,
698 3761 780 3852 μηδὲ
802 3757 976 3843 δυνάμενοι,
999 3753 1100 3846 oi'easp
1122 3765 1259 3886 γραφεῖς,
1282 3761 1323 3836 εἰς
1343 3757 1377 3824 ro*

132 3861 342 3948 diaetarum
363 3861 589 3948 ἀποβλέποντες,
611 3862 723 3953 κᾴκεῖσε
746 3864 793 3932 eici
821 3860 1022 3952 ἀναφέροντές
1043 3889 1074 3931 τι
1096 3864 1146 3930 uui
1169 3858 1318 3946 θεώμενοι
1339 3858 1378 3934 oie

170 4199 203 4265 1)Χ
215 4202 295 4252 lotitia
313 4219 339 4269 p.
357 4201 398 4252 92.
523 4265 525 4270 Ι

168 4285 197 4352 2)
217 4286 268 4338 cio.
287 4289 357 4338 Oret.
379 4304 399 4338 c.
419 4287 443 4338 2,

170 4371 197 4437 3)
216 4373 252 4424 ld.
273 4375 325 4424 cod.
348 4390 369 4423 e.
387 4371 411 4423 3.

172 4456 197 4522 l)
216 4461 293 4510 latia
314 4477 339 4526 p.
358 4456 417 4510 248.
