2832 5120
733 273 790 332 lot

150 437 214 514 quis
234 436 427 495 Romanorum
446 435 540 509 alius,
562 437 623 516 ipse
642 435 728 496 nohis
754 434 899 496 dicendus
925 438 1118 496 Romanorum
1142 437 1222 498 Plato
1240 439 1356 500 videatur.

150 535 291 593 Huncin
312 534 428 593 modum
449 534 617 607 institutus,
647 533 694 592 his
718 535 798 613 quasi
811 532 970 594 'alimentis
986 549 1084 616 pastus
1109 550 1139 596 et
1170 537 1357 613 corroboratus,

150 654 239 711 quum
257 635 362 692 inesset
386 634 411 690 ei
429 633 538 691 naturis
568 631 690 690 facultas
708 633 828 692 dicendi
849 633 1031 692 admirabilis
1059 635 1221 713 quaedam,
1249 657 1357 716 superare

148 731 233 790 facile
244 746 368 790 caeteros
379 743 522 805 oratores,
543 731 731 809 quantumvis
750 730 889 805 disertos,
911 733 1025 811 potuit,
1047 733 1153 811 quihus
1169 733 1357 814 talisdcluisset

148 831 302 889 institutio.
344 828 421 903 Sed,
442 849 499 908 quo
519 829 552 890 id
570 828 687 909 plenius
706 827 920 907 intelligamus,
943 851 1000 909 quo
1019 831 1226 910 perspiciamus
1245 833 1359 905 interius,

147 949 219 1007 quae
235 927 271 986 de
290 927 418 986 Platonis
432 928 574 986 sententia
590 947 658 987 vera
672 926 852 1005 eloquentia,
871 929 943 1006 quid
959 930 1078 988 omnino
1094 931 1127 989 in
1142 931 1205 1010 ipsa
1219 929 1360 1007 eloquentia

147 1047 288 1086 summum
312 1026 368 1100 sit,
400 1027 445 1086 vis
475 1025 559 1084 nobis
581 1024 781 1114 philosophiae
800 1025 838 1084 ad
858 1027 934 1086 bene
953 1027 1112 1086 dicendum
1134 1051 1171 1087 en
1193 1030 1263 1110 ipsis
1282 1027 1361 1108 philo-

147 1125 263 1205 sophiae
292 1123 448 1204 principiis
473 1122 648 1182 declaranda
677 1135 731 1180 est:
764 1124 818 1182 erit
845 1137 940 1183 autem
959 1126 1021 1206 ipse
1041 1125 1127 1186 nohis
1145 1127 1248 1202 Plato,
1277 1129 1306 1186 in
1321 1125 1361 1184 hac

147 1223 313 1303 praesertim
329 1221 550 1300 disquisitione,
571 1219 633 1279 dux
653 1233 680 1278 et
698 1222 833 1300 magister
853 1223 988 1304 optimus.

186 1322 258 1378 Nam
283 1334 314 1379 ut
333 1320 473 1400 Apologia
489 1318 541 1376 ille
562 1317 730 1393 scribenda,
748 1321 929 1382 scribendo
921 1337 990 1381 1tem
1008 1323 1191 1398 Memnona,
1216 1322 1360 1432 exemplum
1406 1339 1407 1372 ι

146 1420 229 1480 dedit
244 1439 328 1479 sanae
347 1421 589 1498 incorruptaeque
609 1416 809 1495 eloquentiae,
841 1421 881 1478 ita
902 1411 934 1480 iri
954 1421 1086 1482 Phaedro
1105 1423 1324 1501 praesertimque
1339 1421 1361 1478 in
1406 1437 1407 1470 ι

144 1519 250 1598 Gorgia
264 1536 300 1576 ex
315 1518 417 1575 intima
430 1515 614 1596 philosophia
630 1514 811 1593 eloquentiae
827 1518 973 1599 principia
988 1518 1086 1579 duxit
1121 1521 1156 1578 In
1167 1519 1275 1600 Gorgia
1285 1533 1362 1578 auten
1406 1537 1407 1570 ι

114 1678 119 1689 ,
144 1617 211 1676 dati
231 1617 317 1697 operi
335 1614 561 1687 demonstravit,
583 1613 640 1672 nisi
659 1614 730 1672 insit
749 1615 854 1672 oratori
874 1614 1059 1697 philosophia
1070 1661 1078 1692 ,
1100 1619 1331 1698 propositumque
1347 1617 1364 1672 is

79 1733 84 1744 ·
147 1717 179 1773 in
207 1713 334 1774 dicendo
360 1713 466 1772 haheat
495 1729 648 1792 magnum,
680 1711 859 1791 praeclarum
879 1714 1016 1793 tantique
1041 1729 1100 1774 arte
1124 1715 1268 1794 dignum,
1289 1715 1365 1774 leven
1400 1744 1404 1814 j

146 1814 320 1892 inanemque
341 1833 419 1895 esse,
449 1811 522 1889 quin
541 1811 627 1869 etiam
645 1809 786 1887 abjectam
802 1824 830 1868 et
848 1812 961 1871 civitati
981 1814 1172 1892 perniciosam
1189 1813 1367 1892 eloquentiam
1402 1821 1403 1830 ¹

147 1933 269 1971 omnem.
321 1911 422 1989 ltaque
452 1923 484 1967 ut
511 1908 649 1982 haberet,
671 1925 793 1986 quorum
823 1909 982 1969 sententiae
1011 1931 1091 1969 suam
1120 1911 1181 1992 ipse
1211 1911 1366 1970 sententiam
1406 1933 1407 1940 ι

145 2023 318 2091 opponeret,
337 2009 486 2090 principes
504 2006 642 2086 quosdam
659 2006 800 2086 sophistas
820 2025 885 2065 curn
902 2003 1019 2066 Socrate
1034 2008 1234 2088 colloquentes
1253 2008 1366 2078 induxit,

146 2109 301 2189 Gorgiam,
323 2107 443 2180 Polum,
465 2105 634 2178 Calliclem,
650 2106 700 2188 qui
719 2123 773 2162 nec
794 2105 855 2164 veri
871 2125 925 2164 nec
939 2107 1012 2183 justi
1027 2105 1119 2166 ullam
1136 2107 1279 2166 hahentes
1297 2106 1365 2165 ratio·
1406 2135 1407 2162 f

147 2227 230 2281 nem,
252 2206 333 2285 vulgi
352 2204 446 2263 solum
464 2223 561 2260 auram
579 2216 694 2282 captare
713 2201 840 2260 dicendo
861 2203 1018 2264 studerent.
1061 2205 1098 2264 Et
1117 2200 1248 2286 primurn
1265 2204 1366 2283 quidem
1406 2231 1407 2261 ι

145 2305 280 2384 Gorgiam
299 2303 335 2360 de
354 2303 543 2361 artisnatura
560 2299 748 2357 disserentem
766 2301 845 2360 fecit.
893 2303 965 2360 Nam
992 2317 1143 2412 postquam
1163 2325 1242 2364 more
1264 2327 1313 2364 suo
1330 2302 1367 2362 So·
1400 2299 1407 2369 ,ἲ

144 2415 252 2477 crates,
283 2400 356 2480 quid
376 2414 447 2458 esset
462 2397 644 2476 eloquentia,
666 2396 821 2475 quidque
813 2419 837 2456 rs
856 2397 1057 2478 profiteretur,
1078 2402 1129 2479 qui
1150 2423 1179 2461 se
1198 2403 1367 2482 eloquentem
1406 2429 1407 2460 ι

143 2500 273 2576 diceret,
294 2498 491 2578 quaesiverat,
521 2496 561 2553 sic
590 2495 710 2574 Gorgias
736 2492 773 2551 ad
801 2495 853 2554 has
871 2499 1051 2575 quaestiones
1068 2501 1242 2580 respondet
1267 2515 1298 2560 ut
1323 2520 1407 2559 esse

144 2598 225 2658 dicat
242 2612 332 2656 artem
352 2595 471 2656 dicendi
482 2592 607 2667 πειθους
620 2586 821 2673 ὃημιουργοι,
838 2605 1048 2671 persuasionis
1063 2598 1273 2674 effectricem,
1284 2597 1312 2678 1)
1322 2618 1368 2656 ora
1399 2612 1407 2659 l

144 2711 218 2756 tores
236 2710 331 2755 autem
351 2697 497 2777 appellet,
518 2705 572 2774 qui
591 2699 690 2753 vorbis
704 2703 824 2770 possint
840 2716 907 2751 cum
923 2697 1091 2770 injudicio
1107 2699 1292 2772 judicibus,
1313 2689 1407 2758 turni

144 2804 178 2854 in
197 2807 304 2854 senatu
335 2799 541 2870 certatoribus,
560 2806 626 2852 tunt
646 2803 678 2851 in
703 2800 834 2851 comitiis
860 2804 889 2850 et
914 2801 947 2850 in
979 2794 1159 2872 quibuslibet
1188 2797 1367 2855 concionibus
1403 2787 1407 2832 ἶ

142 2903 258 2952 ciuium
279 2895 470 2952 auditoribus
485 2895 680 2971 persuadere.
700 2889 732 2972 2)
751 2891 807 2950 Hic
828 2890 977 2966 Socrates,
999 2913 1056 2969 quo
1075 2894 1165 2972 magis
1192 2894 1227 2953 de
1250 2895 1306 2954 hac
1323 2889 1368 2952 riri
1406 2919 1407 2930 ι

143 2993 281 3074 opinione
301 2993 427 3070 artisque
456 3005 557 3050 natma
585 3005 613 3050 et
641 2991 786 3072 proposito
810 3011 919 3050 summo
939 3003 1081 3050 constaret
1114 2993 1244 3067 «visne,
1268 2992 1369 3071 inquit,
1406 3023 1407 3054 ι

143 3091 203 3164 duo
223 3103 362 3172 ponamus
383 3090 575 3171 persuasionis
594 3110 716 3169 genera,
738 3088 860 3147 alterum
885 3089 947 3148 sine
966 3090 1088 3149 scientia
1107 3090 1195 3150 fidem
1216 3106 1369 3172 praestans,
1404 3094 1405 3100 ’

144 3190 267 3249 altorum
286 3211 353 3249 vero
373 3191 546 3248 scientiam?
567 3221 599 3229 —
621 3188 665 3247 Sit
685 3191 734 3247 ita.
757 3220 789 3228 —
811 3191 915 3252 Utram,
928 3210 996 3250 vero
1011 3190 1225 3268 persuasionem
1245 3191 1369 3268 eloquen·

143 3289 183 3348 tia
211 3289 291 3346 alleri
309 3287 339 3346 in
356 3286 478 3365 judiciis
493 3286 615 3365 aliisque
632 3287 761 3345 coetibus
774 3287 817 3365 de
831 3289 917 3366 justis
936 3284 1108 3366 injustisque
1124 3289 1233 3348 rebus?
1266 3311 1303 3348 ex
1324 3309 1371 3367 qua
1404 3272 1405 3295 ¹

145 3387 276 3446 homines
296 3386 357 3443 sine
376 3385 496 3444 scientia
516 3385 655 3458 credant,
676 3406 714 3442 an
745 3407 781 3442 ex
808 3407 864 3464 qua
884 3387 1000 3444 sciant?
1021 3411 1057 3422 -
1076 3387 1174 3444 Patet:
1197 3393 1237 3444 e'x·
1255 3409 1311 3467 qua
1330 3407 1369 3444 an·

145 3485 258 3544 dientes
281 3483 319 3542 ad
347 3482 434 3541 iidem
464 3483 656 3542 adducantur.
677 3483 824 3562 -Ergo,
847 3497 878 3541 ut
898 3481 1033 3558 videtur,
1054 3485 1248 3564 persuasionis
1273 3485 1369 3544 artifex

143 3581 307 3662 eloquentia
335 3595 394 3656 est,
416 3601 489 3660 quae
517 3583 729 3639 credulitatem
756 3583 852 3661 potius
880 3601 966 3660 quam
991 3589 1152 3641 scientiam
1180 3583 1217 3641 de
1249 3586 1328 3662 justo
1346 3593 1368 3637 et

143 3681 253 3757 injusto
271 3695 421 3761 praestat.»
447 3677 479 3760 3)
500 3681 577 3738 Haec
594 3693 622 3736 et
640 3679 696 3738 alia
717 3680 821 3738 similia
841 3694 872 3738 ut
891 3693 1069 3739 concesserat
1090 3680 1227 3760 Gorgias,
1249 3681 1370 3741 Socrates

141 3777 254 3836 deinde
289 3777 434 3857 «quodsi,
456 3777 572 3857 inquit,
594 3767 670 3835 nihil
690 3777 777 3836 habet
799 3799 864 3836 cum
884 3779 1003 3838 scientia
1023 3779 1187 3858 eloquentia
1207 3797 1368 3848 commune,

146 3898 190 3936 ars
210 3897 268 3934 non
289 3891 347 3951 est,
364 3875 413 3935 sed
434 3879 470 3936 sit
489 3891 600 3958 oportet
621 3869 756 3957 ε’μπείριά
778 3899 835 3951 τις,
850 3887 968 3956 peritia
989 3879 1154 3956 quosdam
1173 3879 1216 3937 uti
1235 3899 1264 3937 v.
1286 3899 1311 3936 c.
1326 3897 1369 3934 co-

139 3977 280 4054 quinaria
300 3998 344 4034 res
374 3999 433 4039 uon
454 4001 499 4037 ars
519 3992 578 4052 est,
601 3978 650 4036 sed
676 3979 779 4060 peritia
808 3981 868 4056 ejus
887 3976 965 4056 quod
991 3978 1108 4056 gratiam
1139 3977 1366 4056 voluptatemque

145 4073 241 4134 hahet.
273 4075 320 4135 Sic
341 4075 523 4157 eloquentia,
545 4099 629 4156 quam
651 4101 700 4138 vos
719 4079 846 4154 vocatis,
868 4078 986 4157 gratiam
1005 4075 1121 4154 quidem
1141 4075 1367 4156 voluptatemque
1406 4079 1407 4098 ¹

143 4233 221 4242 ιιι-ι·-

133 4321 415 4389 ·mmmn

177 4407 402 4469 amma

169 4492 509 4558 amomum
