2838 5120
578 249 583 260 ’
628 289 688 364 uss

49 457 182 531 semele
200 457 372 529 doctrines,
394 472 454 514 non
476 455 588 536 sylloge
606 458 667 516 sive
688 461 909 535 aggregatum,
931 463 964 510 ut
984 448 1074 530 vulgo
1093 448 1271 529 loquuntur,

56 553 218 634 placitorum
238 553 485 633 gravissimorum
508 552 559 612 sed
580 554 657 614 viam
681 564 821 612 monstrat
847 550 989 624 maxime,
1010 567 1065 626 qua
1086 547 1124 607 sit
1142 545 1273 627 philoso-

55 653 115 732 phis
130 651 384 734 progrediendum.
415 651 489 710 Nam
509 653 552 710 uti
570 652 717 713 cernendo
735 649 821 710 simul
836 647 1044 729 iungendoque
1062 645 1193 727 procedit
1203 691 1212 721 ,
1233 648 1273 704 ita

54 751 149 825 nobis,
180 751 275 830 ipsum
304 746 509 828 sequentibus,
539 749 628 828 hujus
657 750 779 824 rationis
799 747 899 809 ubivis
918 737 1083 826 e'xemplutu
1111 741 1221 818 tradit,
1241 755 1274 802 ut

53 847 164 908 adducti
183 868 242 926 quo
259 850 320 929 ipse
339 848 492 930 persenit,
512 847 582 907 inde
600 849 657 929 ipsi
676 844 775 907 eadem
794 847 906 907 ratione
923 841 1147 925 progrediamur.
1168 843 1275 902 Rerum

53 945 224 1005 naturalium
244 958 485 1027 perscrutatores,
506 949 557 1026 qui
585 944 674 1005 hodie
698 957 785 1020 sunt,
806 960 938 1024 magnam
958 953 1067 1023 partem
1089 937 1276 1021 philosophos

52 1043 232 1124 despiciunt,
257 1042 365 1124 quippe
389 1063 487 1103 omnes
514 1043 694 1106 arbitrantur
722 1044 767 1102 sui
797 1061 925 1121 quosque
953 1037 1276 1134 systematislcanccllis

52 1155 177 1200 naturam
201 1139 462 1223 comprehendere:
493 1141 586 1222 quisi
607 1141 736 1222 legerent
755 1140 922 1214 Platonem,
943 1139 966 1197 si
990 1137 1157 1198 methodum
1176 1135 1277 1218 philo-

52 1238 127 1318 sophi
143 1237 181 1297 ad
199 1237 414 1300 inveniendum
443 1257 544 1319 resque
563 1259 661 1299 omnes
684 1239 772 1322 plene
798 1249 986 1315 accurateque
1010 1234 1221 1317 cognoscendas
1238 1255 1276 1294 ex

53 1338 109 1413 ejus
127 1337 244 1417 scriptis
264 1337 374 1415 assequi
392 1337 559 1415 studerent,
589 1338 675 1398 aliter
703 1339 832 1419 profecto
851 1337 1016 1398 existimare
1035 1333 1074 1392 de
1096 1332 1278 1415 philosophis

11 1491 13 1498 ,,
53 1434 128 1494 etde
146 1434 332 1516 philosophia
352 1435 506 1498 discerent.
548 1437 661 1513 Quodsi
681 1436 790 1512 iidem,
815 1456 874 1516 quo
893 1434 994 1494 ardore
1010 1451 1109 1502 ,rernm
1126 1443 1296 1506 naturam,

53 1531 143 1591 codem
163 1535 331 1614 metipsos
347 1547 375 1593 et
391 1553 436 1593 res
457 1534 597 1596 humanas
617 1536 794 1618 perscrutari
815 1533 1056 1615 aggrederentur,
1078 1529 1212 1611 percepti
1229 1527 1278 1593 illi

54 1629 99 1708 rite
126 1627 314 1712 philosophia
342 1631 488 1709 Platonis,
519 1636 634 1716 utrique
654 1635 726 1696 huic
754 1632 853 1692 studio
873 1631 981 1714 pariter
1001 1643 1030 1689 et
1048 1627 1229 1688 dialecticam
1250 1639 1279 1686 ct

53 1745 155 1789 omnem
184 1729 400 1812 philosophiam
429 1731 627 1794 adhibendam
658 1751 717 1794 esse
755 1732 924 1791 faterentur.
949 1737 952 1744 ‘
975 1729 1103 1802 Verum,
1134 1739 1166 1786 ut
1195 1745 1279 1786 sunm

54 1825 130 1909 plane
150 1827 322 1892 dialecticae
343 1827 506 1892 Platonicae
534 1831 727 1891 characterem
756 1829 951 1908 assignemus,
981 1847 1042 1886 uon
1071 1837 1186 1885 tantum
1215 1845 1279 1885 mo-

54 1923 133 2000 durn,
153 1926 210 1986 sed-
222 1935 409 2006 prepositum
433 1929 537 2004 etiam,
558 1949 615 2008 qno
635 1928 859 2009 disciplinarum
877 1925 953 1986 hanc
973 1924 1137 2006 principem
1152 1921 1279 2006 philoso-

55 2021 119 2100 phus
135 2025 315 2085 tractandam
336 2027 466 2103 censuit,
486 2026 637 2088 attendere
664 2040 784 2109 oportet.
807 2009 810 2016 ¹
1206 2041 1210 2048 ’

87 2123 148 2182 Non
166 2138 208 2184 est
228 2123 309 2206 apud
337 2125 486 2186 Platonem
513 2124 668 2190 dialectica
693 2145 739 2186 ars
766 2118 942 2184 inveniendi
969 2117 1130 2199 quaedam,
1151 2140 1224 2200 quae
1244 2139 1280 2179 eo

54 2217 186 2284 duntaxat
206 2223 323 2298 valeat,
355 2237 388 2284 ut
414 2224 587 2305 sagaciores,
607 2223 767 2301 candores,
794 2212 1010 2302 &pecudesque
1040 2221 1151 2280 fiamus.
1194 2219 1281 2285 Com-

55 2316 198 2396 plectitur,
227 2323 325 2403 prouti
356 2323 558 2404 exposuimus,
589 2321 762 2382 Socraticam
781 2322 1003 2384 inductionem:
1025 2339 1087 2399 qno
1108 2314 1215 2382 efficax
1246 2317 1279 2378 iu

56 2417 145 2492 primis
161 2421 238 2483 lecte
255 2423 319 2500 ejus
336 2422 409 2482 ratio
430 2435 472 2482 est
491 2421 529 2482 ed
549 2435 641 2482 toturn
669 2422 816 2482 hominem
843 2435 938 2482 mente
957 2422 1112 2499 animoque
1141 2416 1279 2477 excolen-

57 2509 125 2576 dum.
158 2517 199 2582 Ut
208 2520 341 2599 'ingenio
361 2533 391 2580 et
409 2519 593 2580 institutione
610 2519 774 2584 Socraticus
790 2521 848 2582 tuit
868 2519 969 2595 Plato,
991 2521 1031 2580 ita
1052 2530 1154 2600 sponte
1176 2515 1226 2576 sud
1245 2515 1280 2576 in

59 2607 202 2682 laesurus
222 2615 377 2680 dialectica
397 2619 539 2700 spectarit
562 2616 659 2694 idem,
678 2618 758 2698 quod
785 2620 818 2679 iu
837 2616 1069 2700 philosophando
1084 2611 1275 2676 disserendo-

62 2716 188 2791 querius
213 2716 350 2796 magister
379 2730 574 2798 spectaverat,
605 2731 638 2777 ut
665 2715 702 2778 ad
732 2718 868 2778 virtutem
894 2729 923 2776 et
941 2716 1118 2778 honestatem
1141 2712 1276 2772 homiues

62 2805 207 2874 adduceret.
251 2815 332 2888 Quin
352 2815 437 2874 marn
447 2859 457 2890 ,
476 2813 555 2896 quud
569 2815 757 2877 inchoaverat
778 2815 926 2890 Socrates,
951 2812 1124 2894 diligentins
1139 2812 1189 2872 hic
1207 2831 1270 2892 per·

59 2908 125 2983 sequi
141 2912 265 2977 auderit.
306 2911 407 2974 Simile
424 2913 497 2993 quid
516 2904 776 2978 animadvertimus
795 2915 881 2975 modo
901 2915 935 2973 in
953 2912 1117 2974 misceretis
1141 2910 1274 2971 dialecti*

58 3020 93 3064 0³·
117 3007 154 3071 Ut
170 3011 254 3074 Pluto
273 3010 465 3088 Socraticam,
486 3013 526 3072 ita
546 3012 595 3072 hic
615 3013 792 3074 Platonicam
809 3011 976 3074 methodum
996 3009 1153 3070 studiosius
1169 3008 1272 3081 enam,

57 3119 129 3176 quam
146 3112 298 3190 magister,
320 3109 358 3172 ad
377 3131 423 3171 res
442 3131 541 3186 omnes
567 3111 715 3173 cernendo
735 3109 926 3192 explicandas
953 3107 1100 3168 adhibuit.
1141 3107 1178 3166 Id
1194 3105 1276 3166 scili·-

55 3211 93 3257 cet
108 3204 137 3264 iu
155 3207 207 3269 illa
224 3209 465 3292 philosophorum
492 3211 672 3272 successione
701 3209 848 3286 obtinuit,
878 3221 910 3268 ut
938 3207 1100 3287 discipulus
1125 3206 1185 3266 iere
1211 3223 1276 3262 me·-
1391 3239 1403 3254 ·

56 3297 124 3374 gistri
147 3306 314 3369 methodum
342 3329 403 3370 non
433 3322 545 3368 tantum
575 3308 811 3390 philosophando
838 3307 1050 3386 scribendoque
1067 3305 1277 3386 exprimeret,

57 3396 98 3456 ttd
115 3395 227 3482 plenius
252 3406 396 3468 etiamad
421 3407 599 3488 propositum
623 3405 712 3468 linem
740 3407 902 3468 adhiberet
954 3404 1042 3480 Quod
1070 3401 1148 3464 idem
1175 3414 1273 3482 postes
1328 3394 1330 3398 ’

56 3513 156 3575 quoque
175 3502 322 3580 obtinuit,
345 3519 376 3566 ut
396 3505 486 3567 verbo
507 3507 569 3583 jam
596 3523 683 3586 supra
707 3506 862 3586 attigimus.
912 3503 1177 3586 syllogisticarum
1203 3519 1277 3562 vero

57 3595 273 3662 mathematicam
298 3602 518 3664 demonstrandi
545 3603 708 3679 rationem,
739 3603 776 3664 ab
804 3602 957 3664 Aristotele
986 3599 1151 3683 proditam,
1180 3596 1277 3658 multo

57 3689 216 3760 elaboratins
242 3701 411 3784 recentioris
431 3701 532 3760 aetatis
559 3700 728 3783 philosophi
757 3701 795 3761 ad
805 3681 965 3762 'doctrinas
994 3699 1123 3780 singulas
1152 3695 1275 3756 traden-

57 3783 117 3864 das,
136 3814 217 3872 quam
236 3799 298 3879 ipse
317 3799 502 3874 Aristoteles,
524 3813 709 3881 usurparunt.
750 3801 810 3860 Nec
828 3822 902 3862 sane
918 3799 1055 3860 abhorret
1080 3797 1117 3858 ab
1137 3795 1274 3877 iugenio-

57 3899 112 3988 ΨΜ
126 3909 273 3975 tecumque
293 3896 484 3958 humanarum
511 3898 680 3960 conditione
699 3898 771 3958 haec
792 3901 874 3960 ratio.
908 3897 1006 3974 sQnod
1036 3899 1157 3978 quisque
1185 3915 1278 3956 exco-

58 3985 164 4064 suvia,
192 3993 225 4053 id
254 3991 471 4076 post'unanime
498 4011 528 4058 et
558 3997 708 4058 tacumnr
737 4011 766 4058 et
793 4019 849 4077 qna
870 3997 928 4058 late
948 3998 1081 4079 poterin
1100 4017 1200 4056 omnes
1228 4013 1276 4054 res

59 4081 214 4158 al’plt'tatur.
253 4094 391 4156 Fructum
419 4116 456 4154 cx
484 4095 615 4156 intentis
633 4097 742 4176 posteri
764 4097 924 4158 uberiorem
945 4097 1024 4171 lere,
1050 4117 1137 4175 qnam
1167 4113 1275 4172 aequa-

60 4169 105 4249 les,
132 4191 256 4269 capiunt.
307 4193 345 4252 Et
369 4193 550 4273 sicquidem
580 4194 661 4254 Plato
687 4194 823 4257 methodo
843 4196 905 4277 ipse
925 4194 977 4254 sna
1006 4193 1180 4256 Socraticam
1197 4212 1273 4262 com·

60 4270 166 4358 Plenus,
185 4309 256 4366 quae
275 4290 502 4373 interrogando,
523 4292 689 4368 eliciendo,
710 4293 862 4375 purgando
882 4292 922 4354 ad
942 4295 1060 4375 penitus
1080 4289 1272 4352 excolendum

61 4375 306 4468 schoenumque
323 4391 469 4452 huminem
489 4392 618 4469 valeret,
638 4413 702 4453 eam
722 4394 819 4452 animo
839 4394 999 4474 concepit,
1013 4388 1224 4468 scribendoque
1244 4402 1272 4448 et

62 4479 184 4548 exPressit
198 4499 225 4544 et
246 4491 395 4570 usurpavit
414 4491 615 4568 dialecticam,
645 4505 794 4572 quactum
815 4505 886 4550 esset
911 4491 951 4550 ad
971 4509 1089 4550 omnem·
1105 4487 1270 4548 hunanita-
