2898 5120
683 265 740 330 tat

327 429 765 494 Ubinoma'rree'oitate
793 427 1110 509 temperantia?
1156 475 1158 480 ,

130 627 254 706 Reperta
283 625 315 684 in
332 624 415 686 ,huuc
434 625 553 688 modum
580 648 645 690 oum
674 627 816 710 sapientie
836 625 1026 700 incivitate,
1048 635 1110 684 tum
1129 619 1329 695 fortitudine,

90 746 106 778 n
120 723 201 798 duo,
230 723 281 806 ait·
295 723 445 801 Socrates,
476 739 586 788 restant
605 727 638 786 in
664 727 783 790 civitate
798 720 1031 797 consideranda,
1052 711 1260 800 timporantia,
1282 733 1329 794 et,

85 825 175 902 cujus
201 821 293 902 gratii
319 821 390 882 haec
418 825 514 886 omnia
543 825 757 904 perquirimus,
786 821 912 904 justitia.
933 845 969 857 -
989 821 1115 880 Prorsus.
1136 843 1171 852 -
1191 817 1330 880 Invenire

80 924 146 1000 jam
166 921 306 982 continuo
320 921 465 998 justitiam
484 923 643 1006 possimus,
666 937 697 984 ut
717 943 752 984 uc
772 921 845 1004 quid
866 921 897 982 in
917 915 1120 998 investiganda
1140 915 1330 994 temperantia

85 1019 274 1080 laboremus?
295 1047 331 1056 -
350 1019 494 1100 Equidem
516 1034 609 1102 neque
630 1019 663 1082 id
683 1023 756 1098 scio,
780 1041 873 1102 neque
902 1018 992 1078 velim
1020 1015 1105 1076 nobis
1132 1015 1213 1096 prius
1240 1013 1329 1090 justi-

84 1119 161 1178 tiam
190 1117 389 1194 innotescere,
419 1141 503 1198 quam
532 1121 752 1200 temperantiam
782 1117 1081 1180 consideraverimus:
1104 1132 1192 1194 quare
1213 1110 1237 1174 si
1257 1110 1329 1172 mibi

84 1228 203 1295 gratum
231 1216 276 1275 vis
305 1212 417 1292 facere,
448 1218 529 1298 prius
556 1217 630 1294 hoc,
661 1241 746 1298 quam
772 1217 869 1291 illud,
891 1216 1073 1294 investigato.
1093 1249 1128 1258 —
1149 1211 1225 1274 Volo
1246 1211 1330 1290 equi-

85 1311 177 1388 dem,
206 1313 230 1372 si
259 1325 335 1374 recte
366 1314 407 1376 ita
436 1315 522 1376 facio.
553 1349 585 1359 -
615 1316 772 1378 Considera
803 1316 901 1396 igitur.
921 1341 957 1350 -
977 1313 1071 1387 Ecce,
1100 1309 1271 1383 considero,
1302 1320 1330 1370 et

84 1411 161 1472 hinc
191 1410 309 1490 quidem
338 1414 480 1492 spectanti
507 1429 666 1478 concentus
695 1428 723 1474 et
742 1413 909 1476 harmoniae
927 1413 1035 1492 magis,
1055 1429 1142 1490 quam
1161 1408 1329 1492 superiora,

85 1509 196 1570 similis
216 1509 342 1570 videtur.
363 1537 399 1547 -
419 1513 483 1588 Quo
503 1515 612 1596 pacto?
633 1544 669 1554 -
688 1505 818 1592 Κόσμος
842 1503 900 1572 nori
928 1533 973 1584 τις
998 1502 1019 1592 ἡ
1040 1499 1220 1590 σωφροσύνη
1244 1501 1309 1564 ἐστὶ
1318 1549 1328 1578 ,

83 1604 138 1668 καὶ
160 1599 277 1687 ἡδονῶν
297 1607 384 1674 τινῶν
403 1608 452 1670 καὶ
474 1608 645 1692 ἕπιθνμιῶν
667 1608 834 1698 ἐγκράτεια,
858 1605 900 1689 ὥς
917 1631 1006 1694 φασι,
1027 1607 1150 1696 κρείττω
1172 1601 1213 1689 δή
1234 1599 1328 1668 αὐτοῦ

83 1703 235 1790 λέγοντες,
269 1709 298 1790 l)
332 1704 384 1770 oria
411 1705 468 1772 οἷδ’
497 1705 595 1778 ὅντινα
625 1710 751 1798 τρόπον,
780 1715 829 1779 καὶ
860 1708 935 1780 ἄλλα
966 1707 1041 1778 ἅττα
1072 1708 1196 1774 τοιαῦτα
1227 1700 1326 1786 ὥσπερ

84 1807 161 1892 ἴχνη
189 1803 279 1896 αὐτῆς
308 1805 433 1892 λέγεται·
455 1818 557 1880 cultus
584 1829 629 1880 eat
652 1822 768 1900 eliquia
796 1825 1001 1898 temperantia
1029 1826 1059 1874 et
1085 1838 1105 1876 u
1124 1813 1328 1892 voluptatibus
1400 1808 1404 1816 ’

84 1914 269 1992 quibusdum
295 1935 331 1975 ac
361 1918 580 1998 cupiditatibus
607 1921 813 1994 abstinentie,
844 1927 880 1976 ut
908 1923 1021 1994 ejurat,
1052 1915 1184 1974 dicenter
1212 1911 1328 1972 scilieet

84 2011 223 2088 aliquem
249 2033 320 2069 eree.
338 2035 369 2071 ee
395 2022 458 2093 ipso
484 2023 687 2092 repertorem,
717 2023 815 2096 nescio
841 2037 898 2094 quo
918 2015 1017 2088 modo,
1039 2021 1130 2090 atque
1148 2011 1213 2069 clia
1232 2015 1325 2067 etiem

84 2111 240 2188 quaedam
250 2154 259 2184 ,
280 2119 426 2194 tanquam
452 2121 501 2173 ret
521 2121 649 2195 vestigia
669 2116 827 2174 dicuntur.
847 2155 883 2168 -
902 2112 1032 2176 Maxime
1052 2108 1193 2178 omnium.
1213 2132 1248 2142 ··
1267 2105 1327 2164 Re·

84 2209 169 2290 spice
187 2208 293 2288 igitur,
314 2231 400 2289 quam
419 2211 504 2274 modo
522 2210 726 2288 condidimus,
747 2213 914 2272 civitatem:
935 2208 1070 2272 invenies
1088 2207 1121 2266 in
1140 2202 1327 2264 illaalterum

85 2327 208 2382 eorum,
241 2305 320 2368 dices
349 2329 410 2368 eam
437 2324 513 2370 recte
534 2311 677 2392 appellari
697 2332 726 2370 se
746 2311 807 2391 ipsa
825 2309 1020 2390 superiorem,
1041 2302 1205 2386 siquidem,
1226 2299 1250 2360 si
1270 2319 1326 2360 me·

85 2405 148 2466 lius
174 2405 207 2464 in
226 2425 258 2463 ca
274 2406 367 2486 pejori
388 2407 528 2488 imperat,
549 2422 711 2490 temperans
734 2406 860 2470 dicenda
880 2421 923 2470 est
948 2419 977 2466 et
1003 2426 1032 2464 se
1053 2405 1114 2487 ipsa
1135 2399 1273 2480 superior.
1296 2425 1328 2434 ·-

85 2503 150 2582 Ego
181 2523 249 2562 vero
276 2504 399 2584 respicio
426 2505 516 2566 illuc:
539 2528 572 2568 ac
600 2527 668 2566 vera
686 2505 823 2588 loqueris.
846 2511 878 2548 ’-
900 2505 1058 2566 Enimvero
1077 2495 1232 2564 vilissimas
1248 2514 1331 2574 quas·

84 2620 144 2678 que
175 2609 203 2658 et
228 2599 340 2659 nullius
369 2623 428 2660 non
454 2605 569 2682 generis
597 2602 788 2684 cupiditates,
810 2602 973 2684 voluptates
993 2599 1162 2679 doloresque
1180 2596 1211 2652 in
1232 2592 1334 2674 puerit

85 2697 155 2776 quis
185 2696 309 2756 maxime
336 2712 363 2757 et
394 2699 567 2758 mulieribus
595 2701 742 2779 servisque
773 2687 916 2781 ieperiet,
947 2713 1009 2757 tum
1036 2696 1121 2754 etiam
1150 2693 1182 2750 in
1212 2710 1333 2762 eorum,

85 2793 138 2872 qui
159 2793 279 2872 ingenui
299 2793 439 2858 dicuntur
449 2843 458 2872 ,
480 2797 636 2860 vilioribus
662 2797 835 2877 quibusque.
856 2794 888 2878 2)
908 2835 943 2848 .-
963 2794 1100 2854 Omnino.
1121 2822 1156 2835 -
1177 2786 1348 2868 Simplices·

86 2911 159 2951 vero
186 2905 213 2949 et
240 2891 420 2968 moderatas,
441 2915 514 2972 quae
543 2895 764 2954 ratiocinatione
791 2895 910 2974 ipsaque
933 2905 1029 2951 mente
1047 2903 1075 2950 et
1094 2903 1171 2948 recta
1191 2886 1333 2966 opinione

85 2988 258 3064 ducuntur,
289 2990 320 3050 in
349 2993 450 3072 paucis
480 3013 578 3056 eorum
607 2995 750 3074 reperies,
780 2993 815 3054 in
842 2991 903 3052 illis
927 2989 1090 3066 duntaxat,
1122 2986 1191 3068 qui,
1223 2987 1332 3068 optime

86 3087 172 3161 nati,
204 3087 309 3168 optime
339 3089 466 3152 instituti
495 3104 573 3152 sunt.
597 3083 728 3152 -Vera
756 3090 827 3152 haec
856 3102 934 3152 sunt.
955 3087 1114 3148 —Nonne
1141 3087 1211 3151 hacc
1242 3087 1284 3144 ita
1300 3105 1333 3146 se

85 3185 196 3246 habere
224 3185 255 3246 iu
285 3187 404 3246 civitate
425 3203 520 3249 nostra
541 3188 642 3266 vides,
663 3188 875 3270 gubernarique
896 3185 978 3268 vulgi
1002 3199 1030 3243 et
1050 3185 1156 3246 vilium
1176 3183 1330 3246 bominum

86 3281 264 3364 cupiditates
294 3284 506 3366 cupiditatibus
536 3307 568 3348 ac
596 3286 755 3368 prudentia
782 3306 952 3368 paucorum*
971 3284 1219 3365 modestorumque
1248 3283 1331 3344 viro-

86 3383 181 3440 ruml
203 3406 239 3416 ·-
259 3381 353 3444 Video
378 3383 523 3464 equidem.
543 3417 579 3426 —
598 3385 630 3444 si
650 3408 707 3464 qua
725 3387 815 3466 igitur
843 3385 947 3448 civitas
976 3385 1123 3464 potentior
1152 3383 1190 3444 sit
1216 3380 1336 3462 cupidi-⁷

87 3479 199 3540 tatibus
217 3501 250 3540 ac
271 3481 490 3562 voluptatibus,
512 3483 630 3564 ipsaque
649 3497 736 3544 semet
758 3483 839 3564 ipsi,
861 3483 932 3546 haec
950 3483 992 3542 ita
1011 3478 1189 3562 appellanda
1207 3482 1274 3540 est?
1294 3511 1335 3524 -

86 3578 227 3638 Omnino.
248 3605 283 3616 ·-
303 3581 407 3640 Nonne
434 3581 504 3642 item
520 3595 638 3664 propter
665 3581 736 3642 baec
757 3581 852 3642 omnia
873 3581 1061 3660 temperans?
1082 3609 1117 3619 -
1137 3578 1282 3640 Maxime„
1302 3605 1334 3615 -ἣ

86 3676 125 3738 Et
155 3697 244 3752 vero,
274 3678 299 3736 si
328 3677 388 3740 ulla
416 3678 449 3740 in
476 3678 535 3740 alia
562 3667 684 3741 civitate
704 3693 762 3742 tam
782 3677 967 3758 regentibus,
987 3697 1074 3756 quam
1094 3676 1130 3736 iis
1149 3674 1199 3754 qui
1221 3695 1330 3755 regun-

118 3961 151 4058 l)
169 3963 281 4062 §ocutus
302 3967 328 4018 in
353 3967 393 4018 his
419 3984 474 4020 sum
497 3967 656 4022 Stallbaumii
674 3967 892 4022 emendationem.
931 3965 1031 4034 Vulgo:
1057 3975 1142 4042 paor.
1160 3951 1282 4038 κρείττω
1295 3949 1331 4014 δὲ

87 4069 183 4107 aaron
206 4049 372 4127 maironem,
395 4043 447 4114 oria
462 4084 497 4094 —

122 4152 151 4216 2)
179 4153 279 4209 Graece
304 4159 413 4229 legitur:
441 4149 473 4212 ἕν
500 4153 570 4212 πᾶσι
599 4147 729 4232 μάλιστα
750 4145 789 4213 o'ir
810 4177 853 4227 τις
881 4145 960 4234 edoce
985 4151 1034 4213 aci
1059 4148 1228 4233 γυναιξὶ-
1253 4157 1330 4218 0¹1⁰d

89 4235 181 4287 durius
207 4236 300 4290 dietum
325 4242 350 4292 in
378 4243 506 4296 foeminas
532 4245 644 4297 videtur.
681 4246 802 4311 Scripsit,
835 4246 860 4294 ni
885 4245 976 4306 fallor,
1008 4245 1097 4306 Plato,
1126 4243 1162 4294 uti
1191 4243 1330 4299 vertimus,

88 4311 121 4373 ἒν
143 4311 226 4373 παισὶ
247 4308 456 4395 poit.-srep0
474 4329 538 4380 hoec
556 4330 591 4381 ita
607 4331 675 4397 apud
694 4329 829 4380 Platonem
842 4328 1002 4396 junguntur,
1021 4330 1058 4382 uti
1071 4345 1131 4380 mox
1152 4324 1211 4378 433.
1230 4327 1260 4380 1).
1281 4312 1330 4380 καὶ

88 4413 122 4475 e’v
143 4413 228 4476 nardi
248 4414 297 4476 καὶ
319 4414 351 4476 ἕν
372 4416 484 4496 γυναικὶ
503 4417 552 4479 καὶ
574 4417 606 4478 ir
628 4412 726 4503 δούλῳ
747 4417 796 4480 καὶ
816 4415 850 4479 ἒν
872 4413 1032 4504 ἐλευθέρῳ.
