2898 5120
688 202 749 268 tre

105 395 164 433 non
192 372 353 452 intelligis,
373 373 472 453 pueris
498 393 551 432 nos
570 373 696 454 primurn
716 372 830 432 fabulas
851 375 992 434 narrare?
1014 372 1070 432 bae
1091 386 1200 450 autem,
1220 390 1251 436 at
1269 378 1334 436 nni-

104 492 183 532 verse
210 470 323 545 dicam,
350 470 439 530 falsae
470 485 557 530 sunt:
589 472 691 532 insunt
719 486 814 532 tamen
845 472 930 530 etiam
960 491 1045 546 vera3
1074 473 1155 553 prius
1184 487 1274 533 autem
1292 477 1334 534 fa·
1367 536 1372 544 ,

104 570 187 644 ΙσιιΙίει
203 567 240 628 ad
260 591 380 650 pueros,
400 590 484 647 quam
505 571 663 649 gymnasiis
685 571 802 629 utimur.
823 568 948 643 -Est,
971 583 1003 628 ut
1034 569 1119 630 dicis.
1140 609 1176 618 -
1196 573 1255 631 Hoc
1274 595 1332 653 ergo

105 669 255 742 volebam,
285 687 351 726 cum
378 667 521 740 dicerem,
542 667 722 728 tractandam
751 667 832 749 prius
852 685 912 726 esse
931 667 1088 743 musicam,
1108 691 1194 748 quam
1213 691 1333 750 gymnas-

104 767 199 826 ticam.
219 793 255 805 ··-
275 768 373 826 Recte.
402 790 438 802 ·-
473 759 588 826 Οὐκοῦν
623 758 705 828 οἶσθ’
739 757 785 826 ὅτι
816 758 901 844 rippa*
930 756 1045 839 παντδς
1073 761 1162 847 ἔργον
1192 763 1332 848 μέγιστον,

102 857 199 938 ἄλλως
220 887 253 924 τε
275 859 409 948 καὶνέῳ
431 865 482 928 καὶ
502 861 609 954 ἁπαλῷ
632 862 745 955 ὁτῳοῦν
752 892 762 942 ;
782 861 915 946 μάλιστα
943 861 1002 950 yde
1027 863 1068 950 dri
1095 863 1161 930 edei
1187 865 1332 934 πλάττεται

102 967 153 1030 καὶ
185 960 319 1028 ἐνδύεται
343 961 449 1044 τύπος,
485 966 519 1032 ὃν
554 963 590 1031 liv
622 993 667 1045 τις
698 963 841 1052 βαύλιίτω
879 963 1109 1052 ἐνσημήνασθαι
1143 967 1268 1058 ἑκάστῳ·
1297 997 1332 1033 on

104 1079 217 1145 nescir,
247 1077 280 1127 in
307 1093 488 1151 unaquoque
507 1095 542 1132 re
559 1081 750 1151 principium
768 1081 902 1132 omnium
922 1065 983 1133 esee
1001 1083 1188 1151 monimum,
1202 1097 1332 1155 prorue*

79 1191 82 1200 ¹
105 1179 162 1230 tim
175 1178 289 1247 juveni
316 1180 347 1229 et
367 1181 469 1232 tenere
487 1173 620 1251 cuique?
647 1181 778 1232 maxime
796 1180 876 1230 euim
896 1181 963 1230 tum
972 1173 1118 1252 fingitur
1144 1177 1332 1252 induiturque

95 1273 205 1346 formo
216 1316 224 1345 ,
252 1291 343 1348 quum
368 1278 437 1348 quie
460 1278 626 1349 uniruique
642 1279 818 1348 imprimere
838 1271 919 1330 uelit.
940 1305 977 1316 -
995 1271 1134 1331 Omnino.
1155 1311 1190 1322 -
1211 1272 1331 1332 Facilene

106 1369 194 1447 igitur
224 1369 371 1443 sinemus,
400 1368 546 1447 quaslibet
574 1368 689 1430 fabulas
714 1367 979 1446 aquibuscuuque
1001 1368 1083 1428 fictas
1100 1369 1204 1430 audire
1222 1389 1330 1450 pueros,

105 1468 267 1547 animisque
295 1467 436 1526 imbibere
465 1468 617 1548 opiniones
645 1481 677 1528 nt
705 1467 866 1549 plurimum
894 1467 1052 1526 contrarias
1070 1467 1149 1544 illis,
1172 1489 1257 1547 quas,
1275 1487 1330 1526 eum

41 1639 44 1644 Ι
104 1565 306 1640 adoleverint,
333 1565 440 1626 babere
469 1566 535 1625 illos
563 1565 669 1625 debere
697 1565 919 1623 existimamus?
940 1601 976 1612 -
994 1564 1085 1624 Nullo
1103 1565 1136 1626 id
1164 1565 1247 1626 modo
1265 1566 1330 1624 sine-

106 1683 179 1723 mus.
198 1691 234 1702 ··-
252 1664 380 1724 Primum
408 1665 516 1744 igitur,
549 1677 580 1723 ut
610 1663 748 1738 videtur,
769 1660 936 1721 fabularum
959 1662 1125 1722 auctoribus
1146 1662 1329 1746 imperandum

105 1773 167 1836 est,
198 1775 246 1835 et,
274 1762 298 1820 si
326 1782 412 1840 quatu
441 1761 571 1822 fabulam
598 1761 705 1821 bonam
721 1761 879 1834 iecerint,
910 1758 1150 1838 adsciscendum,
1182 1762 1226 1822 sin
1246 1775 1329 1820 eontra

106 1859 232 1932 malam,
261 1859 455 1938 rejiciendum
478 1874 538 1920 est:
570 1859 759 1932 tumetium,
789 1878 859 1936 quas
884 1855 1111 1934 amalwinus,
1143 1881 1195 1940 per
1218 1859 1328 1918 nutrices

107 1970 136 2016 et
153 1943 258 2017 matres
274 1959 372 2038 pueris
390 1958 550 2018 narrandas
565 1957 749 2031 curabimus,
769 1953 819 2016 καὶ
833 1946 969 2014 πλάττειν
983 1949 1037 2029 τὰς
1051 1951 1156 2037 ψυχας
1177 1951 1331 2027 adedere(

40 2064 41 2072 ’
106 2047 221 2133 uuidere
243 2049 319 2116 nolti
340 2050 495 2138 utiliori)
513 2050 552 2116 τα
575 2048 702 2134 σώματα
725 2059 791 2131 ταῖς
814 2052 926 2138 χερσίν
945 2066 983 2114 ut
1001 2065 1136 2135 ipsorum
1158 2067 1271 2118 animae
1283 2061 1327 2134 sa·

104 2161 186 2218 bulis
213 2161 308 2238 multo
335 2167 434 2241 magis
460 2163 645 2236 informent,
665 2181 755 2237 quom
781 2179 906 2236 corpora
925 2158 1094 2217 monibus.»
1118 2156 1148 2238 1)
1189 2158 1241 2216 His
1259 2155 1329 2214 dictis

107 2257 223 2336 longam
243 2257 381 2338 deinceps
402 2258 532 2317 Socrates
551 2257 588 2317 de
611 2256 719 2316 sabulis
737 2279 803 2317 eum
824 2254 996 2329 Hesiodeis,
1027 2269 1088 2314 tum
1107 2255 1263 2316 Homericis
1279 2253 1330 2312 dis-

104 2356 295 2432 quisitionem
326 2355 469 2433 subjecit,
500 2354 567 2414 illas
596 2355 731 2433 rejiciens
756 2357 898 2429 maxime,
920 2373 992 2430 quae
1012 2354 1141 2413 moribus
1161 2353 1285 2431 unisque
1299 2349 1329 2419 de

105 2452 213 2512 divina
241 2467 345 2512 natura
375 2453 565 2534 opinionibus
591 2465 731 2511 noceant:
763 2452 888 2532 denique
914 2442 1026 2524 τύπους
1052 2451 1183 2536 indicat,
1213 2451 1248 2510 ad
1272 2467 1330 2527 quos

108 2556 258 2631 poetarum
286 2552 400 2632 exigere
428 2551 557 2610 carmina
578 2550 681 2629 jubet,
704 2565 753 2626 ut,
775 2571 848 2629 quae
876 2553 1059 2612 conveniunt
1088 2551 1170 2626 illis,
1191 2550 1331 2610 admittan-

108 2663 176 2723 tur,
206 2669 281 2728 quae
306 2669 367 2710 non
396 2650 597 2724 conveniunt,
628 2647 830 2728 repudientur.
872 2650 944 2708 Tam
962 2649 1020 2709 late
1040 2650 1147 2709 iccirco
1166 2638 1284 2719 musica,
1301 2643 1331 2702 de

106 2749 253 2808 sententia
271 2747 400 2808 Platonis
410 2793 418 2824 ,
439 2769 491 2830 per
506 2761 595 2807 totam
614 2746 762 2807 civitatem
780 2760 867 2826 patet.

150 2939 209 3002 De
235 2945 1027 3022 ploeitoPlutonie,mutotomueieoe
1047 2950 1301 3019 rutione‚,e'p·

287 3065 372 3102 eom
397 3047 636 3102 mutarier
665 3047 916 3098 commouere·
943 3047 1183 3100 civitatem.

153 3239 212 3296 Nec
239 3255 308 3298 vero
337 3258 418 3297 nune
442 3234 673 3296 dubitaverimus
692 3253 883 3316 magnopere,
903 3234 977 3313 quid
995 3236 1076 3296 Plato
1097 3234 1242 3308 voluerit,
1261 3251 1338 3312 quun

110 3348 240 3409 tantam,
272 3349 410 3414 quantam
440 3335 588 3407 diximus,
619 3334 743 3392 musicae
771 3334 804 3392 in
831 3335 980 3393 civitatem
1009 3335 1068 3396 vim
1097 3347 1126 3392 et
1153 3331 1341 3392 efficacitatem

112 3433 264 3494 tribueret.
306 3435 446 3515 Respexit
474 3431 590 3494 fabulas
617 3451 711 3490 sacras
737 3443 765 3488 et
790 3429 961 3511 populares,
992 3432 1099 3512 quibus
1127 3432 1169 3492 sie
1199 3449 1342 3511 puerorum

113 3533 224 3607 animi,
256 3546 288 3592 ut
314 3532 448 3593 manibus
476 3557 573 3598 eorum
601 3557 735 3617 corpora,
766 3528 959 3617 fingebantur.
1010 3529 1201 3608 Tragoediam
1227 3526 1343 3607 respexit

114 3645 144 3691 et
167 3631 360 3707 comoediam,
390 3635 500 3695 musica
520 3635 703 3717 spectacula,
726 3633 777 3692 sed
801 3655 899 3712 quae,
913 3645 947 3692 ut
963 3623 1042 3710 ipsae
1060 3625 1198 3718 fabulae,
1218 3623 1256 3684 ad
1274 3643 1344 3682 sacra

116 3729 316 3788 referebantur
343 3733 496 3811 proxime,
527 3753 617 3812 eoque
643 3731 733 3810 magis
762 3731 955 3810 spectantium
974 3727 1084 3785 animos
1102 3722 1276 3797 movebant,
1295 3741 1345 3798 quo

118 3826 235 3908 plenius
253 3847 345 3887 mores
364 3833 460 3891 varios
475 3830 618 3892 imitando
634 3828 845 3909 exprimebant.
867 3826 924 3887 Sed
941 3837 1088 3908 praeterea
1107 3835 1135 3880 et
1153 3841 1221 3882 vero
1237 3819 1346 3900 potissi·-

119 3945 197 3983 mum
217 3925 309 4005 ipsius
327 3926 387 3987 vim
413 3931 538 3990 musicae
557 3928 704 4008 respexit,
725 3947 798 4006 quae
819 3947 877 3984 nna
896 3925 1003 3984 artium
1022 3920 1152 3979 ninnium
1173 3919 1296 3976 maxime
1312 3915 1346 3974 ad

117 4017 317 4102 εὐαρμοστίαν
342 4026 488 4103 quandam
518 4043 548 4088 et
567 4021 736 4107 αἷραθμίαν
757 4023 905 4084 hominem
928 4019 1095 4102 componit,
1116 4017 1290 4093 caeterisque
1307 4035 1346 4072 ar·

120 4126 216 4200 tibus,
238 4138 271 4185 ut
298 4124 376 4185 idem
403 4123 548 4204 efficiant,
570 4127 664 4192 ueluti
684 4123 850 4204 exemplum
872 4120 1000 4202 praebet.
1043 4114 1207 4191 Praeclarus
1226 4112 1349 4172 Platonis

159 4411 185 4476 1)
204 4413 241 4464 ue
258 4405 319 4480 aa.
338 4411 369 4464 11.
388 4409 440 4464 are
457 4409 489 4461 n.
507 4438 542 4451 -
558 4409 608 4476 arr
629 4409 658 4462 c.
