2950 5134
677 266 702 364 3.

86 427 154 502 barn,
170 419 491 507 Wyttenbachinm.
513 424 600 484 Hunc
610 426 699 505 igitur
709 439 741 485 ut
749 426 811 486 adii
819 425 951 506 (vespera
959 441 1031 486 erat:
1048 442 1159 509 tempus
1169 441 1196 486 et
1206 427 1299 488 locum

87 541 200 622 memini)
208 561 343 621 quaerere
357 540 409 600 ille
427 541 565 600 continuo
580 539 616 599 de
635 540 740 600 studiis
757 541 828 600 meis
843 555 871 599 et
885 541 1097 621 progressibus:
1120 537 1170 623 eg'o
1190 542 1226 602 de
1245 543 1299 602 No·

88 656 165 716 delho
177 673 290 716 narrare
305 655 384 716 etde
399 655 586 736 scriptoribus
602 677 617 714 a
632 675 676 714 me
691 641 835 740 tractatis,
856 655 979 714 maxime
993 657 1103 736 poetis:
1123 657 1174 716 ille
1193 657 1310 716 librum-

90 771 151 830 mihi
167 773 196 830 in
214 792 315 830 manus
339 770 407 830 dare
426 770 484 849 qui·
503 783 615 850 praesto
639 783 699 829 erat
709 816 718 843 ‚
740 783 767 828 ct
784 770 879 829 locum
904 785 1059 830 monstrare
1077 793 1162 851 quern
1180 771 1302 852 legerem
1387 763 1392 770 ¹

93 899 116 944 et
131 886 336 967 interpretarer:
359 898 440 944 erant
458 884 550 966 ipsius
570 883 687 944 Seleeto
701 885 924 945 Historicorum
941 885 1025 945 modo
1041 885 1135 960 edita,
1156 886 1235 946 locus
1253 909 1301 946 au·

93 1014 141 1058 tem
156 999 330 1080 Thucydidis
356 1000 393 1060 de
420 1013 498 1082 peste
525 997 721 1059 Athenarum:
743 1021 794 1080 ego
822 998 977 1059 subtimide
1005 999 1116 1080 legere,
1137 1022 1189 1060 nec
1210 999 1301 1082 probe

95 1115 263 1196 interpretari.
294 1116 370 1174 Tum
380 1160 389 1190 ,
414 1115 510 1174 nescio
529 1135 585 1194 qna
605 1115 837 1195 opportunitate,
858 1114 909 1174 sed
928 1113 1025 1206 fiebat!
1040 1114 1168 1175 Platonis
1185 1117 1301 1176 mentio.

96 1229 144 1288 ch
161 1229 222 1304 ille,
242 1244 291 1305 tu,
312 1230 426 1310 inquit,
447 1228 595 1290 Platonem
623 1229 741 1309 legisti?
762 1230 828 1288 Non
846 1229 921 1308 legi,
941 1229 1077 1307 inquam,
1098 1229 1149 1289 sed
1166 1230 1302 1290 inchoavi

100 1345 240 1425 Apologiam
259 1360 287 1406 et
305 1344 503 1406 Phaedonem:
525 1364 658 1424 cuperem
678 1357 772 1404 autem
791 1342 883 1423 legere
896 1357 925 1403 et
939 1342 1120 1423 intelligere,
1141 1358 1169 1403 et
1186 1343 1239 1403 hac
1251 1365 1303 1424 spe

100 1459 314 1520 hmstelodamum
342 1460 429 1534 veni,
455 1473 487 1518 ut
514 1459 572 1516 tuis
600 1471 693 1517 uterer
721 1457 913 1532 lectionibus,
934 1472 981 1532 et,
1002 1459 1027 1516 si
1050 1458 1166 1532 liceret,
1188 1458 1303 1517 monitis

103 1574 157 1632 item
170 1577 219 1634 tuis
236 1597 267 1634 ac
285 1573 473 1634 sermonibus.
502 1572 636 1632 Placebat
649 1593 815 1654 responsum
832 1573 895 1634 viro
914 1593 1038 1631 summo:
1059 1587 1135 1632 certe
1154 1573 1298 1653 extemplo

103 1691 185 1748 mutari
201 1689 352 1752 ridebatur
370 1702 454 1749 totus.
485 1688 557 1747 Nam
576 1686 775 1768 explicabatur
792 1689 873 1748 frons
889 1700 1035 1760 eontracta
1045 1732 1055 1762 ‚
1075 1688 1173 1748 aberat
1192 1687 1303 1747 severi-

105 1815 137 1861 tas
148 1804 191 1864 illa
206 1806 236 1865 in
252 1806 375 1864 tironem
393 1803 502 1862 scilieet
520 1816 649 1882 suscepta
665 1801 739 1881 male
757 1802 897 1882 legentem
914 1815 942 1860 et
959 1800 1033 1860 male
1052 1803 1301 1883 interpretantem:

110 1916 181 1978 aderat
196 1920 225 1979 in
248 1918 333 1979 vultu
351 1919 423 1976 mira
441 1918 559 1976 comitas
575 1930 603 1976 et
621 1916 835 1977 benivolentiae
853 1915 1034 1996 significatio.
1069 1917 1182 1992 Macte,
1203 1916 1301 1990 sodeS,

112 2029 195 2110 inurit,
214 2036 402 2120 virtutetua:
425 2053 492 2091 nam
516 2029 553 2090 de
576 2051 608 2090 eo
632 2052 691 2091 non
716 2030 944 2112 desperandum,
966 2031 1013 2089 cui
1039 2031 1125 2090 semel
1143 2031 1223 2110 Plato
1243 2031 1302 2112 pla<

109 2150 260 2230 corrumpit,
276 2162 308 2208 nt
323 2148 359 2207 de
375 2147 517 2208 Cicerone
525 2146 566 2205 ait
580 2145 789 2220 Quintilianus.
811 2147 922 2207 Nostin'
939 2145 990 2206 hos
1000 2147 1150 2205 auctores?
1170 2147 1243 2204 Tum
1253 2146 1304 2205 ille

110 2262 216 2322 continuo
234 2265 335 2324 vinnm
355 2261 497 2342 postulare
519 2274 547 2319 et
565 2260 686 2340 pocula:
708 2283 759 2320 nos
779 2275 873 2321 autem
890 2281 1003 2320 mensae
1023 2261 1165 2335 assidere,
1183 2274 1211 2320 et
1228 2262 1305 2328 inter

111 2371 221 2436 Socratica
237 2377 360 2458 pocula,
381 2357 580 2449 sicvocabat,
602 2374 785 2434 confabulari
800 2374 1021 2453 jucundissime.

139 2490 234 2564 Quoties
250 2513 320 2574 ego,
340 2490 523 2552 dilectissime
543 2491 679 2550 Creuzere
689 2535 697 2564 ,
716 2490 748 2548 in
769 2490 902 2572 vesperae
921 2489 1002 2550 illius
1020 2490 1184 2550 memoriam
1201 2489 1305 2564 redeo,

108 2603 175 2664 redeo
188 2622 275 2668 autem
303 2606 483 2686 saepissime,
503 2605 585 2664 toties
610 2603 735 2664 admiror
763 2604 913 2684 ingenium
941 2605 998 2666 viri
1016 2605 1103 2686 plane
1121 2603 1304 2664 Socraticum.

108 2716 228 2782 Sermones
245 2736 327 2782 erant
346 2721 381 2780 de
399 2719 582 2794 Quintiliano
601 2734 628 2779 et
647 2720 783 2780 Cicerone
799 2719 924 2799 primum
933 2764 942 2794 ,
962 2739 1029 2778 mox
1046 2718 1082 2780 de
1101 2719 1217 2778 Platone
1229 2719 1306 2799 ,apti

108 2831 143 2892 illi
157 2837 263 2896 mirifice
282 2836 320 2896 ad
337 2833 550 2917 proliciendum
559 2878 568 2907 ,
589 2835 613 2892 si
632 2833 705 2914 quid
723 2835 813 2893 menti
832 2854 909 2892 meae
930 2835 1049 2894 inesset:
1076 2833 1154 2913 quod
1173 2832 1305 2894 intellexi

106 2963 191 3028 postea.
222 2954 295 3012 Tum
313 2951 390 3010 enim
407 2933 573 3029 suspicabar·
590 2947 686 3008 nihil:
713 2948 780 3008 satis
798 2947 957 3023 habebam,
987 2949 1011 3007 si
1031 2949 1191 3008 satisfacere
1209 2969 1305 3026 quaes·

106 3062 212 3126 tionibus
227 3087 346 3148 possem.
385 3065 443 3124 Nec
462 3083 530 3125 vero
548 3062 601 3122 hoc
619 3063 743 3123 multum
759 3063 884 3136 habebat
901 3061 1090 3122 difficultatis.
1125 3063 1184 3121 Imo
1203 3064 1306 3122 mirum

105 3177 131 3236 in
146 3180 249 3242 modum
267 3179 391 3261 (fatebor
408 3177 498 3258 enim)
514 3178 586 3238 mihi
606 3179 666 3259 ipse
684 3178 850 3259 placebam,
870 3178 921 3257 qni
939 3191 1019 3238 tauto
1037 3199 1102 3236 oum
1129 3178 1191 3238 viro
1216 3177 1308 3237 collo-

104 3313 188 3370 querer
200 3295 295 3356 eadem
313 3294 469 3368 facilitate,
490 3295 595 3370 majore
614 3294 718 3366 etiam,
739 3314 823 3371 quam
838 3313 903 3350 cum
922 3292 1088 3372 aequalibus
1108 3291 1214 3352 multis.
1237 3294 1308 3352 Nam

103 3429 161 3486 quae
177 3411 269 3471 animo
289 3429 430 3469 senseram
449 3407 485 3468 de
505 3408 646 3480 Homero,
667 3406 703 3467 de
718 3405 929 3488 Xenophonte,
949 3408 982 3466 in
1000 3408 1100 3487 primis
1119 3407 1156 3467 de
1175 3408 1307 3482 Platone,

106 3521 205 3584 obscura
232 3525 326 3586 adhuc
350 3538 378 3584 et
395 3523 531 3596 confusa,
552 3542 631 3581 nnuc
655 3522 732 3581 clara
750 3535 831 3589 erant
851 3535 879 3580 et
905 3521 1080 3582 videbantur
1097 3523 1168 3581 mihi
1188 3524 1307 3604 egregia.

101 3639 206 3699 Discessi
223 3640 339 3701 tandem
358 3661 374 3698 a
392 3639 453 3699 viro
472 3637 578 3719 optimo
594 3636 793 3717 triumphans,
810 3649 838 3695 et
856 3637 952 3696 nescio
968 3636 1039 3714 quid
1057 3637 1152 3716 magni
1170 3651 1197 3695 et
1216 3637 1307 3696 excel·

100 3755 122 3812 si
135 3757 222 3816 animo
243 3755 361 3815 volvens
387 3766 415 3812 et
432 3759 480 3834 spe
499 3751 686 3832 praecipiens.
715 3748 772 3809 Sed
791 3749 907 3810 domum
926 3749 1018 3809 reduit
1038 3763 1066 3809 et
1085 3751 1181 3811 animo
1200 3772 1308 3835 reprae-

98 3884 219 3946 sentans,
239 3890 311 3948 quae
337 3867 482 3940 videram,
505 3887 577 3945 quae
603 3865 787 3939 audiveram,
812 3886 886 3944 quae
911 3864 1039 3924 dixeram
1063 3867 1177 3941 omnia,
1195 3881 1309 3949 stupore
1408 3899 1411 3904 >

94 3985 225 4067 paulatim
243 3984 355 4044 delirus
373 4003 444 4042 sum.
483 3980 570 4041 Dolor
589 3980 722 4040 successit
748 3980 904 4042 exsultanti
923 3979 1036 4059 gaudio.
1076 3982 1146 4042 Nam
1164 3985 1309 4064 cogitans,

93 4099 181 4182 qualis
195 4112 373 4179 quantusque
388 4096 439 4157 ille
455 4109 544 4170 esset,
564 4115 647 4174 quern
662 4093 847 4175 adspexeram
860 4109 887 4154 et
900 4093 1046 4176 adspicere
1061 4097 1224 4157 etiamnunc
1239 4099 1308 4157 mihi

96 4215 228 4288 videbar,
252 4227 280 4273 et
297 4234 341 4273 me
358 4211 530 4292 respiciens,
550 4209 600 4287 qui
619 4209 670 4270 vix
686 4210 843 4288 quidquam
860 4210 979 4284 scirem,
999 4211 1032 4270 in
1051 4210 1171 4289 legendo
1191 4211 1260 4271 adeo
1283 4227 1311 4270 et

92 4329 305 4412 interpretando
323 4327 489 4387 haesissem:
511 4324 580 4384 haec
604 4325 698 4383 animo
718 4324 855 4399 volvens,
875 4344 990 4406 prorsus
1007 4325 1190 4406 mihimetipsi
1209 4320 1309 4408 disptiss

89 4449 196 4512 ocham.
228 4443 284 4504 Sed
301 4443 382 4504 dolor
400 4441 470 4514 ille,
491 4440 620 4519 quamvis
639 4441 732 4516 gravis
747 4439 799 4499 illa
818 4454 901 4500 nocte
921 4453 948 4498 et
966 4439 1112 4512 molestus,
1134 4439 1209 4498 idem
1229 4440 1309 4500 dein·

1028 4555 1059 4608 l*
