2872 5122
625 277 664 339 79

56 447 151 519 nullis,
171 444 295 505 Platonis
315 456 342 504 et
360 441 514 502 Democriti
532 441 723 516 locutionem,
741 440 794 500 etsi
813 440 889 500 absit
906 461 923 499 a
943 461 1045 518 versu,
1066 458 1177 521 tamen,
1192 446 1269 526 quod

55 545 188 604 incitatius
206 543 314 602 feratur
332 540 542 601 et¹clarissimis
559 538 713 600 verborum
727 537 889 598 luminibus
909 552 1005 599 utatur
1015 587 1023 616 ,
1051 545 1148 624 potius
1170 550 1270 626 poema

54 642 201 723 putandum
211 687 220 717 ‚
239 661 323 720 quam
341 640 510 700 comicorum
528 643 715 719 poetarum.»
740 639 889 698 Caeterum
909 637 1009 713 Plato,
1027 641 1107 720 quod
1124 643 1271 724 principio

54 741 221 814 monuimus,
241 761 256 797 a
276 739 352 819 possi
371 736 408 797 ad
426 736 639 818 philosophiam
658 755 821 817 progressus
838 749 898 810 est,
920 750 948 796 et
966 757 998 795 ca
1022 739 1142 800 vivebat
1161 755 1269 815 aetate,

54 861 100 918 qua
116 839 215 918 ligatae
234 836 367 895 orationis
393 848 420 894 et
441 833 549 894 solutae
569 833 744 909 discrimen,
765 829 843 912 quod
863 834 901 894 ad
921 835 1121 917 philosophiae
1141 839 1270 899 studium

54 937 164 1012 attinet,
195 933 308 994 idoneis
333 931 461 992 nondum
489 930 600 1012 legibus
619 945 679 992 erat
699 931 862 992 definitum.
893 934 957 1008 Quo
976 936 1072 994 minus
1092 935 1176 996 nobis
1195 958 1270 996 com·

55 1033 215 1094 mittendum
242 1044 301 1108 est,
322 1045 352 1090 ut
379 1032 481 1112 sctipta
507 1029 565 1091 viti
594 1043 623 1089 et
646 1029 754 1111 placita
775 1029 813 1090 ad
832 1033 997 1111 posterioris
1016 1046 1044 1092 ct
1062 1046 1175 1100 nostrae
1197 1034 1269 1095 adeo

54 1134 142 1192 aetatis
163 1130 359 1191 conditionem
390 1130 542 1210 exigamus.
581 1129 708 1188 Tantum
736 1141 830 1187 autem
859 1128 957 1205 abest,
986 1144 1017 1190 ut
1045 1130 1115 1191 haec
1144 1133 1205 1208 eius
1233 1132 1270 1193 de

55 1251 135 1289 amore
167 1228 246 1287 dicta
278 1228 352 1288 levia
385 1226 511 1309 putanda
548 1227 607 1286 sint
633 1247 666 1285 ac
692 1213 866 1307 philosopho
893 1227 1033 1308 indigna,
1064 1243 1096 1288 ut
1123 1231 1269 1290 interioris

54 1329 210 1388 contineant
228 1326 376 1386 doctuinae
395 1324 556 1385 Platonicae
573 1325 728 1406 principia.
749 1323 835 1399 Quod
856 1325 941 1385 nobis
959 1339 1019 1385 tum
1039 1327 1163 1387 maxime
1180 1330 1272 1388 mani·

55 1427 146 1484 festum
171 1426 244 1498 erit,
270 1444 358 1504 quum
387 1444 418 1484 co
448 1423 680 1505 pervenerimus,
710 1444 768 1502 quo
796 1424 889 1482 omnis
909 1423 987 1504 apud
1010 1423 1158 1484 Platonem
1177 1425 1273 1486 tendit

55 1522 226 1604 philosophia
253 1523 368 1605 pulcri,
393 1519 430 1582 ad
455 1528 551 1600 ipatus
575 1522 683 1599 pulcri
710 1529 879 1580 scientium.
927 1520 984 1581 Sed
1001 1542 1068 1601 jquo
1096 1521 1212 1581 facilius
1239 1543 1272 1583 co

57 1622 267 1701 perveniamus,
295 1619 331 1680 de
349 1619 456 1682 artibus
470 1621 530 1698 jam
546 1640 631 1700 porro
650 1619 793 1700 agendum
811 1619 960 1701 est,'quae
980 1620 1018 1680 ad
1037 1621 1131 1703 pulcri
1150 1641 1273 1690 amorem

57 1719 176 1795 ducunt,
196 1719 395 1798 hominemque
414 1732 596 1800 praeparant,
619 1731 650 1777 ut
669 1717 764 1799 ipsum
783 1715 941 1797 aliquando
961 1719 1095 1801 pulcrum
1114 1732 1272 1800 cognoscat.
