2832 5120
613 297 668 354 179

64 460 129 516 ierit:
155 459 215 518 eive
243 459 290 516 cui
317 477 450 536 germana
475 456 624 532 videatur,
646 459 706 516 sire
723 459 922 538 supposititia,
949 459 981 517 id
1008 481 1095 520 nemo
1123 462 1255 537 dubitat,
1310 523 1313 530 ,

61 557 112 634 quin
132 556 307 634 Platonicum
330 555 417 635 plane
443 557 538 617 virum
560 569 704 616 auctorem
731 556 853 615 habeat:
882 559 932 636 qni
955 559 1032 617 unde
1062 560 1093 619 id
1120 561 1255 636 duxerit,

60 655 112 732 quid
135 677 164 714 eo
191 654 334 727 voluerit,
364 653 449 712 nobis
477 668 518 712 est
544 653 749 732 quaerendum.
801 655 950 736 Expressit
973 671 1066 715 autem
1092 679 1207 738 prorsus
1230 674 1257 719 et

59 752 155 812 Soeratb
172 767 198 811 et
216 753 346 810 Platonis
362 753 541 811 sententiam.
574 751 691 812 Scilicet
710 755 839 811 accidere
858 753 1043 833 intelligebat
1061 755 1141 821 Plato
1159 757 1236 817 illud
1247 805 1256 835 ,

57 851 114 929 quod
138 851 319 932 philosophi„
348 851 426 930 qnod
456 850 581 910 rhetores
592 896 600 924 ‚
631 850 709 929 quod
735 841 1088 932 sophistae'tac'titabant:
1117 855 1256 916 librorum

57 949 214 1028 intelligebat
233 950 435 1029 scriptionem,
456 949 562 1027 quibus
578 949 625 1007 illi
645 949 815 1029 sapientiam
836 950 945 1008 scilicet
964 973 1043 1009 suam
1060 953 1210 1012 includere
1230 969 1256 1013 et

56 1048 181 1106 continere
199 1047 376 1106 nitebantur
418 1046 454 1105 Id
472 1067 501 1104 se
520 1046 656 1126 perficere
675 1068 736 1106 nou
749 1048 887 1166 potuisse
916 1049 1036 1108 fatetur:
1059 1051 1083 1110 ei
1100 1052 1254 1130 potuisset,

55 1142 76 1203 tl
90 1139 188 1205 τούτου
208 1137 337 1218 κάλλιον,
361 1149 401 1204 ait
407 1138 592 1225 ,balneant
612 1139 649 1206 ἄν
668 1139 741 1226 ἡμῖν
763 1144 858 1205 ἐντῶ
878 1141 978 1231 ilr‘qr*
955 1172 975 1228 γ
998 1151 1059 1220 τοῖς
1080 1171 1112 1208 τε
1133 1144 1258 1232 ανθρώ-

16 1265 114 1308 notor
132 1244 211 1330 μέγα
229 1243 335 1332 ὄφελος
355 1241 470 1328 γράψαι
492 1245 540 1306 καὶ
561 1242 616 1326 τήν
637 1242 726 1328 φύσιν
745 1248 786 1322 εἷς
802 1251 868 1327 φῶς
885 1250 955 1310 πᾶσι
975 1253 1164 1330 προαγαγεῖν;
1187 1242 1266 1330 quid'

16 1351 92 1408 λα
116 1355 196 1412 nobie
224 1363 257 1410 in
283 1360 348 1409 cito
370 1351 564 1427 praeclarius
587 1361 688 1408 actum
709 1363 801 1426 creet,
832 1363 924 1430 quum
941 1363 970 1410 et
988 1350 1161 1413 dominibus
1179 1373 1257 1410 sere-

55 1451 126 1508 lende
152 1472 294 1532 magnum
324 1451 492 1508 utilitatem
517 1459 676 1563 proestare
706 1460 735 1508 et
764 1461 910 1508 naturam
938 1455 1072 1509 omnibns
1100 1459 1131 1508 in
1163 1452 1258 1507 lucem

16 1575 18 1648 γ
53 1549 221 1664 presence?
219 1548 301 1608 lllud
325 1543 477 1606 scilieet
459 1540 550 1628 ρητὸν
570 1541 748 1627 αλδαμῶς
732 1548 817 1609 εστὶν
834 1543 874 1623 nic
895 1543 969 1610 ἄλλα
989 1543 1175 1630 μαθήματα·
1198 1540 1259 1609 ἀλλ’

16 1659 18 1686 ³
55 1643 76 1704 ἐκ
102 1647 207 1726 πολλῆς
238 1644 391 1720 συνονσνας
416 1642 586 1765 γιγνομένης
611 1650 678 1728 περὶ
704 1647 739 1715 eci
765 1642 906 1735 πρᾶγμα
915 1633 986 1712 αὐτὸ
1010 1651 1058 1712 καλ
1084 1653 1139 1712 τοῦ
1166 1645 1260 1768 ρνζῇν

17 1759 64 1812 it
55 1745 189 1831 ἔξαίφνης,
213 1740 274 1810 οἷον
295 1743 352 1809 int
374 1743 467 1830 πυρός
488 1745 676 1832 ανγελήσαντός
698 1750 831 1834 ἐξαφθὲν
847 1754 932 1840 φῶς,
955 1753 986 1814 ἓν
1007 1755 1047 1840 τνγ
1067 1753 1158 1839 ψυγῇ
1177 1746 1259 1833 γενό-
1289 1827 1291 1834 J

16 1855 18 1880 ³
54 1875 124 1928 pavor
148 1846 220 1912 oiri
245 1845 332 1912 icero*
360 1843 418 1932 r’q‘dq
445 1847 555 1932 τρέφει·
581 1879 639 1914 non
665 1867 709 1914 est
732 1859 812 1914 illud
833 1859 894 1914 ullo
919 1867 1006 1933 pecto
1033 1861 1130 1914 verbis
1155 1841 1269 1932 ccpri?

17 1953 18 2006 j
54 1957 176 2012 erendum
186 2001 194 2029 ,
217 1966 253 2012 ut
271 1957 351 2012 oliae
374 1957 571 2031 disciplinae,
593 1957 643 2013 aed
661 1957 810 2012 diuturno
830 1963 913 2012 circa
933 1957 966 2012 id
983 1963 1082 2032 iprum
1101 1963 1260 2012 consuetu—

16 1421 18 1572 l

16 2053 18 2114 ἶ
54 2054 109 2111 linc
135 2049 271 2130 citaeque
301 2061 526 2129 conjunctione,
559 2057 653 2112 cubito
683 2055 804 2130 tandein
812 2099 821 2126 ,
852 2061 940 2131 quasi
966 2056 1001 2111 ab
1029 2061 1101 2133 igne
1130 2060 1259 2110 micante

16 2157 18 2182 ³
54 2171 193 2210 occentum
213 2154 328 2226 lumen,
349 2159 383 2208 in
402 2160 502 2210 enimc
524 2161 663 2210 exoritur
680 2174 765 2229 ecque
785 2159 882 2228 iprum
902 2153 969 2211 alit.
994 2150 1023 2231 1)
1064 2151 1172 2210 Divina
1192 2172 1260 2208 sen-

16 2255 17 2258 ’
54 2251 147 2324 tentia,
173 2250 335 2310 Socraticae
355 2271 479 2330 congrua
494 2249 719 2332 philosophiae,
750 2264 794 2323 et,
824 2234 904 2328 siqua
925 2252 999 2325 alia,
1021 2250 1114 2330 digna¹
1132 2250 1259 2307 Platone.

55 2347 114 2406 Nam
131 2347 202 2406 haec
223 2349 339 2428 proprie
357 2348 509 2407 dialectica
530 2362 589 2422 est,
621 2361 652 2406 ut
672 2361 699 2406 et
719 2369 748 2406 re
770 2362 797 2406 et
817 2349 933 2407 nomine
954 2332 1146 2428 intelligitur,
1177 2367 1262 2424 quam

56 2445 180 2508 adhibere
208 2445 428 2506 Atheniensium
448 2447 597 2524 juventuti
627 2445 774 2520 Socrates,
805 2461 832 2504 et
860 2446 941 2504 Plato
971 2446 1110 2526 Dionysio
1141 2444 1261 2503 studuit.

18 2527 19 2535 λ
54 2543 100 2600 Nec
123 2543 208 2603 habet
235 2545 446 2603 commentariis
470 2565 540 2624 opus
560 2544 630 2603 haec
650 2565 711 2605 una
728 2545 874 2602 verissima
895 2544 1071 2624 disciplina,
1094 2563 1165 2622 quae
1184 2563 1263 2600 com-

54 2642 176 2700 munibus
202 2641 333 2722 procedit
362 2642 557 2715 sermonibus,
588 2641 821 2720 scintillasque
814 2664 845 2699 rn
875 2643 969 2700 animo
997 2642 1122 2700 suscitat.
1166 2633 1263 2699 Oiiiv

54 2731 101 2819 peip
122 2723 238 2813 dccccv,
249 2733 295 2820 μή
316 2763 360 2813 τις
381 2761 452 2804 ueto
478 2732 671 2820 ἐπιλάθηται,
694 2734 746 2800 dein
765 2733 843 2810 ἅπαξ
863 2739 903 2824 τῆ
918 2739 1008 2824 ψνγῆ
1021 2735 1177 2838 περιλάβῃ·
1188 2735 1264 2801 πάν-

19 2909 20 2913 ,
54 2861 104 2900 των
122 2836 178 2922 γαρ
202 2839 234 2902 ἒν
258 2835 457 2923 βραχυτάτοις
481 2843 580 2902 κεῖται
612 2864 669 2900 non
699 2849 778 2899 enim
809 2843 987 2916 verendum,
1017 2865 1052 2900 ne
1086 2851 1153 2920 quis
1184 2845 1263 2901 illud

16 2939 18 2970 ³
55 2945 252 3017 obliviscatur,
291 2953 318 3002 ei
348 2947 436 3002 semel
460 2952 627 3021 conceperit
656 2950 774 2999 animo:
805 2962 876 2997 nam
905 2949 1036 2997 emnium
1065 2949 1263 3018 paucissimie

56 3052 223 3102 continetur.
246 3039 277 3122 2)
309 3043 461 3101 Commotis
487 3043 564 3101 enim
588 3043 620 3100 in
644 3041 756 3114 animo,
782 3039 832 3118 qui
854 3037 1139 3118 latent,·ignicnlis‚
1160 3039 1263 3114 ardor,
1289 3023 1290 3028 ἵ

56 3141 96 3217 qui
114 3141 180 3200 inde
199 3140 330 3214 exsistit,
359 3155 386 3199 et
403 3141 484 3219 quasi
504 3141 579 3220 ignis
600 3125 686 3198 simet
706 3139 766 3218 ipse
786 3137 847 3195 alit.

18 3303 20 3324 ³
88 3238 140 3298 Seii
158 3239 236 3298 dicat
253 3235 302 3296 hle
322 3237 445 3317 aliquis:
474 3239 587 3322 scripsit
605 3252 701 3296 tamen
732 3233 859 3315 dialogos
878 3231 975 3308 Plato,
1004 3255 1073 3312 quos
1093 3233 1258 3315 nunclegi-
1322 3309 1323 3314 γ
1374 3223 1379 3229 ⁶

57 3355 116 3396 nus.
155 3337 191 3396 ld
209 3357 297 3409 vero,
325 3335 453 3410 obone,
480 3359 540 3396 non
559 3349 642 3416 negat
657 3335 693 3394 in
714 3335 832 3416 epistola
856 3334 908 3393 illa
932 3349 1047 3392 auctor:
1068 3333 1145 3391 dixit
1176 3332 1265 3407 eadee,

56 3451 117 3510 quae
133 3441 230 3512 ipsine
249 3434 364 3493 nomine
382 3435 488 3517 scripta
508 3435 670 3508 ferrentur,
692 3435 761 3492 haec
784 3433 906 3492 Socratis
927 3455 995 3493 esse.
1047 3433 1132 3508 Quod
1150 3431 1275 3511 quidem'

17 3563 18 3570 ν
58 3551 114 3590 vere
137 3533 360 3614 pronunciavit:
392 3553 458 3591 nam
479 3547 546 3591 sunt
564 3533 681 3591 omnino
692 3553 797 3612 ,quae
818 3531 902 3590 nobis
922 3533 1027 3613 scripta
1047 3531 1182 3610 reliquit,
1213 3530 1267 3589 So-
1363 3557 1364 3562 ¹

16 3615 18 3684 l
59 3631 144 3689 cratici
163 3651 321 3690 serzmones
344 3643 371 3688 et
389 3652 457 3689 sane
474 3632 514 3689 sic
532 3632 756 3712 pronunciavit,
779 3645 828 3704 ut,
826 3626 921 3710 quid
941 3630 1020 3689 de
998 3651 1058 3707 equs
1076 3629 1197 3709 dialogis
1209 3649 1267 3686 exi

60 3728 219 3789 stimandum
240 3729 295 3802 sit,
316 3727 514 3788 declaraverit
546 3731 617 3787 Nam
636 3751 679 3788 res
693 3729 853 3838 profecto
846 3741 885 3787 ita
904 3749 932 3786 se
952 3728 1056 3786 habet:
1077 3748 1151 3820 quae
1171 3729 1269 3788 sivea

16 3811 18 3876 l
61 3821 198 3886 Socrate
178 3847 238 3886 sive
258 3827 294 3885 ab
318 3827 383 3885 aliis
403 3842 549 3908 acceperat
567 3829 629 3886 'sive
648 3842 798 3908 pepererat
817 3829 895 3907 ipse,
918 3826 971 3885 hac
991 3813 1137 3884 scribendi
1159 3827 1268 3885 ratione
1365 3833 1368 3844 ’

16 3911 18 3934 '
63 3923 166 3998 posteris
187 3925 318 3985 tradidit.
361 3925 424 4000 Qua
448 3926 480 3985 in
507 3948 553 4000 re,
584 3919 661 4005 quod
692 3925 727 3984 de
756 3927 888 4006 magistro
911 3923 1064 3998 diximus,
1095 3925 1174 3983 nihil
1204 3947 1269 3983 eum

16 4049 18 4116 γ
64 4023 145 4099 magni
162 4045 319 4105 aggressum
340 4024 577 4105 pollicitumque,
605 4024 731 4083 maxima
757 4025 927 4106 perfecisse,
953 4022 1072 4082 eandem
1093 4025 1270 4103 agnoscimus

16 4127 18 4148 λ
66 4113 91 4173 ln
107 4118 241 4203 discipulo
261 4135 289 4181 et
308 4122 520 4203 simplicitatem
538 4125 732 4184 etvirtutem.
775 4125 846 4181 Nam
866 4122 944 4202 hune
969 4122 1001 4181 in
1021 4122 1138 4182 modum
1158 4121 1270 4201 scripsit

70 4295 301 4314 Ἢ

103 4378 418 4482 Mammea

102 4485 315 4568 emme
