2832 5120
621 283 684 340 tus

62 448 152 504 etiamsi
175 445 222 504 tel
249 443 357 502 Socrati
383 447 419 504 sit
445 445 565 518 similis,
587 445 747 518 suffecerit,
769 445 941 520 dummodo,
964 455 994 506 ut
1022 449 1168 524 Socrates,
1189 454 1267 517 intus

61 545 90 601 sit
105 543 206 623 pulcer.
237 543 321 600 ¹Naru
341 545 434 622 turpis
457 543 570 602 animus
589 563 646 608 non
675 563 791 623 corpore
814 541 847 602 fit
866 545 1022 620 formosus,
1043 547 1094 606 sed
1116 548 1228 608 animus
1245 550 1269 608 si

60 643 89 699 sit
111 641 223 722 pulcer,
252 655 374 699 taetrum
403 641 488 700 etiam
511 661 614 720 eorpus
638 637 792 698 formosum
817 641 923 701 reddit.
965 644 1077 718 Quidni
1104 646 1191 725 igitur
1213 645 1267 706 hoc

59 753 110 819 agat
125 738 189 798 dart
208 739 294 820 opera
312 739 520 820 philosophus,
542 739 589 796 cui
608 738 759 797 hominum
779 739 874 798 cultus
892 762 976 800 curae
995 743 1133 821 cordique
1159 757 1214 818 est,
1236 757 1268 802 ut

58 837 175 896 conciliet
193 837 425 895 adolescentibus
441 839 578 910 amasios,
599 834 741 914 siquidem
761 838 816 917 ipsi
836 841 960 918 reperire
980 840 1083 920 dignos
1101 863 1151 902 suo
1172 841 1283 902 studio.

59 957 106 994 nou
122 937 291 1015 potuerint?
311 934 495 995 Conciliandi
516 933 686 992 autemillis
702 935 771 993 tales
789 949 871 1010 suut,
891 936 990 1014 quales
1006 939 1132 1019 ipsorum
1152 951 1269 998 naturae

57 1034 231 1108 conveniant,
247 1047 280 1091 ut
298 1053 334 1091 ex
349 1032 454 1092 studiis
471 1031 705 1108 sermonibusque
725 1033 851 1108 mutuis,
870 1055 906 1092 ex
925 1037 1068 1095 communi
1088 1036 1269 1116 ingeniorum

57 1125 214 1190 commercio
236 1145 264 1192 et
290 1127 499 1190 consuetudine
519 1130 657 1203 inventa,
678 1144 813 1209 tauquam
842 1133 953 1206 foetus,
974 1133 1080 1215 optima
1105 1149 1267 1196 nascantur.

58 1228 110 1303 Sic,
130 1229 227 1288 indole
247 1243 393 1310 perspecta
412 1227 621 1288 adolescentiae
632 1273 640 1302 ,
661 1227 795 1287 lenonem
815 1249 844 1287 se
864 1228 974 1292 ferebat
991 1230 1117 1290 Socrates
1136 1233 1269 1313 ingenio-

11 1407 13 1440 l

11 1967 15 2096 ἔ

58 1347 117 1386 rum.
155 1329 227 1386 Nam
244 1327 297 1386 lucc
317 1325 452 1401 tenebat,
472 1324 550 1403 quod
580 1324 664 1384 nohis
688 1325 899 1406 Eryximachus
917 1330 1062 1408 exposuit,
1087 1327 1115 1408 l)
1132 1331 1270 1412 optimum

11 1449 13 1470 ÷
57 1444 105 1483 esse
131 1425 291 1500 medicum,
317 1427 367 1505 qui
395 1425 521 1505 corporis
549 1422 726 1504 appetitibus
745 1421 830 1482 bouis
859 1424 1022 1508 indulgeret
1045 1426 1270 1507 alimentumque

11 1525 208 1680 praeberet,
228 1523 318 1582 malos
342 1523 473 1582 tolleret:
495 1521 603 1602 pariter
626 1534 721 1579 autem
745 1522 841 1581 animo
870 1522 956 1581 illum
964 1525 1135 1695 prospicere
1163 1527 1270 1634 optime

11 1709 142 1797 crique
169 1721 258 1779 amori
288 1718 373 1776 unice
399 1717 625 1797 gratificaretur:
657 1715 777 1824 fierique
804 1717 858 1776 hoc
887 1666 1031 1800 aptissime
1058 1721 1270 1801 certissimeque
1302 1761 1305 1772 ·

11 1815 130 1875 bouis
146 1838 210 1876 eum
230 1817 315 1875 bonis
331 1812 545 1894 conjungendis
563 1828 590 1874 et
609 1835 659 1872 suo
673 1814 776 1893 cuique
791 1819 895 1876 amasio
909 1817 1102 1878 conciliando.
1124 1817 1181 1878 Sed
1194 1818 1271 1878 rdem
1328 1839 1329 1842 ’

11 1899 188 1994 ἔδυουεῑου,
216 1930 248 1975 ut
275 1915 364 1975 hac
356 1915 538 1994 mgeniurum
568 1913 821 1973 conciliatione
792 1937 852 1975 vim
880 1915 915 1973 iis
943 1915 1058 1974 insitam
1087 1915 1272 1997 promovebat
1358 1921 1360 1935 '

56 2017 184 2089 maxime,
205 2017 245 2073 ita
264 2013 318 2072 hoc
338 2010 485 2070 efficiebat
500 2009 587 2069 simul
612 2022 640 2068 et
662 2011 713 2068 sul
737 2012 797 2070 feie
820 2026 940 2092 sponte,
962 2027 994 2072 ut
1003 2014 1115 2098 ipsum
1134 2012 1271 2094 discipuli

11 2081 21 2202 ἔ
56 2113 119 2171 miro
143 2133 236 2172 amore
263 2123 536 2192 prosequerentur
533 2108 645 2167 Erant
662 2108 798 2187 quidem,
820 2123 852 2168 ut
880 2111 964 2172 modo
986 2133 1038 2170 nos
1064 2111 1195 2186 monuit,
1221 2109 1271 2189 qui

12 2211 13 2232 l
57 2211 139 2290 ipsum
156 2212 261 2285 eitius,
281 2229 367 2288 quam
375 2213 433 2288 *par
452 2221 542 2283 esset,
564 2205 728 2282 desererent
736 2208 889 2288 ,aliosque
900 2211 989 2268 secuti
1002 2223 1270 2290 corrumperentur;

11 2315 13 2346 ³
58 2309 102 2366 sed
118 2297 276 2389 legentibus
296 2307 381 2366 nobis
403 2325 551 2413 germanos
575 2305 635 2381 ejus
659 2319 877 2436 constantesque
904 2306 1075 2388 discipulos,
1096 2305 1272 2448 Xenophon·

58 2516 95 2562 tes
115 2506 240 2564 lecerunt
263 2503 439 2575 Socraticos,
461 2501 563 2579 quavis
587 2501 647 2558 fere
676 2501 783 2581 pagina
809 2517 905 2584 patet,
930 2524 987 2584 quo
1015 2525 1079 2563 eum
1110 2516 1273 2582 quantoque

12 2629 13 2632 ¹
59 2601 202 2663 dilexerint
220 2600 419 2678 coluerintque
437 2618 540 2657 amore.
577 2598 612 2656 lu
631 2596 794 2658 Phaedonis
812 2621 878 2660 cum
898 2600 1053 2660 Echecrate
1073 2600 1219 2679 colloquio
1233 2599 1274 2656 sic

60 2700 175 2760 Phaedo:
200 2699 250 2761 aul
270 2692 326 2781 γάρ
349 2691 385 2756 τυ
406 2695 581 2777 μεμνῆσθαι
602 2688 779 2778 Σωκράτους
800 2697 848 2758 καὶ
879 2692 970 2759 adesir
985 2693 1105 2778 λέγοντα
1121 2695 1170 2758 καὶ
1184 2689 1273 2757 ἄλλον

11 2819 12 2822 ’
60 2792 185 2875 crolum
217 2796 315 2882 ἔμοιγε
346 2795 391 2860 olel
421 2792 539 2859 πάντων
567 2788 705 2879 ἥδιστον·
739 2811 767 2858 et
797 2823 883 2876 vero,
917 2801 1053 2860 Socratis
1085 2807 1273 2871 meminisse,

62 2909 111 2958 eice
136 2911 196 2982 ipse
224 2907 338 2978 dicam,
369 2910 429 2960 sice
458 2903 555 2959 olium
581 2903 728 2962 dicantem
747 2902 890 2974 audiam,
910 2901 987 2974 milti
1007 2905 1273 2976 temperamentum

62 3009 258 3062 suavissimum
284 3007 342 3061 'eet
364 2999 395 3079 2)
445 2999 503 3059 Sed
535 2999 685 3058 audiamus
719 2997 925 3078 Apollodorum
936 3043 945 3071 ‚
981 2999 1030 3076 qui
1061 2998 1155 3055 furore
1187 2994 1274 3075 plane

63 3099 158 3161 enabat
175 3097 347 3160 Socratem:
379 3120 422 3178 αφ
452 3089 487 3158 οὗ
515 3093 578 3157 δ”
563 3090 639 3177 cycl,
671 3096 807 3156 familiari
837 3110 934 3154 narrat
960 3096 1094 3168 cuidam,
1126 3085 1275 3172 Σωκράτει

64 3197 241 3283 ουνδιατρίβω
273 3199 321 3260 καὶ
352 3199 398 3260 ἐπι
399 3197 485 3278 μελὲς
516 3197 675 3280 πεπυίηιιπι
707 3189 830 3275 ἕκαστος
859 3187 974 3275 ημὲρας
1005 3185 1161 3252 εἰδέναι
1141 3201 1157 3253 ο
1185 3216 1212 3254 τι
1239 3187 1275 3253 dv

65 3293 168 3385 λε’γρ”
149 3325 166 3382 η
198 3295 330 3426 προίττρ,
362 3297 479 3363 οὕιλὲπω
500 3299 569 3385 τρία
591 3296 641 3382 ἔτη
670 3296 768 3359 ἐστίν·
788 3290 924 3379 προτοῦ
949 3292 984 3356 δὲ
1010 3290 1191 3377 περιτρέχων
1214 3268 1275 3379 disq

65 3394 166 3480 τύχοιμι
191 3403 240 3464 καὶ
267 3399 403 3484 οἰόμενός
428 3427 456 3466 τι
482 3408 594 3479 ποιεῖν,
623 3395 804 3482 ἀθλιώτερος
835 3393 871 3480 ἦν
903 3391 1038 3459 οτυοοῦν·
1070 3421 1105 3456 ea
1129 3421 1184 3478 quo
1208 3419 1276 3456 cero

66 3512 175 3581 tempore
197 3505 351 3566 Socratem
371 3531 421 3588 ego
440 3518 535 3566 sector
545 3553 553 3581 ‚
567 3508 661 3585 ¹idque
680 3505 757 3562 milei
772 3502 920 3582 agendum
939 3521 1051 3558 summo
1069 3500 1166 3558 studio
1184 3505 1274 3552 cotue

67 3621 135 3677 tum,
156 3615 206 3680 ut,
228 3608 301 3684 quid
318 3608 401 3664 dicat
419 3603 558 3686 singulis*
569 3608 685 3679 diebus,
701 3603 774 3690 quid
792 3613 880 3682 agat,
901 3619 1122 3684 cognoscerem,
1142 3595 1273 3653 nondum

11 3761 13 3772 ,
68 3709 116 3762 lter
133 3715 202 3762 eunt
219 3714 315 3762 anni:
337 3717 427 3764 antea
441 3727 527 3780 cero,
543 3725 715 3784 quocunque
725 3704 947 3777 soreserebat,
970 3702 1129 3768 oberrans,
1148 3703 1272 3771 putant·

12 3815 13 3826 ¹
69 3821 111 3910 que
127 3825 168 3860 me
187 3806 306 3926 ρῖίςπίᾶ
323 3827 431 3886 cgere,
442 3812 574 3863 omnium
594 3826 676 3863 eram
700 3801 900 3860 miserrimus
922 3797 953 3879 3)
969 3798 1022 3858 Cui
1041 3793 1208 3855 familiaris:
1231 3787 1275 3850 ciel

70 3917 155 3974 υμοιος
143 3895 214 3975 gel,
238 3895 263 3963 ol
280 3896 550 3985 Ἀπολλόδωρε,
569 3923 667 3986 οαυτῳ
691 3925 721 3963 τε
743 3899 792 3960 καὶ
812 3903 883 3972 τοῖς
896 3879 1032 3969 ἄλλους’
1013 3892 1178 3975 appendent,
1200 3887 1276 3974 πλήν

11 4079 12 4088 ἔ
71 3997 238 4082 Σωκράτους·
278 4025 391 4082 temper
423 4014 471 4063 tui
504 4007 614 4064 similis
645 4027 693 4080 aa,
727 4029 741 4063 ο
769 4002 849 4080 Apol
850 4004 1027 4073 ledere,—
1059 4006 1107 4054 in
1104 4007 1150 4055 to
1178 4007 1275 4054 coete-

101 4281 121 4340 tt
137 4287 209 4354 sina.
229 4287 277 4336 tet
293 4286 324 4336 ο.
343 4287 419 4336 που,
437 4303 460 4352 p.
479 4285 520 4334 os.

102 4365 122 4430 tl
140 4370 220 4423 ruer.
237 4372 269 4423 se
284 4371 314 4422 ο.

104 4450 124 4514 ο
140 4458 211 4525 ουρ.
232 4457 281 4508 πο
301 4457 329 4508 s.
