<?xml version="1.0" encoding="UTF-8"?>
<!DOCTYPE html PUBLIC "-//W3C//DTD XHTML 1.0 Transitional//EN"
    "http://www.w3.org/TR/xhtml1/DTD/xhtml1-transitional.dtd">
<html xmlns="http://www.w3.org/1999/xhtml" xml:lang="en" lang="en">
 <head>
  <title>
</title>
<meta http-equiv="Content-Type" content="text/html;charset=utf-8" />
  <meta name='ocr-system' content='tesseract 3.04.00' />
  <meta name='ocr-capabilities' content='ocr_page ocr_carea ocr_par ocr_line ocrx_word'/>
</head>
<body>
  <div class='ocr_page' id='page_1' title='image "./initiaphilosoph02heusgoog_0599.png"; bbox 0 0 2924 5132; ppageno 0'>
   <div class='ocr_carea' id='block_1_1' title="bbox 154 285 1367 691">
    <p class='ocr_par' dir='ltr' id='par_1_1' title="bbox 158 285 176 342">
     <span class='ocr_line' id='line_1_1' title="bbox 158 285 176 342; baseline 0 -20"><span class='ocrx_word' id='word_1_1' title='bbox 158 285 176 342; x_wconf 77' lang='lat'><strong>2</strong></span> 
     </span>
    </p>

    <p class='ocr_par' dir='ltr' id='par_1_2' title="bbox 154 371 1367 691">
     <span class='ocr_line' id='line_1_2' title="bbox 1317 371 1367 424; baseline 0.04 -14"><span class='ocrx_word' id='word_1_2' title='bbox 1317 371 1367 424; x_wconf 67' lang='lat' dir='ltr'><strong><em>rag.</em></strong></span> 
     </span>
     <span class='ocr_line' id='line_1_3' title="bbox 157 453 1323 530; baseline 0.003 -30"><span class='ocrx_word' id='word_1_3' title='bbox 157 456 279 530; x_wconf 74' lang='lat' dir='ltr'><strong><em>pntiqaas</em></strong></span> <span class='ocrx_word' id='word_1_4' title='bbox 300 455 412 501; x_wconf 76' lang='lat' dir='ltr'><strong><em>Graecae</em></strong></span> <span class='ocrx_word' id='word_1_5' title='bbox 435 453 547 518; x_wconf 80' lang='lat' dir='ltr'><strong><em>exilitas,</em></strong></span> <span class='ocrx_word' id='word_1_6' title='bbox 566 455 747 520; x_wconf 70' lang='lat' dir='ltr'><strong><em>philosophiae</em></strong></span> <span class='ocrx_word' id='word_1_7' title='bbox 765 455 884 518; x_wconf 84' lang='lat' dir='ltr'><strong><em>ubertas,</em></strong></span> <span class='ocrx_word' id='word_1_8' title='bbox 908 456 952 504; x_wconf 85' lang='lat' dir='ltr'><strong><em>sed</em></strong></span> <span class='ocrx_word' id='word_1_9' title='bbox 967 469 1105 520; x_wconf 71' lang='lat' dir='ltr'><strong><em>paucorum</em></strong></span> <span class='ocrx_word' id='word_1_10' title='bbox 1128 455 1242 520; x_wconf 89' lang='lat' dir='ltr'><strong><em>propria:</em></strong></span> <span class='ocrx_word' id='word_1_11' title='bbox 1267 458 1323 504; x_wconf 85' lang='lat' dir='ltr'><strong><em>reli·</em></strong></span> 
     </span>
     <span class='ocr_line' id='line_1_4' title="bbox 154 539 1324 606; baseline 0.002 -18"><span class='ocrx_word' id='word_1_12' title='bbox 154 539 244 605; x_wconf 78' lang='lat' dir='ltr'><strong><em>gioais</em></strong></span> <span class='ocrx_word' id='word_1_13' title='bbox 269 539 433 588; x_wconf 65' lang='lat' dir='ltr'><strong><em>Christianae</em></strong></span> <span class='ocrx_word' id='word_1_14' title='bbox 455 539 574 603; x_wconf 86' lang='lat' dir='ltr'><strong><em>ubertas,</em></strong></span> <span class='ocrx_word' id='word_1_15' title='bbox 599 541 649 588; x_wconf 87' lang='lat' dir='ltr'><strong><em>late</em></strong></span> <span class='ocrx_word' id='word_1_16' title='bbox 674 539 764 588; x_wconf 79' lang='lat' dir='ltr'><strong><em>dill&#39;usa</em></strong></span> <span class='ocrx_word' id='word_1_17' title='bbox 788 540 819 588; x_wconf 89' lang='lat' dir='ltr'><strong><em>ad</em></strong></span> <span class='ocrx_word' id='word_1_18' title='bbox 841 556 940 604; x_wconf 78' lang='lat' dir='ltr'><strong><em>onnes,</em></strong></span> <span class='ocrx_word' id='word_1_19' title='bbox 967 547 993 590; x_wconf 91' lang='lat' dir='ltr'><strong><em>et</em></strong></span> <span class='ocrx_word' id='word_1_20' title='bbox 1016 556 1075 590; x_wconf 87' lang='lat' dir='ltr'><strong><em>cum</em></strong></span> <span class='ocrx_word' id='word_1_21' title='bbox 1097 556 1158 590; x_wconf 83' lang='lat' dir='ltr'><strong><em>aera</em></strong></span> <span class='ocrx_word' id='word_1_22' title='bbox 1169 541 1324 606; x_wconf 81' lang='lat' dir='ltr'><strong><em>philosophia</em></strong></span> 
     </span>
     <span class='ocr_line' id='line_1_5' title="bbox 155 626 881 691; baseline 0.004 -18"><span class='ocrx_word' id='word_1_23' title='bbox 155 626 235 674; x_wconf 84' lang='lat' dir='ltr'><strong><em>amice</em></strong></span> <span class='ocrx_word' id='word_1_24' title='bbox 251 626 404 691; x_wconf 85' lang='lat' dir='ltr'><strong><em>conspirans.</em></strong></span> <span class='ocrx_word' id='word_1_25' title='bbox 424 627 555 675; x_wconf 78' lang='lat' dir='ltr'><strong><em>Hodierna</em></strong></span> <span class='ocrx_word' id='word_1_26' title='bbox 573 626 746 691; x_wconf 67' lang='lat' dir='ltr'><strong><em>philosophiae</em></strong></span> <span class='ocrx_word' id='word_1_27' title='bbox 762 626 881 676; x_wconf 86' lang='lat' dir='ltr'><strong><em>conditio.</em></strong></span> 
     </span>
    </p>
   </div>
   <div class='ocr_carea' id='block_1_2' title="bbox 189 745 1370 914">
    <p class='ocr_par' dir='ltr' id='par_1_3' title="bbox 189 745 1370 914">
     <span class='ocr_line' id='line_1_6' title="bbox 596 745 1370 816; baseline -0.003 -18"><span class='ocrx_word' id='word_1_28' title='bbox 596 747 633 798; x_wconf 86' lang='lat' dir='ltr'><strong><em>De</em></strong></span> <span class='ocrx_word' id='word_1_29' title='bbox 647 747 800 816; x_wconf 71' lang='lat' dir='ltr'><strong><em>philosophia</em></strong></span> <span class='ocrx_word' id='word_1_30' title='bbox 817 745 936 797; x_wconf 77' lang='lat' dir='ltr'><strong><em>Platonis.</em></strong></span> <span class='ocrx_word' id='word_1_31' title='bbox 1340 745 1370 796; x_wconf 80' lang='lat' dir='ltr'><strong><em>lo</em></strong></span> 
     </span>
     <span class='ocr_line' id='line_1_7' title="bbox 189 844 1324 914; baseline 0 -18"><span class='ocrx_word' id='word_1_32' title='bbox 189 844 300 898; x_wconf 86' lang='lat' dir='ltr'><strong><em>Platonis</em></strong></span> <span class='ocrx_word' id='word_1_33' title='bbox 321 850 478 914; x_wconf 84' lang='lat' dir='ltr'><strong><em>philosophis</em></strong></span> <span class='ocrx_word' id='word_1_34' title='bbox 497 865 547 896; x_wconf 84' lang='lat' dir='ltr'><strong><em>una</em></strong></span> <span class='ocrx_word' id='word_1_35' title='bbox 561 856 600 898; x_wconf 86' lang='lat' dir='ltr'><strong><em>est</em></strong></span> <span class='ocrx_word' id='word_1_36' title='bbox 617 855 644 898; x_wconf 89' lang='lat' dir='ltr'><strong><em>et</em></strong></span> <span class='ocrx_word' id='word_1_37' title='bbox 663 850 717 896; x_wconf 77' lang='lat' dir='ltr'><strong><em>sihi</em></strong></span> <span class='ocrx_word' id='word_1_38' title='bbox 732 857 837 899; x_wconf 84' lang='lat' dir='ltr'><strong><em>constat.</em></strong></span> <span class='ocrx_word' id='word_1_39' title='bbox 857 851 916 898; x_wconf 93' lang='lat' dir='ltr'><strong><em>Post</em></strong></span> <span class='ocrx_word' id='word_1_40' title='bbox 934 866 991 899; x_wconf 87' lang='lat' dir='ltr'><strong><em>eum</em></strong></span> <span class='ocrx_word' id='word_1_41' title='bbox 1007 850 1087 898; x_wconf 82' lang='lat' dir='ltr'><strong><em>divisa</em></strong></span> <span class='ocrx_word' id='word_1_42' title='bbox 1106 851 1132 898; x_wconf 90' lang='lat' dir='ltr'><strong><em>in</em></strong></span> <span class='ocrx_word' id='word_1_43' title='bbox 1148 853 1230 914; x_wconf 88' lang='lat' dir='ltr'><strong><em>partes</em></strong></span> <span class='ocrx_word' id='word_1_44' title='bbox 1246 849 1324 910; x_wconf 76' lang='lat' dir='ltr'><strong><em>siugu-</em></strong></span> 
     </span>
    </p>
   </div>
   <div class='ocr_carea' id='block_1_3' title="bbox 153 933 1325 1108">
    <p class='ocr_par' dir='ltr' id='par_1_4' title="bbox 153 933 1325 1108">
     <span class='ocr_line' id='line_1_8' title="bbox 155 933 1325 1000; baseline -0.001 -19"><span class='ocrx_word' id='word_1_45' title='bbox 155 935 234 997; x_wconf 88' lang='lat' dir='ltr'><strong><em>lares,</em></strong></span> <span class='ocrx_word' id='word_1_46' title='bbox 262 951 310 984; x_wconf 87' lang='lat' dir='ltr'><strong><em>nea</em></strong></span> <span class='ocrx_word' id='word_1_47' title='bbox 332 937 436 999; x_wconf 86' lang='lat' dir='ltr'><strong><em>junctas</em></strong></span> <span class='ocrx_word' id='word_1_48' title='bbox 457 937 524 983; x_wconf 79' lang='lat' dir='ltr'><strong><em>inter</em></strong></span> <span class='ocrx_word' id='word_1_49' title='bbox 545 951 571 982; x_wconf 87' lang='lat' dir='ltr'><strong><em>se</em></strong></span> <span class='ocrx_word' id='word_1_50' title='bbox 594 951 677 998; x_wconf 86' lang='lat' dir='ltr'><strong><em>neque</em></strong></span> <span class='ocrx_word' id='word_1_51' title='bbox 698 951 756 983; x_wconf 88' lang='lat' dir='ltr'><strong><em>cum</em></strong></span> <span class='ocrx_word' id='word_1_52' title='bbox 777 938 831 1000; x_wconf 89' lang='lat' dir='ltr'><strong><em>ipsc</em></strong></span> <span class='ocrx_word' id='word_1_53' title='bbox 848 938 918 985; x_wconf 84' lang='lat' dir='ltr'><strong><em>icnte</em></strong></span> <span class='ocrx_word' id='word_1_54' title='bbox 935 952 1068 986; x_wconf 80' lang='lat' dir='ltr'><strong><em>connexas.</em></strong></span> <span class='ocrx_word' id='word_1_55' title='bbox 1098 936 1205 999; x_wconf 67' lang='lat' dir='ltr'><strong><em>Triplex</em></strong></span> <span class='ocrx_word' id='word_1_56' title='bbox 1220 933 1325 984; x_wconf 87' lang='lat' dir='ltr'><strong><em>Platonis</em></strong></span> 
     </span>
     <span class='ocr_line' id='line_1_9' title="bbox 153 1020 1009 1108; baseline 0.004 -40"><span class='ocrx_word' id='word_1_57' title='bbox 153 1020 311 1084; x_wconf 76' lang='lat' dir='ltr'><strong><em>disquisitio,</em></strong></span> <span class='ocrx_word' id='word_1_58' title='bbox 330 1022 372 1070; x_wconf 88' lang='lat' dir='ltr'><strong><em>oui</em></strong></span> <span class='ocrx_word' id='word_1_59' title='bbox 389 1021 508 1086; x_wconf 71' lang='lat' dir='ltr'><strong><em>congruit</em></strong></span> <span class='ocrx_word' id='word_1_60' title='bbox 527 1022 622 1108; x_wconf 66' lang='lat' dir='ltr'><strong><em>tropica</em></strong></span> <span class='ocrx_word' id='word_1_61' title='bbox 637 1023 809 1071; x_wconf 84' lang='lat' dir='ltr'><strong><em>recentiorum</em></strong></span> <span class='ocrx_word' id='word_1_62' title='bbox 826 1021 948 1088; x_wconf 87' lang='lat' dir='ltr'><strong><em>quaestio.</em></strong></span> <span class='ocrx_word' id='word_1_63' title='bbox 1006 1022 1009 1030; x_wconf 88' lang='lat'>&#39;</span> 
     </span>
    </p>
   </div>
   <div class='ocr_carea' id='block_1_4' title="bbox 187 1142 1241 1403">
    <p class='ocr_par' dir='ltr' id='par_1_5' title="bbox 187 1142 1241 1403">
     <span class='ocr_line' id='line_1_10' title="bbox 325 1142 1215 1212; baseline 0.001 -20"><span class='ocrx_word' id='word_1_64' title='bbox 325 1143 399 1192; x_wconf 81' lang='lat' dir='ltr'><strong><em>Ducit</em></strong></span> <span class='ocrx_word' id='word_1_65' title='bbox 417 1143 484 1210; x_wconf 82' lang='lat' dir='ltr'><strong><em>apud</em></strong></span> <span class='ocrx_word' id='word_1_66' title='bbox 501 1143 626 1194; x_wconf 77' lang='lat' dir='ltr'><strong><em>Platonem</em></strong></span> <span class='ocrx_word' id='word_1_67' title='bbox 641 1142 794 1210; x_wconf 89' lang='lat' dir='ltr'><strong><em>philosophia</em></strong></span> <span class='ocrx_word' id='word_1_68' title='bbox 811 1145 845 1196; x_wconf 84' lang='lat' dir='ltr'><strong><em>ad</em></strong></span> <span class='ocrx_word' id='word_1_69' title='bbox 859 1145 991 1212; x_wconf 74' lang='lat' dir='ltr'><strong><em>polorum,</em></strong></span> <span class='ocrx_word' id='word_1_70' title='bbox 1010 1144 1045 1194; x_wconf 85' lang='lat' dir='ltr'><strong><em>ad</em></strong></span> <span class='ocrx_word' id='word_1_71' title='bbox 1059 1161 1161 1206; x_wconf 74' lang='lat' dir='ltr'><strong><em>omna,</em></strong></span> <span class='ocrx_word' id='word_1_72' title='bbox 1180 1145 1215 1194; x_wconf 86' lang='lat' dir='ltr'><strong><em>ad</em></strong></span> 
     </span>
     <span class='ocr_line' id='line_1_11' title="bbox 442 1228 1020 1296; baseline 0.003 -18"><span class='ocrx_word' id='word_1_73' title='bbox 442 1239 446 1248; x_wconf 87' lang='lat'>&#39;</span> <span class='ocrx_word' id='word_1_74' title='bbox 493 1228 607 1296; x_wconf 72' lang='lat' dir='ltr'><strong><em>justiam,</em></strong></span> <span class='ocrx_word' id='word_1_75' title='bbox 625 1228 761 1296; x_wconf 81' lang='lat' dir='ltr'><strong><em>praecipue</em></strong></span> <span class='ocrx_word' id='word_1_76' title='bbox 778 1239 860 1280; x_wconf 69' lang='lat' dir='ltr'><strong><em>amm</em></strong></span> <span class='ocrx_word' id='word_1_77' title='bbox 876 1231 911 1280; x_wconf 86' lang='lat' dir='ltr'><strong><em>ad</em></strong></span> <span class='ocrx_word' id='word_1_78' title='bbox 926 1247 1020 1280; x_wconf 78' lang='lat' dir='ltr'><strong><em>omns.</em></strong></span> 
     </span>
     <span class='ocr_line' id='line_1_12' title="bbox 187 1328 1241 1403; baseline 0.007 -26"><span class='ocrx_word' id='word_1_79' title='bbox 187 1328 392 1393; x_wconf 83' lang='lat' dir='ltr'><strong><em>Disquisitionum</em></strong></span> <span class='ocrx_word' id='word_1_80' title='bbox 411 1331 537 1378; x_wconf 91' lang='lat' dir='ltr'><strong><em>successio</em></strong></span> <span class='ocrx_word' id='word_1_81' title='bbox 551 1331 674 1379; x_wconf 89' lang='lat' dir='ltr'><strong><em>rationem</em></strong></span> <span class='ocrx_word' id='word_1_82' title='bbox 690 1331 855 1403; x_wconf 85' lang='lat' dir='ltr'><strong><em>expliciti</em></strong></span> <span class='ocrx_word' id='word_1_83' title='bbox 871 1332 982 1381; x_wconf 81' lang='lat' dir='ltr'><strong><em>Platonis</em></strong></span> <span class='ocrx_word' id='word_1_84' title='bbox 997 1331 1135 1395; x_wconf 71' lang='lat' dir='ltr'><strong><em>ingenii</em></strong></span> <span class='ocrx_word' id='word_1_85' title='bbox 1155 1333 1241 1384; x_wconf 77' lang='lat' dir='ltr'><strong><em>refert.</em></strong></span> 
     </span>
    </p>
   </div>
   <div class='ocr_carea' id='block_1_5' title="bbox 446 1447 1091 1632">
    <p class='ocr_par' dir='ltr' id='par_1_6' title="bbox 446 1447 1091 1632">
     <span class='ocr_line' id='line_1_13' title="bbox 622 1447 897 1523; baseline 0.015 -4"><span class='ocrx_word' id='word_1_86' title='bbox 622 1469 643 1520; x_wconf 86' lang='lat' dir='ltr'><strong><em>n</em></strong></span> <span class='ocrx_word' id='word_1_87' title='bbox 662 1469 682 1520; x_wconf 79' lang='lat' dir='ltr'><strong><em>e</em></strong></span> <span class='ocrx_word' id='word_1_88' title='bbox 717 1469 777 1522; x_wconf 84' lang='lat' dir='ltr'><strong><em>sn</em></strong></span> <span class='ocrx_word' id='word_1_89' title='bbox 796 1471 808 1521; x_wconf 96' lang='lat'>1</span> <span class='ocrx_word' id='word_1_90' title='bbox 826 1447 850 1522; x_wconf 80' lang='lat' dir='ltr'><strong><em>&#39;u</em></strong></span> <span class='ocrx_word' id='word_1_91' title='bbox 867 1471 897 1523; x_wconf 93' lang='lat'><strong><em>0.</em></strong></span> 
     </span>
     <span class='ocr_line' id='line_1_14' title="bbox 446 1583 1091 1632; baseline 0.002 -4"><span class='ocrx_word' id='word_1_92' title='bbox 446 1589 526 1629; x_wconf 79' lang='lat' dir='ltr'><strong><em>trama</em></strong></span> <span class='ocrx_word' id='word_1_93' title='bbox 545 1591 730 1630; x_wconf 74' lang='lat' dir='ltr'><strong><em>PHILOSOPlssss</em></strong></span> <span class='ocrx_word' id='word_1_94' title='bbox 749 1583 912 1630; x_wconf 73' lang='lat' dir='ltr'><strong><em>rainonlcst</em></strong></span> <span class='ocrx_word' id='word_1_95' title='bbox 932 1589 1091 1632; x_wconf 71' lang='lat' dir='ltr'><strong><em>ranorum.</em></strong></span> 
     </span>
    </p>
   </div>
   <div class='ocr_carea' id='block_1_6' title="bbox 150 1683 1331 2252">
    <p class='ocr_par' dir='ltr' id='par_1_7' title="bbox 150 1683 1331 2252">
     <span class='ocr_line' id='line_1_15' title="bbox 187 1683 1329 1750; baseline 0 -19"><span class='ocrx_word' id='word_1_96' title='bbox 187 1684 352 1732; x_wconf 83' lang='lat' dir='ltr'><strong><em>Socratis</em></strong></span> <span class='ocrx_word' id='word_1_97' title='bbox 369 1689 396 1732; x_wconf 90' lang='lat' dir='ltr'><strong><em>et</em></strong></span> <span class='ocrx_word' id='word_1_98' title='bbox 413 1685 640 1750; x_wconf 73' lang='lat' dir='ltr'><strong><em>Pythagoraa</em></strong></span> <span class='ocrx_word' id='word_1_99' title='bbox 656 1687 688 1733; x_wconf 90' lang='lat' dir='ltr'><strong><em>de</em></strong></span> <span class='ocrx_word' id='word_1_100' title='bbox 709 1687 793 1734; x_wconf 80' lang='lat' dir='ltr'><strong><em>anino</em></strong></span> <span class='ocrx_word' id='word_1_101' title='bbox 807 1685 914 1733; x_wconf 83' lang='lat' dir='ltr'><strong><em>hnmano</em></strong></span> <span class='ocrx_word' id='word_1_102' title='bbox 931 1683 1081 1735; x_wconf 55' lang='lat' dir='ltr'><strong><em>sermatiae.</em></strong></span> <span class='ocrx_word' id='word_1_103' title='bbox 1099 1684 1237 1748; x_wconf 78' lang='lat' dir='ltr'><strong><em>Utriusque</em></strong></span> <span class='ocrx_word' id='word_1_104' title='bbox 1253 1683 1329 1732; x_wconf 84' lang='lat' dir='ltr'><strong><em>visin</em></strong></span> 
     </span>
     <span class='ocr_line' id='line_1_16' title="bbox 154 1770 1328 1836; baseline -0.003 -15"><span class='ocrx_word' id='word_1_105' title='bbox 154 1770 197 1821; x_wconf 85' lang='lat' dir='ltr'><strong><em>Pl</em></strong></span> <span class='ocrx_word' id='word_1_106' title='bbox 203 1776 341 1818; x_wconf 88' lang='lat' dir='ltr'><strong><em>atonem.</em></strong></span> <span class='ocrx_word' id='word_1_107' title='bbox 361 1771 492 1832; x_wconf 88' lang='lat' dir='ltr'><strong><em>Socrates,</em></strong></span> <span class='ocrx_word' id='word_1_108' title='bbox 510 1772 536 1820; x_wconf 90' lang='lat' dir='ltr'><strong><em>in</em></strong></span> <span class='ocrx_word' id='word_1_109' title='bbox 554 1771 665 1822; x_wconf 88' lang='lat' dir='ltr'><strong><em>Platonis</em></strong></span> <span class='ocrx_word' id='word_1_110' title='bbox 680 1772 813 1824; x_wconf 79' lang='lat' dir='ltr'><strong><em>Phaedone</em></strong></span> <span class='ocrx_word' id='word_1_111' title='bbox 831 1773 987 1836; x_wconf 76' lang='lat' dir='ltr'><strong><em>Pythagorea</em></strong></span> <span class='ocrx_word' id='word_1_112' title='bbox 1003 1771 1144 1833; x_wconf 86' lang='lat' dir='ltr'><strong><em>disserens,</em></strong></span> <span class='ocrx_word' id='word_1_113' title='bbox 1164 1775 1248 1820; x_wconf 88' lang='lat' dir='ltr'><strong><em>tamen</em></strong></span> <span class='ocrx_word' id='word_1_114' title='bbox 1267 1771 1328 1834; x_wconf 89' lang='lat' dir='ltr'><strong><em>phi-</em></strong></span> 
     </span>
     <span class='ocr_line' id='line_1_17' title="bbox 152 1856 1329 1923; baseline 0 -21"><span class='ocrx_word' id='word_1_115' title='bbox 152 1856 265 1920; x_wconf 84' lang='lat' dir='ltr'><strong><em>loeophi,</em></strong></span> <span class='ocrx_word' id='word_1_116' title='bbox 291 1872 342 1904; x_wconf 89' lang='lat' dir='ltr'><strong><em>non</em></strong></span> <span class='ocrx_word' id='word_1_117' title='bbox 359 1857 500 1904; x_wconf 70' lang='lat' dir='ltr'><strong><em>scandatis</em></strong></span> <span class='ocrx_word' id='word_1_118' title='bbox 516 1863 603 1906; x_wconf 86' lang='lat' dir='ltr'><strong><em>tuetur</em></strong></span> <span class='ocrx_word' id='word_1_119' title='bbox 617 1873 757 1922; x_wconf 82' lang='lat' dir='ltr'><strong><em>personam.</em></strong></span> <span class='ocrx_word' id='word_1_120' title='bbox 785 1858 900 1923; x_wconf 86' lang='lat' dir='ltr'><strong><em>Corporis</em></strong></span> <span class='ocrx_word' id='word_1_121' title='bbox 915 1873 974 1906; x_wconf 85' lang='lat' dir='ltr'><strong><em>cum</em></strong></span> <span class='ocrx_word' id='word_1_122' title='bbox 989 1872 1090 1905; x_wconf 87' lang='lat' dir='ltr'><strong><em>earcere</em></strong></span> <span class='ocrx_word' id='word_1_123' title='bbox 1109 1857 1272 1922; x_wconf 87' lang='lat' dir='ltr'><strong><em>comparatio.</em></strong></span> <span class='ocrx_word' id='word_1_124' title='bbox 1297 1856 1329 1902; x_wconf 81' lang='lat' dir='ltr'><strong><em>Ut</em></strong></span> 
     </span>
     <span class='ocr_line' id='line_1_18' title="bbox 150 1931 1329 2008; baseline -0.002 -18"><span class='ocrx_word' id='word_1_125' title='bbox 150 1941 249 1990; x_wconf 87' lang='lat' dir='ltr'><strong><em>animus</em></strong></span> <span class='ocrx_word' id='word_1_126' title='bbox 277 1943 386 1991; x_wconf 86' lang='lat' dir='ltr'><strong><em>carceris</em></strong></span> <span class='ocrx_word' id='word_1_127' title='bbox 403 1942 589 2006; x_wconf 86' lang='lat' dir='ltr'><strong><em>impedimentis</em></strong></span> <span class='ocrx_word' id='word_1_128' title='bbox 614 1943 751 2006; x_wconf 85' lang='lat' dir='ltr'><strong><em>liberetur,</em></strong></span> <span class='ocrx_word' id='word_1_129' title='bbox 765 1939 932 2008; x_wconf 78' lang='lat' dir='ltr'><strong><em>philosophid</em></strong></span> <span class='ocrx_word' id='word_1_130' title='bbox 948 1931 1012 2008; x_wconf 85' lang='lat' dir='ltr'><strong><em>opus</em></strong></span> <span class='ocrx_word' id='word_1_131' title='bbox 1024 1947 1069 1991; x_wconf 88' lang='lat' dir='ltr'><strong><em>est.</em></strong></span> <span class='ocrx_word' id='word_1_132' title='bbox 1097 1943 1204 1991; x_wconf 85' lang='lat' dir='ltr'><strong><em>Virtutis</em></strong></span> <span class='ocrx_word' id='word_1_133' title='bbox 1219 1941 1329 1990; x_wconf 87' lang='lat' dir='ltr'><strong><em>studium</em></strong></span> 
     </span>
     <span class='ocr_line' id='line_1_19' title="bbox 150 2027 1329 2095; baseline 0 -20"><span class='ocrx_word' id='word_1_134' title='bbox 150 2043 165 2075; x_wconf 90' lang='lat' dir='ltr'><strong><em>a</em></strong></span> <span class='ocrx_word' id='word_1_135' title='bbox 185 2027 290 2076; x_wconf 87' lang='lat' dir='ltr'><strong><em>Platone</em></strong></span> <span class='ocrx_word' id='word_1_136' title='bbox 309 2028 500 2086; x_wconf 75' lang='lat' dir='ltr'><strong><em>commendatur</em></strong></span> <span class='ocrx_word' id='word_1_137' title='bbox 519 2045 570 2078; x_wconf 89' lang='lat' dir='ltr'><strong><em>nou</em></strong></span> <span class='ocrx_word' id='word_1_138' title='bbox 591 2035 690 2079; x_wconf 86' lang='lat' dir='ltr'><strong><em>tautum</em></strong></span> <span class='ocrx_word' id='word_1_139' title='bbox 707 2031 740 2079; x_wconf 89' lang='lat' dir='ltr'><strong><em>nh</em></strong></span> <span class='ocrx_word' id='word_1_140' title='bbox 752 2035 912 2095; x_wconf 82' lang='lat' dir='ltr'><strong><em>praesentem</em></strong></span> <span class='ocrx_word' id='word_1_141' title='bbox 931 2030 1025 2092; x_wconf 64' lang='lat' dir='ltr'><strong><em>num,</em></strong></span> <span class='ocrx_word' id='word_1_142' title='bbox 1049 2028 1093 2078; x_wconf 81' lang='lat' dir='ltr'><strong><em>aad</em></strong></span> <span class='ocrx_word' id='word_1_143' title='bbox 1111 2029 1216 2078; x_wconf 81' lang='lat' dir='ltr'><strong><em>maxime</em></strong></span> <span class='ocrx_word' id='word_1_144' title='bbox 1237 2027 1329 2088; x_wconf 74' lang='lat' dir='ltr'><strong><em>obsa-</em></strong></span> 
     </span>
     <span class='ocr_line' id='line_1_20' title="bbox 151 2114 1331 2182; baseline -0.001 -21"><span class='ocrx_word' id='word_1_145' title='bbox 151 2119 242 2163; x_wconf 79' lang='lat' dir='ltr'><strong><em>taram.</em></strong></span> <span class='ocrx_word' id='word_1_146' title='bbox 256 2115 372 2163; x_wconf 81' lang='lat' dir='ltr'><strong><em>Cernitur</em></strong></span> <span class='ocrx_word' id='word_1_147' title='bbox 387 2117 451 2163; x_wconf 85' lang='lat' dir='ltr'><strong><em>vitae</em></strong></span> <span class='ocrx_word' id='word_1_148' title='bbox 462 2117 562 2166; x_wconf 86' lang='lat' dir='ltr'><strong><em>laturae</em></strong></span> <span class='ocrx_word' id='word_1_149' title='bbox 575 2115 684 2166; x_wconf 78' lang='lat' dir='ltr'><strong><em>felicitas</em></strong></span> <span class='ocrx_word' id='word_1_150' title='bbox 699 2117 820 2166; x_wconf 64' lang='lat' dir='ltr'><strong><em>amictis</em></strong></span> <span class='ocrx_word' id='word_1_151' title='bbox 828 2131 912 2182; x_wconf 81' lang='lat' dir='ltr'><strong><em>parce</em></strong></span> <span class='ocrx_word' id='word_1_152' title='bbox 925 2115 1079 2180; x_wconf 77' lang='lat' dir='ltr'><strong><em>speciaculo.</em></strong></span> <span class='ocrx_word' id='word_1_153' title='bbox 1097 2115 1136 2166; x_wconf 72' lang='lat' dir='ltr'><strong><em>cs·</em></strong></span> <span class='ocrx_word' id='word_1_154' title='bbox 1144 2114 1331 2164; x_wconf 82' lang='lat' dir='ltr'><strong><em>neroniani</em></strong></span> 
     </span>
     <span class='ocr_line' id='line_1_21' title="bbox 151 2200 381 2252; baseline 0.009 -4"><span class='ocrx_word' id='word_1_155' title='bbox 151 2200 285 2251; x_wconf 80' lang='lat' dir='ltr'><strong><em>Hortetseii</em></strong></span> <span class='ocrx_word' id='word_1_156' title='bbox 302 2201 381 2252; x_wconf 86' lang='lat' dir='ltr'><strong><em>locus.</em></strong></span> 
     </span>
    </p>
   </div>
   <div class='ocr_carea' id='block_1_7' title="bbox 152 2317 1440 2576">
    <p class='ocr_par' dir='ltr' id='par_1_8' title="bbox 152 2317 1440 2576">
     <span class='ocr_line' id='line_1_22' title="bbox 531 2317 1370 2408; baseline -0.004 -35"><span class='ocrx_word' id='word_1_157' title='bbox 531 2323 569 2373; x_wconf 79' lang='lat' dir='ltr'><strong><em>lle</em></strong></span> <span class='ocrx_word' id='word_1_158' title='bbox 583 2325 689 2391; x_wconf 75' lang='lat' dir='ltr'><strong><em>pristim</em></strong></span> <span class='ocrx_word' id='word_1_159' title='bbox 705 2325 784 2375; x_wconf 75' lang='lat' dir='ltr'><strong><em>arsinoi</em></strong></span> <span class='ocrx_word' id='word_1_160' title='bbox 800 2331 822 2374; x_wconf 88' lang='lat' dir='ltr'><strong><em>et</em></strong></span> <span class='ocrx_word' id='word_1_161' title='bbox 838 2339 903 2408; x_wconf 72' lang='lat' dir='ltr'><strong><em>porc</em></strong></span> <span class='ocrx_word' id='word_1_162' title='bbox 919 2331 994 2373; x_wconf 75' lang='lat' dir='ltr'><strong><em>stato.</em></strong></span> <span class='ocrx_word' id='word_1_163' title='bbox 1324 2317 1370 2370; x_wconf 64' lang='lat' dir='ltr'><strong><em>lh</em></strong></span> 
     </span>
     <span class='ocr_line' id='line_1_23' title="bbox 188 2413 1440 2492; baseline -0.002 -19"><span class='ocrx_word' id='word_1_164' title='bbox 188 2424 272 2473; x_wconf 78' lang='lat' dir='ltr'><strong><em>Animi</em></strong></span> <span class='ocrx_word' id='word_1_165' title='bbox 294 2424 397 2473; x_wconf 83' lang='lat' dir='ltr'><strong><em>hnmani</em></strong></span> <span class='ocrx_word' id='word_1_166' title='bbox 423 2439 481 2473; x_wconf 89' lang='lat' dir='ltr'><strong><em>cum</em></strong></span> <span class='ocrx_word' id='word_1_167' title='bbox 508 2426 605 2473; x_wconf 77' lang='lat' dir='ltr'><strong><em>Glauco</em></strong></span> <span class='ocrx_word' id='word_1_168' title='bbox 623 2413 735 2473; x_wconf 78' lang='lat' dir='ltr'><strong><em>morino⁰</em></strong></span> <span class='ocrx_word' id='word_1_169' title='bbox 744 2425 905 2490; x_wconf 86' lang='lat' dir='ltr'><strong><em>comparatio.</em></strong></span> <span class='ocrx_word' id='word_1_170' title='bbox 932 2424 1000 2488; x_wconf 78' lang='lat' dir='ltr'><strong><em>Quae</em></strong></span> <span class='ocrx_word' id='word_1_171' title='bbox 1029 2422 1154 2473; x_wconf 85' lang='lat' dir='ltr'><strong><em>naturalia</em></strong></span> <span class='ocrx_word' id='word_1_172' title='bbox 1173 2427 1236 2470; x_wconf 85' lang='lat' dir='ltr'><strong><em>sunt</em></strong></span> <span class='ocrx_word' id='word_1_173' title='bbox 1254 2423 1331 2471; x_wconf 87' lang='lat' dir='ltr'><strong><em>animi</em></strong></span> <span class='ocrx_word' id='word_1_174' title='bbox 1436 2477 1440 2492; x_wconf 39' lang='lat'><strong>⁴</strong></span> 
     </span>
     <span class='ocr_line' id='line_1_24' title="bbox 152 2508 1332 2576; baseline -0.004 -14"><span class='ocrx_word' id='word_1_175' title='bbox 152 2513 253 2563; x_wconf 79' lang='lat' dir='ltr'><strong><em>studia?</em></strong></span> <span class='ocrx_word' id='word_1_176' title='bbox 277 2513 383 2561; x_wconf 83' lang='lat' dir='ltr'><strong><em>Poitioa</em></strong></span> <span class='ocrx_word' id='word_1_177' title='bbox 403 2517 430 2560; x_wconf 93' lang='lat' dir='ltr'><strong><em>et</em></strong></span> <span class='ocrx_word' id='word_1_178' title='bbox 451 2511 601 2576; x_wconf 86' lang='lat' dir='ltr'><strong><em>philosopha</em></strong></span> <span class='ocrx_word' id='word_1_179' title='bbox 620 2511 739 2574; x_wconf 79' lang='lat' dir='ltr'><strong><em>pristinae</em></strong></span> <span class='ocrx_word' id='word_1_180' title='bbox 762 2512 837 2562; x_wconf 87' lang='lat' dir='ltr'><strong><em>animi</em></strong></span> <span class='ocrx_word' id='word_1_181' title='bbox 858 2525 873 2560; x_wconf 86' lang='lat' dir='ltr'><strong><em>e</em></strong></span> <span class='ocrx_word' id='word_1_182' title='bbox 927 2509 1011 2558; x_wconf 83' lang='lat' dir='ltr'><strong><em>‘tionis</em></strong></span> <span class='ocrx_word' id='word_1_183' title='bbox 1029 2509 1166 2572; x_wconf 76' lang='lat' dir='ltr'><strong><em>descriptio</em></strong></span> <span class='ocrx_word' id='word_1_184' title='bbox 1184 2508 1211 2556; x_wconf 89' lang='lat' dir='ltr'><strong><em>in</em></strong></span> <span class='ocrx_word' id='word_1_185' title='bbox 1228 2509 1332 2558; x_wconf 89' lang='lat' dir='ltr'><strong><em>Phae-</em></strong></span> 
     </span>
    </p>
   </div>
   <div class='ocr_carea' id='block_1_8' title="bbox 151 2556 1441 2663">
    <p class='ocr_par' dir='ltr' id='par_1_9' title="bbox 151 2556 1441 2663">
     <span class='ocr_line' id='line_1_25' title="bbox 151 2556 1441 2663; baseline -0.008 -13"><span class='ocrx_word' id='word_1_186' title='bbox 151 2601 227 2663; x_wconf 89' lang='lat' dir='ltr'><strong><em>dro,</em></strong></span> <span class='ocrx_word' id='word_1_187' title='bbox 245 2598 352 2648; x_wconf 88' lang='lat' dir='ltr'><strong><em>sublime</em></strong></span> <span class='ocrx_word' id='word_1_188' title='bbox 373 2599 502 2648; x_wconf 86' lang='lat' dir='ltr'><strong><em>universae</em></strong></span> <span class='ocrx_word' id='word_1_189' title='bbox 515 2597 689 2662; x_wconf 78' lang='lat' dir='ltr'><strong><em>philosophiae</em></strong></span> <span class='ocrx_word' id='word_1_190' title='bbox 709 2597 853 2648; x_wconf 77' lang='lat' dir='ltr'><strong><em>Platonicae</em></strong></span> <span class='ocrx_word' id='word_1_191' title='bbox 869 2596 1007 2648; x_wconf 79' lang='lat' dir='ltr'><strong><em>exordium.</em></strong></span> <span class='ocrx_word' id='word_1_192' title='bbox 1440 2556 1441 2602; x_wconf 46' lang='lat' dir='ltr'><strong><em>l</em></strong></span> 
     </span>
    </p>
   </div>
   <div class='ocr_carea' id='block_1_9' title="bbox 150 2711 1369 3132">
    <p class='ocr_par' dir='ltr' id='par_1_10' title="bbox 150 2711 1369 3132">
     <span class='ocr_line' id='line_1_26' title="bbox 456 2711 1369 2784; baseline -0.007 -14"><span class='ocrx_word' id='word_1_193' title='bbox 456 2719 494 2770; x_wconf 81' lang='lat' dir='ltr'><strong><em>lle</em></strong></span> <span class='ocrx_word' id='word_1_194' title='bbox 511 2720 590 2768; x_wconf 71' lang='lat' dir='ltr'><strong><em>animi</em></strong></span> <span class='ocrx_word' id='word_1_195' title='bbox 606 2719 633 2768; x_wconf 90' lang='lat' dir='ltr'><strong><em>in</em></strong></span> <span class='ocrx_word' id='word_1_196' title='bbox 648 2725 801 2784; x_wconf 66' lang='lat' dir='ltr'><strong><em>prauam</em></strong></span> <span class='ocrx_word' id='word_1_197' title='bbox 818 2719 978 2768; x_wconf 75' lang='lat' dir='ltr'><strong><em>conditionem</em></strong></span> <span class='ocrx_word' id='word_1_198' title='bbox 994 2715 1076 2784; x_wconf 76' lang='lat' dir='ltr'><strong><em>lapsa.</em></strong></span> <span class='ocrx_word' id='word_1_199' title='bbox 1345 2711 1369 2764; x_wconf 71' lang='lat' dir='ltr'><strong><em>ht</em></strong></span> 
     </span>
     <span class='ocr_line' id='line_1_27' title="bbox 187 2817 1332 2886; baseline -0.005 -14"><span class='ocrx_word' id='word_1_200' title='bbox 187 2820 529 2886; x_wconf 80' lang='lat' dir='ltr'><strong><em>Platonicaeldescriptiouis</em></strong></span> <span class='ocrx_word' id='word_1_201' title='bbox 557 2821 696 2869; x_wconf 81' lang='lat' dir='ltr'><strong><em>conclusio.</em></strong></span> <span class='ocrx_word' id='word_1_202' title='bbox 722 2819 806 2868; x_wconf 76' lang='lat' dir='ltr'><strong><em>Aurea</em></strong></span> <span class='ocrx_word' id='word_1_203' title='bbox 827 2821 960 2884; x_wconf 77' lang='lat' dir='ltr'><strong><em>positarum</em></strong></span> <span class='ocrx_word' id='word_1_204' title='bbox 989 2824 1016 2867; x_wconf 83' lang='lat' dir='ltr'><strong><em>et</em></strong></span> <span class='ocrx_word' id='word_1_205' title='bbox 1036 2817 1244 2881; x_wconf 75' lang='lat' dir='ltr'><strong><em>philosophorum</em></strong></span> <span class='ocrx_word' id='word_1_206' title='bbox 1265 2823 1332 2866; x_wconf 82' lang='lat' dir='ltr'><strong><em>setas</em></strong></span> 
     </span>
     <span class='ocr_line' id='line_1_28' title="bbox 154 2903 1331 2976; baseline -0.007 -16"><span class='ocrx_word' id='word_1_207' title='bbox 154 2928 203 2974; x_wconf 88' lang='lat' dir='ltr'><strong><em>qua</em></strong></span> <span class='ocrx_word' id='word_1_208' title='bbox 223 2927 249 2976; x_wconf 84' lang='lat' dir='ltr'><strong><em>re</em></strong></span> <span class='ocrx_word' id='word_1_209' title='bbox 274 2909 396 2958; x_wconf 73' lang='lat' dir='ltr'><strong><em>diversah</em></strong></span> <span class='ocrx_word' id='word_1_210' title='bbox 411 2908 521 2958; x_wconf 81' lang='lat' dir='ltr'><strong><em>Platonis</em></strong></span> <span class='ocrx_word' id='word_1_211' title='bbox 540 2907 655 2956; x_wconf 78' lang='lat' dir='ltr'><strong><em>tabulas</em></strong></span> <span class='ocrx_word' id='word_1_212' title='bbox 677 2907 741 2954; x_wconf 84' lang='lat' dir='ltr'><strong><em>solis</em></strong></span> <span class='ocrx_word' id='word_1_213' title='bbox 764 2921 842 2954; x_wconf 80' lang='lat' dir='ltr'><strong><em>aaron</em></strong></span> <span class='ocrx_word' id='word_1_214' title='bbox 863 2906 976 2970; x_wconf 82' lang='lat' dir='ltr'><strong><em>repetita.</em></strong></span> <span class='ocrx_word' id='word_1_215' title='bbox 1006 2903 1099 2952; x_wconf 76' lang='lat' dir='ltr'><strong><em>Paltos</em></strong></span> <span class='ocrx_word' id='word_1_216' title='bbox 1117 2908 1144 2950; x_wconf 86' lang='lat' dir='ltr'><strong><em>at</em></strong></span> <span class='ocrx_word' id='word_1_217' title='bbox 1163 2904 1331 2967; x_wconf 86' lang='lat' dir='ltr'><strong><em>philosophos</em></strong></span> 
     </span>
     <span class='ocr_line' id='line_1_29' title="bbox 154 2977 1331 3054; baseline -0.008 -8"><span class='ocrx_word' id='word_1_218' title='bbox 154 2998 267 3046; x_wconf 82' lang='lat' dir='ltr'><strong><em>imitatus</em></strong></span> <span class='ocrx_word' id='word_1_219' title='bbox 288 2995 374 3043; x_wconf 90' lang='lat' dir='ltr'><strong><em>Plato:</em></strong></span> <span class='ocrx_word' id='word_1_220' title='bbox 398 2977 446 3044; x_wconf 76' lang='lat' dir='ltr'><strong><em>alia</em></strong></span> <span class='ocrx_word' id='word_1_221' title='bbox 464 2994 566 3044; x_wconf 87' lang='lat' dir='ltr'><strong><em>aliunde</em></strong></span> <span class='ocrx_word' id='word_1_222' title='bbox 583 2993 715 3054; x_wconf 85' lang='lat' dir='ltr'><strong><em>adhibuit,</em></strong></span> <span class='ocrx_word' id='word_1_223' title='bbox 740 3008 792 3041; x_wconf 90' lang='lat' dir='ltr'><strong><em>ncn</em></strong></span> <span class='ocrx_word' id='word_1_224' title='bbox 806 2992 906 3042; x_wconf 87' lang='lat' dir='ltr'><strong><em>lahulaa</em></strong></span> <span class='ocrx_word' id='word_1_225' title='bbox 926 2991 1091 3052; x_wconf 75' lang='lat' dir='ltr'><strong><em>ornamenta,</em></strong></span> <span class='ocrx_word' id='word_1_226' title='bbox 1114 2989 1157 3040; x_wconf 87' lang='lat' dir='ltr'><strong><em>sed</em></strong></span> <span class='ocrx_word' id='word_1_227' title='bbox 1176 2990 1331 3044; x_wconf 81' lang='lat' dir='ltr'><strong><em>senteutiam</em></strong></span> 
     </span>
     <span class='ocr_line' id='line_1_30' title="bbox 150 3082 311 3132; baseline -0.019 0"><span class='ocrx_word' id='word_1_228' title='bbox 150 3082 311 3132; x_wconf 89' lang='lat' dir='ltr'><strong><em>illustrantia.</em></strong></span> 
     </span>
    </p>
   </div>
   <div class='ocr_carea' id='block_1_10' title="bbox 318 3191 1371 3268">
    <p class='ocr_par' dir='ltr' id='par_1_11' title="bbox 318 3191 1371 3268">
     <span class='ocr_line' id='line_1_31' title="bbox 318 3191 1371 3268; baseline -0.01 -15"><span class='ocrx_word' id='word_1_229' title='bbox 318 3199 368 3253; x_wconf 85' lang='lat' dir='ltr'><strong><em>Per</em></strong></span> <span class='ocrx_word' id='word_1_230' title='bbox 384 3201 560 3268; x_wconf 66' lang='lat' dir='ltr'><strong><em>philosophiam</em></strong></span> <span class='ocrx_word' id='word_1_231' title='bbox 577 3202 674 3252; x_wconf 71' lang='lat' dir='ltr'><strong><em>aniam</em></strong></span> <span class='ocrx_word' id='word_1_232' title='bbox 690 3200 718 3249; x_wconf 86' lang='lat' dir='ltr'><strong><em>in</em></strong></span> <span class='ocrx_word' id='word_1_233' title='bbox 734 3200 864 3266; x_wconf 83' lang='lat' dir='ltr'><strong><em>pristsnoia</em></strong></span> <span class='ocrx_word' id='word_1_234' title='bbox 882 3205 917 3248; x_wconf 77' lang='lat' dir='ltr'><strong><em>eet</em></strong></span> <span class='ocrx_word' id='word_1_235' title='bbox 933 3205 1024 3251; x_wconf 62' lang='lat' dir='ltr'><strong><em>sinuas</em></strong></span> <span class='ocrx_word' id='word_1_236' title='bbox 1039 3195 1202 3248; x_wconf 77' lang='lat' dir='ltr'><strong><em>redssaealtss.</em></strong></span> <span class='ocrx_word' id='word_1_237' title='bbox 1341 3191 1371 3242; x_wconf 63' lang='lat'><strong><em>54</em></strong></span> 
     </span>
    </p>
   </div>
   <div class='ocr_carea' id='block_1_11' title="bbox 663 3470 863 3492">
    <p class='ocr_par' dir='ltr' id='par_1_12' title="bbox 663 3470 863 3492">
     <span class='ocr_line' id='line_1_32' title="bbox 663 3470 862 3480; baseline -0.02 0"><span class='ocrx_word' id='word_1_238' title='bbox 663 3470 862 3480; x_wconf 73' lang='lat'><strong><em>-..-————</em></strong></span> 
     </span>
     <span class='ocr_line' id='line_1_33' title="bbox 663 3481 863 3492; baseline -0.005 -1"><span class='ocrx_word' id='word_1_239' title='bbox 663 3481 863 3492; x_wconf 47' lang='lat' dir='ltr'><strong><em>ffl—-n—-n—</em></strong></span> 
     </span>
    </p>
   </div>
   <div class='ocr_carea' id='block_1_12' title="bbox 428 3767 1095 3829">
    <p class='ocr_par' dir='ltr' id='par_1_13' title="bbox 428 3767 1095 3829">
     <span class='ocr_line' id='line_1_34' title="bbox 428 3767 1095 3829; baseline -0.016 0"><span class='ocrx_word' id='word_1_240' title='bbox 428 3767 836 3828; x_wconf 73' lang='lat' dir='ltr'><strong><em>Pulhosol’rm</em></strong></span> <span class='ocrx_word' id='word_1_241' title='bbox 866 3767 1095 3829; x_wconf 69' lang='lat' dir='ltr'><strong><em>Nimim,</em></strong></span> 
     </span>
    </p>
   </div>
   <div class='ocr_carea' id='block_1_13' title="bbox 737 3887 786 3914">
    <p class='ocr_par' dir='ltr' id='par_1_14' title="bbox 737 3887 786 3914">
     <span class='ocr_line' id='line_1_35' title="bbox 737 3887 786 3914; baseline 0.02 -1"><span class='ocrx_word' id='word_1_242' title='bbox 737 3887 786 3914; x_wconf 77' lang='lat' dir='ltr'><strong><em>sm</em></strong></span> 
     </span>
    </p>
   </div>
   <div class='ocr_carea' id='block_1_14' title="bbox 668 3954 851 4021">
    <p class='ocr_par' dir='ltr' id='par_1_15' title="bbox 668 3954 851 4021">
     <span class='ocr_line' id='line_1_36' title="bbox 668 3954 851 4021; baseline -0.027 0"><span class='ocrx_word' id='word_1_243' title='bbox 668 3954 706 4021; x_wconf 78' lang='lat' dir='ltr'><strong><em>aa</em></strong></span> <span class='ocrx_word' id='word_1_244' title='bbox 733 3979 851 4018; x_wconf 79' lang='lat' dir='ltr'><strong><em>suone.</em></strong></span> 
     </span>
    </p>
   </div>
   <div class='ocr_carea' id='block_1_15' title="bbox 144 4068 1326 4236">
    <p class='ocr_par' dir='ltr' id='par_1_16' title="bbox 144 4068 1326 4236">
     <span class='ocr_line' id='line_1_37' title="bbox 180 4068 1326 4148; baseline -0.017 -14"><span class='ocrx_word' id='word_1_245' title='bbox 180 4083 355 4148; x_wconf 88' lang='lat' dir='ltr'><strong><em>Philosophiae</em></strong></span> <span class='ocrx_word' id='word_1_246' title='bbox 371 4081 514 4130; x_wconf 84' lang='lat' dir='ltr'><strong><em>Platonicae</em></strong></span> <span class='ocrx_word' id='word_1_247' title='bbox 530 4095 544 4127; x_wconf 94' lang='lat' dir='ltr'><strong><em>a</em></strong></span> <span class='ocrx_word' id='word_1_248' title='bbox 558 4077 728 4140; x_wconf 80' lang='lat' dir='ltr'><strong><em>simplicitate</em></strong></span> <span class='ocrx_word' id='word_1_249' title='bbox 742 4072 933 4124; x_wconf 86' lang='lat' dir='ltr'><strong><em>commendatio.</em></strong></span> <span class='ocrx_word' id='word_1_250' title='bbox 953 4069 1063 4119; x_wconf 84' lang='lat' dir='ltr'><strong><em>Platonis</em></strong></span> <span class='ocrx_word' id='word_1_251' title='bbox 1077 4068 1258 4130; x_wconf 73' lang='lat' dir='ltr'><strong><em>ingenium</em></strong></span> <span class='ocrx_word' id='word_1_252' title='bbox 1274 4081 1326 4130; x_wconf 84' lang='lat' dir='ltr'><strong><em>quc</em></strong></span> 
     </span>
     <span class='ocr_line' id='line_1_38' title="bbox 144 4168 468 4236; baseline -0.022 -14"><span class='ocrx_word' id='word_1_253' title='bbox 144 4173 217 4222; x_wconf 86' lang='lat' dir='ltr'><strong><em>ruodo</em></strong></span> <span class='ocrx_word' id='word_1_254' title='bbox 235 4187 266 4220; x_wconf 90' lang='lat' dir='ltr'><strong><em>se</em></strong></span> <span class='ocrx_word' id='word_1_255' title='bbox 287 4168 468 4236; x_wconf 82' lang='lat' dir='ltr'><strong><em>explicuit?</em></strong></span> 
     </span>
    </p>
   </div>
   <div class='ocr_carea' id='block_1_16' title="bbox 176 4263 1095 4540">
    <p class='ocr_par' dir='ltr' id='par_1_17' title="bbox 176 4263 1095 4540">
     <span class='ocr_line' id='line_1_39' title="bbox 616 4263 905 4318; baseline -0.017 0"><span class='ocrx_word' id='word_1_256' title='bbox 616 4267 637 4318; x_wconf 85' lang='lat' dir='ltr'><strong><em>l)</em></strong></span> <span class='ocrx_word' id='word_1_257' title='bbox 656 4267 676 4317; x_wconf 86' lang='lat' dir='ltr'><strong>E</strong></span> <span class='ocrx_word' id='word_1_258' title='bbox 715 4267 736 4315; x_wconf 83' lang='grc' dir='ltr'><strong>Α</strong></span> <span class='ocrx_word' id='word_1_259' title='bbox 755 4265 778 4316; x_wconf 82' lang='lat' dir='ltr'><strong><em>li</em></strong></span> <span class='ocrx_word' id='word_1_260' title='bbox 796 4265 819 4317; x_wconf 95' lang='grc'><strong>0</strong></span> <span class='ocrx_word' id='word_1_261' title='bbox 837 4263 859 4314; x_wconf 81' lang='lat' dir='ltr'>R</span> <span class='ocrx_word' id='word_1_262' title='bbox 877 4263 905 4314; x_wconf 88' lang='lat' dir='ltr'><strong><em>E.</em></strong></span> 
     </span>
     <span class='ocr_line' id='line_1_40' title="bbox 273 4355 1095 4442; baseline -0.022 -8"><span class='ocrx_word' id='word_1_263' title='bbox 273 4407 294 4436; x_wconf 70' lang='lat'><strong><em>¹.</em></strong></span> <span class='ocrx_word' id='word_1_264' title='bbox 329 4355 331 4358; x_wconf 22' lang='grc' dir='ltr'>Ι</span> <span class='ocrx_word' id='word_1_265' title='bbox 422 4377 532 4430; x_wconf 79' lang='lat' dir='ltr'><strong><em>Platonis</em></strong></span> <span class='ocrx_word' id='word_1_266' title='bbox 549 4377 578 4430; x_wconf 89' lang='lat' dir='ltr'><strong><em>de</em></strong></span> <span class='ocrx_word' id='word_1_267' title='bbox 595 4375 640 4428; x_wconf 85' lang='lat' dir='ltr'><strong><em>hoc</em></strong></span> <span class='ocrx_word' id='word_1_268' title='bbox 658 4382 802 4440; x_wconf 64' lang='lat' dir='ltr'><strong><em>apamenis</em></strong></span> <span class='ocrx_word' id='word_1_269' title='bbox 818 4367 1005 4442; x_wconf 81' lang='lat' dir='ltr'><strong><em>philosophandi</em></strong></span> <span class='ocrx_word' id='word_1_270' title='bbox 1022 4368 1095 4430; x_wconf 75' lang='lat' dir='ltr'><strong><em>ratio.</em></strong></span> 
     </span>
     <span class='ocr_line' id='line_1_41' title="bbox 176 4474 836 4540; baseline -0.015 -6"><span class='ocrx_word' id='word_1_271' title='bbox 176 4485 249 4534; x_wconf 82' lang='lat' dir='ltr'><strong><em>Vanis</em></strong></span> <span class='ocrx_word' id='word_1_272' title='bbox 266 4497 373 4534; x_wconf 63' lang='lat' dir='ltr'><strong><em>amonem</em></strong></span> <span class='ocrx_word' id='word_1_273' title='bbox 388 4484 549 4532; x_wconf 74' lang='lat' dir='ltr'><strong><em>Platonicam</em></strong></span> <span class='ocrx_word' id='word_1_274' title='bbox 565 4475 750 4540; x_wconf 78' lang='lat' dir='ltr'><strong><em>interpretandi</em></strong></span> <span class='ocrx_word' id='word_1_275' title='bbox 765 4474 836 4526; x_wconf 86' lang='lat' dir='ltr'><strong><em>ratio.</em></strong></span> 
     </span>
    </p>
   </div>
   <div class='ocr_carea' id='block_1_17' title="bbox 0 0 1466 5132">
    <p class='ocr_par' dir='ltr' id='par_1_18' title="bbox 0 0 1466 5132">
     <span class='ocr_line' id='line_1_42' title="bbox 0 0 1466 5132; baseline 0 1"><span class='ocrx_word' id='word_1_276' title='bbox 0 0 1466 5132; x_wconf 95' lang='lat' dir='ltr'><strong><em> </em></strong></span> 
     </span>
    </p>
   </div>
  </div>
 </body>
</html>
