<?xml version="1.0" encoding="UTF-8"?>
<!DOCTYPE html PUBLIC "-//W3C//DTD XHTML 1.0 Transitional//EN"
    "http://www.w3.org/TR/xhtml1/DTD/xhtml1-transitional.dtd">
<html xmlns="http://www.w3.org/1999/xhtml" xml:lang="en" lang="en">
 <head>
  <title>
</title>
<meta http-equiv="Content-Type" content="text/html;charset=utf-8" />
  <meta name='ocr-system' content='tesseract 3.04.00' />
  <meta name='ocr-capabilities' content='ocr_page ocr_carea ocr_par ocr_line ocrx_word'/>
</head>
<body>
  <div class='ocr_page' id='page_1' title='image "./initiaphilosoph02heusgoog_0410.png"; bbox 0 0 2908 5114; ppageno 0'>
   <div class='ocr_carea' id='block_1_1' title="bbox 135 1533 1238 1624">
    <p class='ocr_par' dir='ltr' id='par_1_1' title="bbox 135 1533 1238 1624">
     <span class='ocr_line' id='line_1_1' title="bbox 135 1533 1238 1624; baseline 0 -22"><span class='ocrx_word' id='word_1_1' title='bbox 135 1541 192 1606; x_wconf 80' lang='lat' dir='ltr'><strong>llll</strong></span> <span class='ocrx_word' id='word_1_2' title='bbox 217 1543 345 1610; x_wconf 81' lang='lat' dir='ltr'><strong>VElll</strong></span> <span class='ocrx_word' id='word_1_3' title='bbox 369 1545 507 1610; x_wconf 77' lang='lat' dir='ltr'><strong>trun</strong></span> <span class='ocrx_word' id='word_1_4' title='bbox 532 1546 837 1624; x_wconf 80' lang='lat' dir='ltr'><strong>PLATONEM,</strong></span> <span class='ocrx_word' id='word_1_5' title='bbox 863 1547 985 1614; x_wconf 85' lang='lat' dir='ltr'>SIVE</span> <span class='ocrx_word' id='word_1_6' title='bbox 1008 1543 1080 1606; x_wconf 79' lang='grc' dir='ltr'><strong>τοῦ</strong></span> <span class='ocrx_word' id='word_1_7' title='bbox 1102 1533 1238 1616; x_wconf 71' lang='grc' dir='ltr'><strong><em>ὄντος,</em></strong></span> 
     </span>
    </p>
   </div>
   <div class='ocr_carea' id='block_1_2' title="bbox 549 1719 821 1784">
    <p class='ocr_par' dir='ltr' id='par_1_2' title="bbox 549 1719 821 1784">
     <span class='ocr_line' id='line_1_2' title="bbox 549 1719 821 1784; baseline -0.004 -1"><span class='ocrx_word' id='word_1_8' title='bbox 549 1719 821 1784; x_wconf 84' lang='lat' dir='ltr'><strong>SCIENTlll.</strong></span> 
     </span>
    </p>
   </div>
   <div class='ocr_carea' id='block_1_3' title="bbox 76 2437 1408 4396">
    <p class='ocr_par' dir='ltr' id='par_1_3' title="bbox 78 2437 1408 3697">
     <span class='ocr_line' id='line_1_3' title="bbox 116 2437 1312 2523; baseline 0.001 -24"><span class='ocrx_word' id='word_1_9' title='bbox 116 2441 158 2502; x_wconf 88' lang='lat' dir='ltr'><strong>Sic</strong></span> <span class='ocrx_word' id='word_1_10' title='bbox 175 2460 269 2505; x_wconf 89' lang='lat' dir='ltr'><strong>autern</strong></span> <span class='ocrx_word' id='word_1_11' title='bbox 281 2445 397 2503; x_wconf 89' lang='lat' dir='ltr'><strong>secretis</strong></span> <span class='ocrx_word' id='word_1_12' title='bbox 415 2466 430 2502; x_wconf 89' lang='lat' dir='ltr'><strong>a</strong></span> <span class='ocrx_word' id='word_1_13' title='bbox 451 2441 634 2523; x_wconf 77' lang='lat' dir='ltr'>philosophia</span> <span class='ocrx_word' id='word_1_14' title='bbox 653 2440 785 2512; x_wconf 79' lang='lat' dir='ltr'><strong>Platonis</strong></span> <span class='ocrx_word' id='word_1_15' title='bbox 805 2437 963 2499; x_wconf 78' lang='lat' dir='ltr'><strong>simillimis</strong></span> <span class='ocrx_word' id='word_1_16' title='bbox 981 2441 1145 2520; x_wconf 83' lang='lat' dir='ltr'>quibusque</span> <span class='ocrx_word' id='word_1_17' title='bbox 1162 2463 1227 2502; x_wconf 89' lang='lat' dir='ltr'><strong>curn</strong></span> <span class='ocrx_word' id='word_1_18' title='bbox 1245 2439 1312 2522; x_wconf 86' lang='lat' dir='ltr'><strong>plri-</strong></span> 
     </span>
     <span class='ocr_line' id='line_1_4' title="bbox 88 2533 1312 2622; baseline 0 -26"><span class='ocrx_word' id='word_1_19' title='bbox 88 2535 258 2620; x_wconf 89' lang='lat' dir='ltr'><strong>losophorum</strong></span> <span class='ocrx_word' id='word_1_20' title='bbox 270 2542 407 2622; x_wconf 86' lang='lat' dir='ltr'><strong>placitis,</strong></span> <span class='ocrx_word' id='word_1_21' title='bbox 429 2555 489 2600; x_wconf 89' lang='lat' dir='ltr'><strong>turn</strong></span> <span class='ocrx_word' id='word_1_22' title='bbox 510 2541 601 2618; x_wconf 80' lang='lat' dir='ltr'><strong>effatis</strong></span> <span class='ocrx_word' id='word_1_23' title='bbox 619 2541 704 2598; x_wconf 88' lang='lat' dir='ltr'><strong>ctiam</strong></span> <span class='ocrx_word' id='word_1_24' title='bbox 722 2537 853 2612; x_wconf 88' lang='lat' dir='ltr'><strong>divinis,</strong></span> <span class='ocrx_word' id='word_1_25' title='bbox 870 2538 935 2615; x_wconf 88' lang='lat' dir='ltr'><strong>quis</strong></span> <span class='ocrx_word' id='word_1_26' title='bbox 953 2533 1015 2614; x_wconf 86' lang='lat' dir='ltr'><strong>ejus</strong></span> <span class='ocrx_word' id='word_1_27' title='bbox 1031 2539 1108 2611; x_wconf 75' lang='lat' dir='ltr'><strong>finis</strong></span> <span class='ocrx_word' id='word_1_28' title='bbox 1120 2541 1157 2598; x_wconf 88' lang='lat' dir='ltr'><strong>sit</strong></span> <span class='ocrx_word' id='word_1_29' title='bbox 1173 2541 1312 2614; x_wconf 81' lang='lat' dir='ltr'>maxime,</span> 
     </span>
     <span class='ocr_line' id='line_1_5' title="bbox 85 2633 1311 2718; baseline 0.001 -26"><span class='ocrx_word' id='word_1_30' title='bbox 85 2649 170 2711; x_wconf 87' lang='lat' dir='ltr'><strong>patere</strong></span> <span class='ocrx_word' id='word_1_31' title='bbox 191 2640 277 2718; x_wconf 85' lang='lat' dir='ltr'><strong>nobis</strong></span> <span class='ocrx_word' id='word_1_32' title='bbox 294 2638 507 2718; x_wconf 85' lang='lat' dir='ltr'><strong>quodammodo</strong></span> <span class='ocrx_word' id='word_1_33' title='bbox 525 2637 645 2716; x_wconf 86' lang='lat' dir='ltr'><strong>incipit:</strong></span> <span class='ocrx_word' id='word_1_34' title='bbox 677 2634 836 2712; x_wconf 87' lang='lat' dir='ltr'><strong>videorque</strong></span> <span class='ocrx_word' id='word_1_35' title='bbox 855 2633 929 2692; x_wconf 88' lang='lat' dir='ltr'><strong>mihi</strong></span> <span class='ocrx_word' id='word_1_36' title='bbox 949 2654 1085 2707; x_wconf 87' lang='lat' dir='ltr'><strong>cernere,</strong></span> <span class='ocrx_word' id='word_1_37' title='bbox 1105 2636 1234 2693; x_wconf 76' lang='lat' dir='ltr'><strong>hominis</strong></span> <span class='ocrx_word' id='word_1_38' title='bbox 1251 2655 1311 2694; x_wconf 89' lang='lat' dir='ltr'><strong>eam</strong></span> 
     </span>
     <span class='ocr_line' id='line_1_6' title="bbox 83 2732 1311 2813; baseline 0.001 -23"><span class='ocrx_word' id='word_1_39' title='bbox 83 2735 187 2813; x_wconf 82' lang='lat' dir='ltr'><strong>proprie</strong></span> <span class='ocrx_word' id='word_1_40' title='bbox 218 2758 279 2797; x_wconf 89' lang='lat' dir='ltr'><strong>esse</strong></span> <span class='ocrx_word' id='word_1_41' title='bbox 308 2739 348 2794; x_wconf 87' lang='lat' dir='ltr'><strong>ad</strong></span> <span class='ocrx_word' id='word_1_42' title='bbox 377 2743 520 2794; x_wconf 75' lang='lat' dir='ltr'><strong>veritatis</strong></span> <span class='ocrx_word' id='word_1_43' title='bbox 549 2741 708 2792; x_wconf 77' lang='lat' dir='ltr'><strong>scientiam</strong></span> <span class='ocrx_word' id='word_1_44' title='bbox 738 2739 975 2790; x_wconf 70' lang='lat' dir='ltr'><strong>institutionem.</strong></span> <span class='ocrx_word' id='word_1_45' title='bbox 1018 2732 1091 2790; x_wconf 81' lang='lat' dir='ltr'><strong>Nam</strong></span> <span class='ocrx_word' id='word_1_46' title='bbox 1108 2733 1146 2792; x_wconf 88' lang='lat' dir='ltr'><strong>ad</strong></span> <span class='ocrx_word' id='word_1_47' title='bbox 1164 2735 1311 2792; x_wconf 79' lang='lat' dir='ltr'><strong>honrinem</strong></span> 
     </span>
     <span class='ocr_line' id='line_1_7' title="bbox 84 2829 1312 2911; baseline 0.007 -28"><span class='ocrx_word' id='word_1_48' title='bbox 84 2830 193 2891; x_wconf 86' lang='lat' dir='ltr'><strong>relertur</strong></span> <span class='ocrx_word' id='word_1_49' title='bbox 215 2848 292 2908; x_wconf 86' lang='lat' dir='ltr'><strong>tota,</strong></span> <span class='ocrx_word' id='word_1_50' title='bbox 321 2847 353 2892; x_wconf 92' lang='lat' dir='ltr'><strong>ut</strong></span> <span class='ocrx_word' id='word_1_51' title='bbox 381 2833 451 2891; x_wconf 89' lang='lat' dir='ltr'><strong>hacc</strong></span> <span class='ocrx_word' id='word_1_52' title='bbox 470 2831 565 2890; x_wconf 88' lang='lat' dir='ltr'><strong>omnis</strong></span> <span class='ocrx_word' id='word_1_53' title='bbox 583 2852 636 2890; x_wconf 88' lang='lat' dir='ltr'><strong>nos</strong></span> <span class='ocrx_word' id='word_1_54' title='bbox 656 2829 757 2890; x_wconf 90' lang='lat' dir='ltr'><strong>docuit</strong></span> <span class='ocrx_word' id='word_1_55' title='bbox 782 2829 950 2907; x_wconf 84' lang='lat' dir='ltr'><strong>disquisitio</strong></span> <span class='ocrx_word' id='word_1_56' title='bbox 968 2842 1084 2888; x_wconf 86' lang='lat' dir='ltr'><strong>nostra:</strong></span> <span class='ocrx_word' id='word_1_57' title='bbox 1105 2831 1137 2888; x_wconf 87' lang='lat' dir='ltr'><strong>iu</strong></span> <span class='ocrx_word' id='word_1_58' title='bbox 1151 2832 1312 2911; x_wconf 81' lang='lat' dir='ltr'><strong>exploran-</strong></span> 
     </span>
     <span class='ocr_line' id='line_1_8' title="bbox 85 2923 1312 3009; baseline 0.004 -27"><span class='ocrx_word' id='word_1_59' title='bbox 85 2923 116 2984; x_wconf 91' lang='lat' dir='ltr'><strong>do</strong></span> <span class='ocrx_word' id='word_1_60' title='bbox 134 2944 221 2990; x_wconf 83' lang='lat' dir='ltr'><strong>sutem</strong></span> <span class='ocrx_word' id='word_1_61' title='bbox 243 2931 363 2990; x_wconf 89' lang='lat' dir='ltr'><strong>homine</strong></span> <span class='ocrx_word' id='word_1_62' title='bbox 382 2931 427 2990; x_wconf 91' lang='lat' dir='ltr'><strong>nil</strong></span> <span class='ocrx_word' id='word_1_63' title='bbox 448 2929 538 3008; x_wconf 83' lang='lat' dir='ltr'><strong>magis</strong></span> <span class='ocrx_word' id='word_1_64' title='bbox 558 2942 688 3009; x_wconf 84' lang='lat' dir='ltr'><strong>spectat,</strong></span> <span class='ocrx_word' id='word_1_65' title='bbox 705 2947 810 3005; x_wconf 86' lang='lat' dir='ltr'><strong>quam,</strong></span> <span class='ocrx_word' id='word_1_66' title='bbox 830 2938 861 2985; x_wconf 93' lang='lat' dir='ltr'><strong>ut</strong></span> <span class='ocrx_word' id='word_1_67' title='bbox 881 2924 997 2985; x_wconf 86' lang='lat' dir='ltr'><strong>erudiat</strong></span> <span class='ocrx_word' id='word_1_68' title='bbox 1017 2945 1089 3000; x_wconf 87' lang='lat' dir='ltr'><strong>nos,</strong></span> <span class='ocrx_word' id='word_1_69' title='bbox 1110 2941 1141 2984; x_wconf 88' lang='lat' dir='ltr'><strong>ut</strong></span> <span class='ocrx_word' id='word_1_70' title='bbox 1158 2928 1312 3008; x_wconf 73' lang='lat' dir='ltr'><strong>perficiat,</strong></span> 
     </span>
     <span class='ocr_line' id='line_1_9' title="bbox 82 3013 1343 3105; baseline 0.003 -26"><span class='ocrx_word' id='word_1_71' title='bbox 82 3020 108 3080; x_wconf 91' lang='lat' dir='ltr'><strong>in</strong></span> <span class='ocrx_word' id='word_1_72' title='bbox 125 3024 212 3104; x_wconf 90' lang='lat' dir='ltr'><strong>ipsum</strong></span> <span class='ocrx_word' id='word_1_73' title='bbox 233 3050 287 3088; x_wconf 89' lang='lat' dir='ltr'><strong>nos</strong></span> <span class='ocrx_word' id='word_1_74' title='bbox 303 3027 392 3087; x_wconf 91' lang='lat' dir='ltr'><strong>ducat</strong></span> <span class='ocrx_word' id='word_1_75' title='bbox 415 3029 546 3090; x_wconf 82' lang='lat' dir='ltr'><strong>veritatis</strong></span> <span class='ocrx_word' id='word_1_76' title='bbox 562 3046 697 3105; x_wconf 83' lang='lat' dir='ltr'><strong>regnum.</strong></span> <span class='ocrx_word' id='word_1_77' title='bbox 730 3021 936 3102; x_wconf 88' lang='lat' dir='ltr'><strong>Quaerendum</strong></span> <span class='ocrx_word' id='word_1_78' title='bbox 946 3023 1035 3103; x_wconf 84' lang='lat' dir='ltr'><strong>igitur</strong></span> <span class='ocrx_word' id='word_1_79' title='bbox 1051 3045 1131 3083; x_wconf 91' lang='lat' dir='ltr'><strong>nunc</strong></span> <span class='ocrx_word' id='word_1_80' title='bbox 1151 3024 1236 3083; x_wconf 87' lang='lat' dir='ltr'><strong>nobis</strong></span> <span class='ocrx_word' id='word_1_81' title='bbox 1245 3046 1312 3105; x_wconf 92' lang='lat' dir='ltr'><strong>por·</strong></span> <span class='ocrx_word' id='word_1_82' title='bbox 1337 3013 1343 3022; x_wconf 52' lang='lat'>¹</span> 
     </span>
     <span class='ocr_line' id='line_1_10' title="bbox 80 3109 1408 3206; baseline 0 -28"><span class='ocrx_word' id='word_1_83' title='bbox 80 3120 156 3193; x_wconf 77' lang='lat' dir='ltr'><strong>rode</strong></span> <span class='ocrx_word' id='word_1_84' title='bbox 184 3123 237 3184; x_wconf 88' lang='lat' dir='ltr'><strong>hac</strong></span> <span class='ocrx_word' id='word_1_85' title='bbox 264 3127 326 3206; x_wconf 88' lang='lat' dir='ltr'><strong>ipsa</strong></span> <span class='ocrx_word' id='word_1_86' title='bbox 359 3126 508 3202; x_wconf 86' lang='lat' dir='ltr'><strong>veritatis,</strong></span> <span class='ocrx_word' id='word_1_87' title='bbox 536 3122 591 3184; x_wconf 79' lang='grc' dir='ltr'><strong>τοῦ</strong></span> <span class='ocrx_word' id='word_1_88' title='bbox 620 3117 721 3200; x_wconf 74' lang='grc' dir='ltr'><strong><em>ὄντος,</em></strong></span> <span class='ocrx_word' id='word_1_89' title='bbox 754 3117 848 3184; x_wconf 69' lang='grc' dir='ltr'><em>αὐτοῦ</em></span> <span class='ocrx_word' id='word_1_90' title='bbox 882 3119 937 3184; x_wconf 81' lang='grc' dir='ltr'><strong>τοῦ</strong></span> <span class='ocrx_word' id='word_1_91' title='bbox 961 3113 1064 3195; x_wconf 78' lang='grc' dir='ltr'><strong><em>ὄντος,</em></strong></span> <span class='ocrx_word' id='word_1_92' title='bbox 1096 3129 1308 3198; x_wconf 78' lang='lat' dir='ltr'><strong>scientio,</strong></span> <span class='ocrx_word' id='word_1_93' title='bbox 1401 3109 1408 3117; x_wconf 56' lang='lat'><strong>¹</strong></span> 
     </span>
     <span class='ocr_line' id='line_1_11' title="bbox 81 3218 1361 3306; baseline 0.002 -32"><span class='ocrx_word' id='word_1_94' title='bbox 81 3218 144 3293; x_wconf 89' lang='lat' dir='ltr'><strong>quid</strong></span> <span class='ocrx_word' id='word_1_95' title='bbox 162 3223 285 3284; x_wconf 86' lang='lat' dir='ltr'><strong>tandem</strong></span> <span class='ocrx_word' id='word_1_96' title='bbox 299 3225 355 3298; x_wconf 91' lang='lat' dir='ltr'><strong>sit,</strong></span> <span class='ocrx_word' id='word_1_97' title='bbox 377 3222 516 3300; x_wconf 87' lang='lat' dir='ltr'><strong>videtur,</strong></span> <span class='ocrx_word' id='word_1_98' title='bbox 537 3239 569 3284; x_wconf 92' lang='lat' dir='ltr'><strong>ut</strong></span> <span class='ocrx_word' id='word_1_99' title='bbox 587 3225 624 3284; x_wconf 91' lang='lat' dir='ltr'><strong>de</strong></span> <span class='ocrx_word' id='word_1_100' title='bbox 643 3225 703 3286; x_wconf 86' lang='lat' dir='ltr'><strong>fine</strong></span> <span class='ocrx_word' id='word_1_101' title='bbox 720 3226 888 3286; x_wconf 78' lang='lat' dir='ltr'><strong>Platonicae</strong></span> <span class='ocrx_word' id='word_1_102' title='bbox 907 3223 1110 3306; x_wconf 75' lang='lat' dir='ltr'><strong>philosophiae</strong></span> <span class='ocrx_word' id='word_1_103' title='bbox 1128 3233 1240 3280; x_wconf 86' lang='lat' dir='ltr'><strong>constet</strong></span> <span class='ocrx_word' id='word_1_104' title='bbox 1255 3242 1311 3279; x_wconf 83' lang='lat' dir='ltr'><strong>no-</strong></span> <span class='ocrx_word' id='word_1_105' title='bbox 1357 3285 1361 3296; x_wconf 32' lang='grc' dir='ltr'>ι</span> 
     </span>
     <span class='ocr_line' id='line_1_12' title="bbox 83 3304 1322 3404; baseline 0.004 -34"><span class='ocrx_word' id='word_1_106' title='bbox 83 3310 122 3373; x_wconf 89' lang='lat' dir='ltr'><strong>his</strong></span> <span class='ocrx_word' id='word_1_107' title='bbox 138 3318 306 3399; x_wconf 87' lang='lat' dir='ltr'><strong>aliquando.</strong></span> <span class='ocrx_word' id='word_1_108' title='bbox 348 3318 459 3393; x_wconf 89' lang='lat' dir='ltr'><strong>Quodsi</strong></span> <span class='ocrx_word' id='word_1_109' title='bbox 477 3321 564 3380; x_wconf 86' lang='lat' dir='ltr'><strong>talem</strong></span> <span class='ocrx_word' id='word_1_110' title='bbox 575 3322 655 3383; x_wconf 88' lang='lat' dir='ltr'><strong>lruno</strong></span> <span class='ocrx_word' id='word_1_111' title='bbox 675 3320 916 3404; x_wconf 87' lang='lat' dir='ltr'><strong>compererimus,</strong></span> <span class='ocrx_word' id='word_1_112' title='bbox 931 3321 1047 3400; x_wconf 85' lang='lat' dir='ltr'><strong>qualem</strong></span> <span class='ocrx_word' id='word_1_113' title='bbox 1061 3341 1141 3380; x_wconf 91' lang='lat' dir='ltr'><strong>nuno</strong></span> <span class='ocrx_word' id='word_1_114' title='bbox 1151 3339 1210 3378; x_wconf 87' lang='lat' dir='ltr'><strong>esse</strong></span> <span class='ocrx_word' id='word_1_115' title='bbox 1225 3304 1322 3398; x_wconf 63' lang='lat' dir='ltr'><strong>augo-⁵</strong></span> 
     </span>
     <span class='ocr_line' id='line_1_13' title="bbox 81 3403 1386 3502; baseline 0.005 -35"><span class='ocrx_word' id='word_1_116' title='bbox 81 3431 184 3492; x_wconf 86' lang='lat' dir='ltr'><strong>ramur,</strong></span> <span class='ocrx_word' id='word_1_117' title='bbox 205 3419 374 3480; x_wconf 87' lang='lat' dir='ltr'><strong>videbimus</strong></span> <span class='ocrx_word' id='word_1_118' title='bbox 401 3420 552 3499; x_wconf 85' lang='lat' dir='ltr'><strong>prolecto,</strong></span> <span class='ocrx_word' id='word_1_119' title='bbox 585 3420 638 3480; x_wconf 91' lang='lat' dir='ltr'><strong>hoc</strong></span> <span class='ocrx_word' id='word_1_120' title='bbox 659 3423 808 3502; x_wconf 89' lang='lat' dir='ltr'><strong>proposito</strong></span> <span class='ocrx_word' id='word_1_121' title='bbox 828 3420 977 3502; x_wconf 85' lang='lat' dir='ltr'><strong>praeclaro</strong></span> <span class='ocrx_word' id='word_1_122' title='bbox 997 3419 1213 3502; x_wconf 80' lang='lat' dir='ltr'><strong>philosophiam</strong></span> <span class='ocrx_word' id='word_1_123' title='bbox 1230 3415 1312 3474; x_wconf 87' lang='lat' dir='ltr'><strong>illam</strong></span> <span class='ocrx_word' id='word_1_124' title='bbox 1381 3403 1386 3416; x_wconf 74' lang='grc'><em>’</em></span> 
     </span>
     <span class='ocr_line' id='line_1_14' title="bbox 78 3514 1313 3598; baseline 0 -28"><span class='ocrx_word' id='word_1_125' title='bbox 78 3528 135 3570; x_wconf 81' lang='lat' dir='ltr'><strong>tum</strong></span> <span class='ocrx_word' id='word_1_126' title='bbox 153 3514 297 3598; x_wconf 82' lang='lat' dir='ltr'><strong>distingui</strong></span> <span class='ocrx_word' id='word_1_127' title='bbox 324 3518 449 3576; x_wconf 82' lang='lat' dir='ltr'><strong>maximo</strong></span> <span class='ocrx_word' id='word_1_128' title='bbox 479 3517 517 3576; x_wconf 90' lang='lat' dir='ltr'><strong>ab</strong></span> <span class='ocrx_word' id='word_1_129' title='bbox 548 3518 666 3578; x_wconf 84' lang='lat' dir='ltr'><strong>illorum</strong></span> <span class='ocrx_word' id='word_1_130' title='bbox 694 3519 857 3593; x_wconf 86' lang='lat' dir='ltr'><strong>doctrinis,</strong></span> <span class='ocrx_word' id='word_1_131' title='bbox 882 3518 990 3598; x_wconf 88' lang='lat' dir='ltr'><strong>quibus</strong></span> <span class='ocrx_word' id='word_1_132' title='bbox 1009 3535 1173 3577; x_wconf 89' lang='lat' dir='ltr'><strong>caussarum</strong></span> <span class='ocrx_word' id='word_1_133' title='bbox 1192 3514 1313 3573; x_wconf 83' lang='lat' dir='ltr'><strong>scientia</strong></span> 
     </span>
     <span class='ocr_line' id='line_1_15' title="bbox 79 3609 1138 3697; baseline 0.01 -34"><span class='ocrx_word' id='word_1_134' title='bbox 79 3609 171 3670; x_wconf 88' lang='lat' dir='ltr'><strong>unicus</strong></span> <span class='ocrx_word' id='word_1_135' title='bbox 188 3613 257 3673; x_wconf 83' lang='lat' dir='ltr'><strong>finis</strong></span> <span class='ocrx_word' id='word_1_136' title='bbox 278 3629 338 3689; x_wconf 89' lang='lat' dir='ltr'><strong>est,</strong></span> <span class='ocrx_word' id='word_1_137' title='bbox 358 3629 420 3674; x_wconf 89' lang='lat' dir='ltr'><strong>tum</strong></span> <span class='ocrx_word' id='word_1_138' title='bbox 439 3616 571 3694; x_wconf 86' lang='lat' dir='ltr'><strong>proxime</strong></span> <span class='ocrx_word' id='word_1_139' title='bbox 590 3638 605 3675; x_wconf 86' lang='lat' dir='ltr'><strong>a</strong></span> <span class='ocrx_word' id='word_1_140' title='bbox 626 3614 739 3678; x_wconf 78' lang='lat' dir='ltr'><strong>divinis</strong></span> <span class='ocrx_word' id='word_1_141' title='bbox 759 3617 921 3697; x_wconf 84' lang='lat' dir='ltr'><strong>praeceptis</strong></span> <span class='ocrx_word' id='word_1_142' title='bbox 941 3614 1049 3675; x_wconf 87' lang='lat' dir='ltr'><strong>abesse.</strong></span> <span class='ocrx_word' id='word_1_143' title='bbox 1132 3611 1138 3618; x_wconf 76' lang='grc'><strong>’</strong></span> 
     </span>
    </p>

    <p class='ocr_par' dir='ltr' id='par_1_4' title="bbox 76 3706 1312 4396">
     <span class='ocr_line' id='line_1_16' title="bbox 112 3706 1309 3792; baseline -0.002 -25"><span class='ocrx_word' id='word_1_144' title='bbox 112 3706 164 3769; x_wconf 83' lang='lat' dir='ltr'><strong>Sed</strong></span> <span class='ocrx_word' id='word_1_145' title='bbox 183 3709 240 3771; x_wconf 93' lang='lat' dir='ltr'><strong>huc</strong></span> <span class='ocrx_word' id='word_1_146' title='bbox 261 3712 517 3792; x_wconf 84' lang='lat' dir='ltr'><strong>progredientibus</strong></span> <span class='ocrx_word' id='word_1_147' title='bbox 538 3712 674 3791; x_wconf 88' lang='lat' dir='ltr'><strong>tandem,</strong></span> <span class='ocrx_word' id='word_1_148' title='bbox 692 3715 726 3773; x_wconf 90' lang='lat' dir='ltr'><strong>in</strong></span> <span class='ocrx_word' id='word_1_149' title='bbox 744 3728 871 3774; x_wconf 88' lang='lat' dir='ltr'><strong>mentem</strong></span> <span class='ocrx_word' id='word_1_150' title='bbox 882 3712 966 3772; x_wconf 88' lang='lat' dir='ltr'><strong>nobis</strong></span> <span class='ocrx_word' id='word_1_151' title='bbox 985 3711 1178 3792; x_wconf 88' lang='lat' dir='ltr'><strong>sophistarum</strong></span> <span class='ocrx_word' id='word_1_152' title='bbox 1190 3711 1309 3768; x_wconf 88' lang='lat' dir='ltr'><strong>istorum</strong></span> 
     </span>
     <span class='ocr_line' id='line_1_17' title="bbox 78 3806 1311 3892; baseline 0.006 -35"><span class='ocrx_word' id='word_1_153' title='bbox 78 3815 101 3859; x_wconf 88' lang='lat' dir='ltr'><strong>et</strong></span> <span class='ocrx_word' id='word_1_154' title='bbox 117 3822 255 3869; x_wconf 82' lang='lat' dir='ltr'><strong>oratorum</strong></span> <span class='ocrx_word' id='word_1_155' title='bbox 275 3811 374 3885; x_wconf 87' lang='lat' dir='ltr'><strong>venit,</strong></span> <span class='ocrx_word' id='word_1_156' title='bbox 394 3811 490 3890; x_wconf 89' lang='lat' dir='ltr'><strong>quiin</strong></span> <span class='ocrx_word' id='word_1_157' title='bbox 508 3812 571 3892; x_wconf 89' lang='lat' dir='ltr'><strong>ipso</strong></span> <span class='ocrx_word' id='word_1_158' title='bbox 590 3812 705 3871; x_wconf 86' lang='lat' dir='ltr'><strong>itineris</strong></span> <span class='ocrx_word' id='word_1_159' title='bbox 725 3813 818 3872; x_wconf 90' lang='lat' dir='ltr'><strong>nostri</strong></span> <span class='ocrx_word' id='word_1_160' title='bbox 844 3806 1017 3892; x_wconf 33' lang='lat' dir='ltr'><strong>ingressussl)</strong></span> <span class='ocrx_word' id='word_1_161' title='bbox 1038 3808 1138 3867; x_wconf 89' lang='lat' dir='ltr'><strong>inania</strong></span> <span class='ocrx_word' id='word_1_162' title='bbox 1158 3826 1311 3886; x_wconf 81' lang='lat' dir='ltr'><strong>nosagere,</strong></span> 
     </span>
     <span class='ocr_line' id='line_1_18' title="bbox 77 3900 1311 3987; baseline 0.001 -23"><span class='ocrx_word' id='word_1_163' title='bbox 77 3900 97 3958; x_wconf 70' lang='lat' dir='ltr'><strong>si</strong></span> <span class='ocrx_word' id='word_1_164' title='bbox 115 3906 261 3968; x_wconf 83' lang='lat' dir='ltr'><strong>veritatem</strong></span> <span class='ocrx_word' id='word_1_165' title='bbox 282 3909 478 3974; x_wconf 59' lang='lat' dir='ltr'><strong>ettscientiam</strong></span> <span class='ocrx_word' id='word_1_166' title='bbox 499 3930 717 3987; x_wconf 87' lang='lat' dir='ltr'><strong>quaereremus,</strong></span> <span class='ocrx_word' id='word_1_167' title='bbox 744 3909 928 3981; x_wconf 87' lang='lat' dir='ltr'><strong>clamabant,</strong></span> <span class='ocrx_word' id='word_1_168' title='bbox 949 3905 1100 3966; x_wconf 85' lang='lat' dir='ltr'><strong>veritatem</strong></span> <span class='ocrx_word' id='word_1_169' title='bbox 1119 3927 1179 3966; x_wconf 89' lang='lat' dir='ltr'><strong>esse</strong></span> <span class='ocrx_word' id='word_1_170' title='bbox 1199 3905 1311 3965; x_wconf 83' lang='lat' dir='ltr'><strong>nullan</strong></span> 
     </span>
     <span class='ocr_line' id='line_1_19' title="bbox 76 4001 1312 4086; baseline 0.002 -30"><span class='ocrx_word' id='word_1_171' title='bbox 76 4003 295 4081; x_wconf 85' lang='lat' dir='ltr'><strong>contendentes,</strong></span> <span class='ocrx_word' id='word_1_172' title='bbox 318 4017 405 4066; x_wconf 87' lang='lat' dir='ltr'><strong>u&#39;nam</strong></span> <span class='ocrx_word' id='word_1_173' title='bbox 423 4006 455 4066; x_wconf 91' lang='lat' dir='ltr'><strong>in</strong></span> <span class='ocrx_word' id='word_1_174' title='bbox 471 4006 558 4067; x_wconf 89' lang='lat' dir='ltr'><strong>rebus</strong></span> <span class='ocrx_word' id='word_1_175' title='bbox 588 4007 725 4067; x_wconf 87' lang='lat' dir='ltr'><strong>humanis</strong></span> <span class='ocrx_word' id='word_1_176' title='bbox 753 4015 923 4086; x_wconf 79' lang='lat' dir='ltr'><strong>opinionem</strong></span> <span class='ocrx_word' id='word_1_177' title='bbox 942 4003 1097 4064; x_wconf 84' lang='lat' dir='ltr'><strong>dominari.</strong></span> <span class='ocrx_word' id='word_1_178' title='bbox 1151 4005 1185 4063; x_wconf 91' lang='lat' dir='ltr'><strong>ln</strong></span> <span class='ocrx_word' id='word_1_179' title='bbox 1204 4001 1312 4083; x_wconf 79' lang='lat' dir='ltr'><strong>quibus</strong></span> 
     </span>
     <span class='ocr_line' id='line_1_20' title="bbox 77 4104 1310 4186; baseline 0.004 -34"><span class='ocrx_word' id='word_1_180' title='bbox 77 4114 148 4158; x_wconf 87' lang='lat' dir='ltr'><strong>erant</strong></span> <span class='ocrx_word' id='word_1_181' title='bbox 167 4104 216 4181; x_wconf 90' lang='lat' dir='ltr'><strong>qui</strong></span> <span class='ocrx_word' id='word_1_182' title='bbox 238 4104 350 4174; x_wconf 84' lang='lat' dir='ltr'><strong>dehac</strong></span> <span class='ocrx_word' id='word_1_183' title='bbox 376 4106 440 4186; x_wconf 91' lang='lat' dir='ltr'><strong>ipsa</strong></span> <span class='ocrx_word' id='word_1_184' title='bbox 461 4126 509 4180; x_wconf 90' lang='lat' dir='ltr'><strong>re,</strong></span> <span class='ocrx_word' id='word_1_185' title='bbox 522 4163 524 4168; x_wconf 89' lang='grc'>,</span> <span class='ocrx_word' id='word_1_186' title='bbox 538 4105 575 4166; x_wconf 87' lang='lat' dir='ltr'><strong>de</strong></span> <span class='ocrx_word' id='word_1_187' title='bbox 593 4115 749 4183; x_wconf 80' lang='lat' dir='ltr'><strong>opinione,</strong></span> <span class='ocrx_word' id='word_1_188' title='bbox 777 4106 845 4165; x_wconf 88' lang='lat' dir='ltr'><strong>satis</strong></span> <span class='ocrx_word' id='word_1_189' title='bbox 873 4116 972 4177; x_wconf 86' lang='lat' dir='ltr'><strong>acute,</strong></span> <span class='ocrx_word' id='word_1_190' title='bbox 992 4104 1099 4183; x_wconf 86' lang='lat' dir='ltr'><strong>partim</strong></span> <span class='ocrx_word' id='word_1_191' title='bbox 1119 4105 1205 4162; x_wconf 79' lang='lat' dir='ltr'><strong>etiam</strong></span> <span class='ocrx_word' id='word_1_192' title='bbox 1225 4119 1310 4170; x_wconf 81' lang='lat' dir='ltr'><strong>vere,</strong></span> 
     </span>
     <span class='ocr_line' id='line_1_21' title="bbox 77 4191 1312 4285; baseline 0.002 -35"><span class='ocrx_word' id='word_1_193' title='bbox 77 4191 217 4259; x_wconf 86' lang='lat' dir='ltr'><strong>dicerent:</strong></span> <span class='ocrx_word' id='word_1_194' title='bbox 238 4203 271 4262; x_wconf 90' lang='lat' dir='ltr'><strong>in</strong></span> <span class='ocrx_word' id='word_1_195' title='bbox 293 4203 395 4284; x_wconf 89' lang='lat' dir='ltr'><strong>primis</strong></span> <span class='ocrx_word' id='word_1_196' title='bbox 413 4204 596 4285; x_wconf 79' lang='lat' dir='ltr'><strong>Protagoras,</strong></span> <span class='ocrx_word' id='word_1_197' title='bbox 626 4205 680 4282; x_wconf 88' lang='lat' dir='ltr'><strong>&#39;qui</strong></span> <span class='ocrx_word' id='word_1_198' title='bbox 700 4201 779 4262; x_wconf 91' lang='lat' dir='ltr'><strong>illud</strong></span> <span class='ocrx_word' id='word_1_199' title='bbox 798 4201 954 4282; x_wconf 81' lang='lat' dir='ltr'><strong>crepabat,</strong></span> <span class='ocrx_word' id='word_1_200' title='bbox 972 4209 1104 4265; x_wconf 73' lang='lat' dir='ltr'><strong>oninium</strong></span> <span class='ocrx_word' id='word_1_201' title='bbox 1136 4217 1243 4257; x_wconf 83' lang='lat' dir='ltr'><strong>rerum</strong></span> <span class='ocrx_word' id='word_1_202' title='bbox 1261 4195 1312 4253; x_wconf 77' lang='lat' dir='ltr'><strong>lto·</strong></span> 
     </span>
     <span class='ocr_line' id='line_1_22' title="bbox 76 4295 1309 4396; baseline 0.005 -46"><span class='ocrx_word' id='word_1_203' title='bbox 76 4299 176 4356; x_wconf 81' lang='lat' dir='ltr'><strong>minem</strong></span> <span class='ocrx_word' id='word_1_204' title='bbox 196 4321 259 4358; x_wconf 82' lang='lat' dir='ltr'><strong>om</strong></span> <span class='ocrx_word' id='word_1_205' title='bbox 279 4321 463 4362; x_wconf 69' lang='lat' dir='ltr'><strong>numerarem.</strong></span> <span class='ocrx_word' id='word_1_206' title='bbox 506 4303 564 4362; x_wconf 84' lang='lat' dir='ltr'><strong>Nos</strong></span> <span class='ocrx_word' id='word_1_207' title='bbox 579 4317 641 4363; x_wconf 87' lang='lat' dir='ltr'><strong>tum</strong></span> <span class='ocrx_word' id='word_1_208' title='bbox 661 4298 779 4380; x_wconf 87' lang='lat' dir='ltr'><strong>quidem</strong></span> <span class='ocrx_word' id='word_1_209' title='bbox 798 4297 866 4360; x_wconf 90' lang='lat' dir='ltr'><strong>illos</strong></span> <span class='ocrx_word' id='word_1_210' title='bbox 884 4321 944 4361; x_wconf 89' lang='lat' dir='ltr'><strong>non</strong></span> <span class='ocrx_word' id='word_1_211' title='bbox 964 4303 1067 4363; x_wconf 84' lang='lat' dir='ltr'><strong>morati</strong></span> <span class='ocrx_word' id='word_1_212' title='bbox 1088 4318 1195 4396; x_wconf 79' lang='lat' dir='ltr'><strong>sumus.</strong></span> <span class='ocrx_word' id='word_1_213' title='bbox 1238 4295 1260 4352; x_wconf 90' lang='lat' dir='ltr'>F</span> <span class='ocrx_word' id='word_1_214' title='bbox 1263 4296 1309 4356; x_wconf 78' lang='lat' dir='ltr'><strong>la-</strong></span> 
     </span>
    </p>
   </div>
   <div class='ocr_carea' id='block_1_4' title="bbox 84 4427 331 4449">
    <p class='ocr_par' dir='ltr' id='par_1_5' title="bbox 84 4427 331 4449">
     <span class='ocr_line' id='line_1_23' title="bbox 84 4427 331 4449; baseline 0 -3"><span class='ocrx_word' id='word_1_215' title='bbox 84 4427 133 4438; x_wconf 53' lang='grc'><strong>””’·</strong></span> <span class='ocrx_word' id='word_1_216' title='bbox 142 4435 331 4449; x_wconf 70' lang='lat'><strong>-————</strong></span> 
     </span>
    </p>
   </div>
   <div class='ocr_carea' id='block_1_5' title="bbox 106 4496 480 4576">
    <p class='ocr_par' dir='ltr' id='par_1_6' title="bbox 106 4496 480 4576">
     <span class='ocr_line' id='line_1_24' title="bbox 106 4496 480 4576; baseline -0.003 -11"><span class='ocrx_word' id='word_1_217' title='bbox 106 4501 128 4565; x_wconf 79' lang='lat'><strong>¹)</strong></span> <span class='ocrx_word' id='word_1_218' title='bbox 147 4507 418 4576; x_wconf 72' lang='lat' dir='ltr'><strong>1nurap.121.2³o:</strong></span> <span class='ocrx_word' id='word_1_219' title='bbox 466 4496 480 4516; x_wconf 72' lang='lat'><strong>⁹</strong></span> 
     </span>
    </p>
   </div>
   <div class='ocr_carea' id='block_1_6' title="bbox 0 0 1458 5114">
    <p class='ocr_par' dir='ltr' id='par_1_7' title="bbox 0 0 1458 5114">
     <span class='ocr_line' id='line_1_25' title="bbox 0 0 1458 5114; baseline 0 2"><span class='ocrx_word' id='word_1_220' title='bbox 0 0 1458 5114; x_wconf 95' lang='lat' dir='ltr'><strong> </strong></span> 
     </span>
    </p>
   </div>
  </div>
 </body>
</html>
