2886 5118
652 309 711 369 tos

79 453 172 578 [inupti
191 457 225 520 rt
252 460 300 521 nni
321 459 350 522 oi
369 482 406 523 ro
435 459 565 550 σκληροὶ·
591 465 691 549 βάθος
716 465 774 550 γάρ
798 465 853 531 osia
879 466 935 531 ἔνι
956 470 1063 558 ἀσαφῆ
1087 475 1123 538 δὲ
1147 481 1196 541 aui
1217 478 1245 542 oi
1265 504 1302 543 ro

80 554 155 639 iypo·
173 556 229 623 eino*
250 558 307 646 yolo
328 563 384 625 rori
403 572 581 649 συγχεῖσθαι
602 595 681 654 ταχυ
674 567 826 655 γίγνεται
848 569 1023 656 duodeci*
1008 599 1061 639 eoo
1081 576 1117 640 di
1138 577 1215 660 πρός
1235 578 1300 644 rori·

78 685 129 735 τοις
145 659 187 723 ἐπ
213 660 347 746 ἀλλήλων
374 667 612 794 συμπεπτωκότα
634 667 657 761 ᾗ
678 670 739 736 tino*
767 675 978 756 στενοχωρίας,
999 674 1051 742 εἀν
1070 705 1124 744 του
1143 681 1309 773 σμικρόνή

77 785 106 823 ro
127 761 287 848 ψυχάριον,
310 761 352 830 ἔτι
377 767 568 857 ἀσαφέστερα
591 775 715 840 ἐκείνων.
761 773 881 852 Πάντες
903 772 957 840 οὖν
977 773 1057 844 miror
1078 779 1222 864 γίγνονται
1244 778 1302 848 οἷοι
1342 855 1346 868 ,

77 865 138 937 dolo
133 862 196 941 ζειν
231 871 344 953 ψευδῆ·
380 878 484 952 quodsi
519 880 645 939 deorum
674 884 810 958 alicujus
844 876 915 962 ue'oo
952 895 1015 959 cot,
1049 889 1126 964 quod
1156 889 1297 948 laudauit

75 971 119 1027 illo
143 979 272 1030 omnium.
294 995 399 1032 rorum
414 983 537 1052 peritur
562 987 668 1055 poo'to,
698 983 745 1038 ool
772 983 959 1042 lutulentum
990 1005 1042 1042 noe
1065 1001 1163 1062 proruo
1193 1007 1299 1063 coreo,

77 1069 114 1124 ool
130 1072 211 1128 mollo
241 1080 333 1131 niueis
353 1077 400 1131 ool
419 1075 551 1133 durum:
580 1081 688 1154 quibui
714 1082 800 1137 mollo
830 1089 923 1140 nimie
952 1090 1016 1156 oet,
1046 1085 1155 1142 dociles
1180 1086 1213 1142 lsi
1233 1091 1299 1162 qui·

74 1167 128 1224 dem
154 1171 202 1226 ted
238 1172 370 1230 obliviosi
396 1173 499 1248 siunt,
528 1175 637 1252 quibus
666 1198 734 1236 vero
763 1175 861 1239 nimie
883 1182 1016 1254 durum,
1047 1184 1133 1241 turdi
1167 1193 1294 1242 contro:
1380 1216 1386 1224 ·

74 1272 118 1340 poi
130 1287 217 1342 porro
236 1269 360 1328 densum
380 1273 491 1329 bolant
508 1284 598 1351 atquo
610 1295 772 1352 asperum,
794 1265 959 1354 lapideum*
970 1281 1115 1353 quoddam
1128 1283 1173 1338 vel
1191 1292 1295 1340 terroe

72 1366 247 1444 sordiumque
261 1370 406 1446 plenum,
426 1372 566 1431 obscuros
585 1395 691 1432 rerum
717 1376 833 1456 effigies
850 1369 1026 1454 occipiunt:
1047 1380 1188 1440 obscurus
1202 1389 1295 1454 item,

72 1471 116 1537 qui
131 1465 259 1522 durum:
280 1489 351 1525 norro
360 1471 560 1545 profunditas
579 1474 678 1531 deest:
689 1476 831 1533 obscuros
848 1467 988 1550 puriter,
1009 1481 1061 1548 qui
1080 1478 1295 1535 mollohalont:

71 1563 227 1636 confusione
239 1573 318 1623 onim
330 1578 512 1626 evanescunt
521 1571 623 1644 focile
633 1593 643 1626 .·
653 1573 757 1648 quodsi
765 1561 1058 1650 proetero'oproptor
1077 1574 1134 1630 loci
1153 1583 1290 1656 coguati-

70 1677 126 1732 om,
145 1669 171 1720 si
189 1669 242 1720 oui
260 1671 369 1745 exiguo
390 1673 432 1723 sit
452 1668 607 1742 animula,
628 1675 661 1726 in
691 1691 786 1726 unum
805 1672 993 1728 conciderint
1013 1677 1122 1750 signa,
1143 1674 1177 1731 lto·
1197 1676 1294 1732 obseu-

70 1765 153 1818 riores
166 1769 260 1818 otiam
278 1765 344 1821 illio
363 1765 478 1845 effigies
502 1775 669 1842 occipiunt.
714 1765 824 1827 Omnes
841 1775 944 1848 igitur
962 1770 995 1827 lsi
1011 1771 1103 1843 soleo
1123 1777 1292 1848 opinantur

63 1857 152 1929 sore.’'
174 1855 202 1938 l)

102 1951 239 2030 Quintam
271 1959 375 2018 iccirco
404 1961 536 2020 sensibus
555 1963 655 2039 Plato,
684 1963 731 2023 ad'
754 1985 849 2022 rerum
871 1964 1021 2022 scientiam
1032 2007 1042 2038 ,
1059 1965 1123 2022 vim
1138 1961 1293 2038 tribuerit,

69 2049 127 2112 binc
146 2055 330 2136 intelligitur.
361 2055 560 2119 Veruntamen
580 2083 639 2120 non
659 2083 719 2120 esse
746 2061 826 2144 apud
846 2081 911 2120 eum
930 2075 1078 2134 mentem,
1099 2075 1130 2119 ut
1148 2060 1227 2142 apud
1241 2081 1296 2136 ‚ve-

69 2162 130 2210 teres
147 2173 177 2211 ac
188 2156 362 2214 recentiores
379 2156 616 2237 quamplurimos
634 2159 767 2238 ipsosque
788 2160 848 2217 fere
869 2159 1026 2239 sophistas,
1043 2161 1178 2217 tabulam
1187 2178 1292 2217 rosum

69 2243 110 2326 2),
128 2271 196 2328 quae
214 2253 396 2311 extrinsecus
412 2267 525 2312 tantum
544 2275 638 2313 rerum
657 2255 763 2315 formas
780 2270 808 2316 et
828 2256 966 2334 imagines
983 2256 1141 2334 susciperet
1152 2275 1186 2328 ,e
1204 2275 1291 2335 praeu

69 2344 142 2407 elaris
161 2351 239 2427 ejus,
265 2369 338 2428 quae
364 2371 451 2432 supra
469 2333 667 2428 adduximus,
696 2353 728 2411 in
756 2355 912 2413 Theaeteto
931 2351 1002 2410 locis
1021 2365 1110 2432 patet.
1152 2355 1207 2412 Per
1225 2373 1290 2412 sen·

70 2461 127 2517 sus,
145 2449 201 2522 ait,
226 2449 314 2506 rebus
335 2449 465 2508 externis
483 2447 628 2509 afficimur
638 2475 646 2525 ;
670 2463 796 2510 attamen
816 2472 870 2510 nec
887 2447 943 2509 τοῦ
965 2442 1051 2523 ὄντος
1068 2455 1101 2512 in
1121 2453 1199 2511 hisce
1218 2471 1287 2532 per·

67 2543 149 2620 ceptio
170 2543 228 2605 ulla
248 2560 310 2620 est,
329 2568 383 2605 nee
402 2547 540 2605 scientiae
562 2567 635 2625 quae
650 2549 767 2628 proprie
787 2551 917 2610 vocatur.
958 2551 1000 2608 Ut
1018 2549 1088 2608 haec
1108 2563 1292 2624 assequamur

66 2657 190 2712 quaenam
211 2645 290 2717 sint,
320 2644 447 2724 primum
476 2645 581 2703 rectius
600 2666 653 2704 nos
681 2646 780 2722 loqui,
799 2667 885 2725 quam
914 2646 1000 2704 multi
1029 2646 1143 2716 solent,
1164 2653 1288 2722 oportet.

66 2735 119 2794 Non
137 2741 210 2798 enim
241 2742 388 2800 cernimus
417 2740 527 2815 oculis,
547 2754 579 2799 ut
607 2742 786 2820 loquuntur,
805 2742 857 2802 sed
876 2764 935 2822 por
954 2743 1069 2802 oculos:
1090 2763 1149 2801 non
1168 2739 1288 2798 auribus

66 2833 183 2895 audimus
193 2883 201 2914 ,
230 2837 282 2898 sed
299 2861 357 2915 per
373 2857 470 2898 aures:
500 2859 560 2897 non
581 2839 713 2899 sensibus
733 2839 852 2899 omnino
862 2881 871 2915 ,
892 2836 944 2899 sed
957 2861 1014 2919 per
1034 2860 1134 2898 sensus
1153 2858 1198 2896 res
1218 2857 1288 2921 per-

64 2931 180 3009 cipimus.
221 2937 316 2996 Homo
336 2936 448 2996 soilicet
469 2937 530 3016 ipse
548 2938 609 2996 sive
629 2957 710 2996 mens
729 2937 856 2997 bominis
873 2957 926 3018 per
941 2955 1041 2995 sensus
1052 2949 1210 3014 ,tanquam
1230 2927 1286 3015 ὅρ-

64 3049 137 3104 γανα,
151 3037 265 3116 singula
290 3036 459 3114 assequitur.
493 3034 659 3094 «Miserum
683 3036 762 3094 enim
787 3049 876 3110 esset,
905 3025 1093 3114 (praeclaram
1113 3036 1287 3094 senteutiam

62 3143 85 3188 et
100 3144 154 3191 tum
173 3133 374 3214 usurpavimus
393 3129 443 3210 3),
460 3151 549 3212 quum
570 3131 607 3191 de
627 3133 715 3192 insito
736 3132 822 3192 nobis
841 3133 902 3193 veri
921 3151 1017 3204 amore
1036 3127 1206 3211 agebamus)
1232 3133 1286 3191 mi·

64 3246 143 3288 serum
161 3231 238 3290 enim
259 3231 349 3304 es'set,
377 3231 401 3289 si
422 3229 508 3289 multi
537 3228 621 3290 nobis
641 3251 758 3304 sensus,
785 3229 1028 3311 quemadmodum
1060 3229 1166 3310 ligneis
1186 3231 1286 3309 equis,

63 3323 218 3404 insiderent,
230 3351 292 3388 non
302 3350 371 3389 vero
382 3328 452 3388 haee
463 3328 560 3387 omnia
571 3329 603 3387 in
616 3349 706 3388 unum
716 3328 862 3408 quoddam
873 3321 1022 3410 negotium
1033 3374 1041 3401 ,
1052 3329 1114 3387 sive
1124 3326 1158 3386 id
1171 3330 1286 3390 animus

63 3422 113 3482 sive
123 3447 291 3506 quocunque
302 3425 420 3486 tandem
431 3427 549 3487 nomine
560 3425 720 3486 dicendum
730 3421 784 3503 sit,
797 3427 1022 3502 contenderent,
1033 3446 1091 3505 quo
1101 3472 1110 3502 ,
1119 3443 1286 3504 persensus

63 3517 295 3604 bosee,tanquam
306 3545 426 3605 organa,
441 3525 612 3584 sentiremus
628 3541 816 3604 quaecunque
835 3546 920 3584 sensu
931 3525 1167 3606 percipiuntur.''
1210 3525 1285 3586 Tum

62 3615 106 3676 boc
124 3622 424 3684 animadvertendum.
467 3621 566 3682 Mente
586 3623 779 3702 percipimus,
806 3642 879 3701 quae
898 3622 1010 3704 percipi
1030 3642 1083 3704 per
1102 3641 1202 3680 sensus
1221 3639 1282 3681 non

61 3735 178 3794 possunt.
219 3723 292 3780 Nam
314 3732 345 3780 ut
365 3721 525 3801 peroculos
546 3715 628 3779 uliud
639 3763 647 3795 ,
659 3719 742 3779 aliud
763 3739 912 3802 perantes
930 3721 1123 3798 assequimur,
1144 3720 1184 3776 ita
1203 3721 1285 3779 umbo

61 3809 120 3874 baec
140 3817 262 3879 dicimus
291 3833 318 3878 et
349 3833 502 3899 utrumque
525 3839 637 3876 unum:
668 3817 722 3878 hoc
761 3833 857 3879 autem
877 3822 971 3900 ipsum
991 3819 1073 3877 ambo
1091 3830 1119 3876 et
1138 3837 1234 3876 unum
1255 3827 1283 3877 et
1371 3877 1373 3884 ,

61 3913 182 3975 universe
203 3938 336 3977 numeros
362 3939 422 3978 non
450 3936 502 4002 per
529 3935 645 3990 sensus,
677 3916 728 3976 sed
750 3917 808 3976 unt
825 3931 921 3976 mente
941 3917 1127 3997 percipimus.
1169 3913 1281 3976 Eadem

60 4011 123 4070 ratio
138 4015 340 4075 similitudinis
358 4027 385 4074 et
403 4013 657 4076 dissimilitudinis
675 4028 736 4089 est,
756 4015 856 4076 eadem
877 4015 1014 4090 illorum,
1033 4014 1140 4093 quibus
1161 4014 1281 4094 loquen-

61 4187 302 4208 Ἢ

88 4286 111 4352 ¹t
132 4292 224 4346 rosio.
245 4293 303 4346 194.
323 4294 352 4347 c.
369 4323 404 4332 -
420 4293 471 4344 195
488 4293 519 4345 rt.

88 4371 112 4436 2)
129 4379 165 4428 De
183 4380 277 4432 Stoicis
292 4381 343 4432 vid.
364 4380 430 4432 Plut.
450 4381 480 4430 de
491 4379 557 4446 plac.
574 4379 636 4441 psit.
651 4379 692 4431 tv.
719 4377 761 4427 11.

88 4456 111 4512 3)
132 4462 225 4516 Tbeoet.
242 4464 299 4516 18t.
318 4466 348 4517 D.
370 4464 417 4523 eff.
435 4466 511 4515 lotitia
529 4481 552 4530 p.
568 4462 628 4517 13⁷.
