2838 5120
728 269 788 327 280

136 429 241 489 ordine
259 427 397 510 disponas
416 441 501 508 atquc
518 429 666 511 explices,
684 428 764 510 quod
784 429 854 489 iecit
874 429 1042 490 Aristoteles
1060 429 1094 488 in
1113 429 1270 509 palmariis,
1287 449 1341 506 quos

137 527 373 603 memoravimus,
393 526 432 586 de
460 529 613 590 rhetorico
638 529 742 605 libris,
763 543 826 588 tum
846 529 952 604 etiam,
971 527 1050 607 quod
1070 526 1147 586 idem
1166 529 1200 587 in
1227 527 1341 608 Organa,

138 625 379 707 quemadmodum
399 625 611 706 perficiendum
631 642 703 687 esset
714 671 723 703 ,
751 625 982 704 demonstravit,
999 625 1039 686 ab
1065 625 1204 686 inanibus
1232 619 1343 686 adversa·

137 724 245 784 riorum
264 724 504 786 cavillationibus
523 737 599 784 recte
620 724 772 788 vindices.
806 725 854 785 Sic
882 747 933 785 sua
956 727 1062 806 cuique
1089 725 1175 784 nenti
1204 737 1243 783 est
1270 723 1343 783 dialc-

137 822 227 883 cticne
247 822 399 882 methodus
410 868 419 897 ,
440 843 493 881 nec
512 825 653 883 minorem
678 823 767 883 habet
791 824 977 884 aristotelica
1003 825 1093 898 ratio,
1114 843 1199 902 quam
1227 821 1344 882 Socratica

137 935 188 980 aut
208 921 376 994 Platonica,
406 919 443 979 ad
475 922 635 982 excolenda
664 923 783 1002 ingenia
810 923 872 983 vim
899 936 927 981 et
956 923 1213 1004 opportunitatem.
1258 919 1345 993 Quan-

139 1017 238 1076 obrem
257 1030 372 1076 tantum
390 1017 488 1093 abest,
511 1033 543 1080 ut
562 1020 726 1100 spernenda
755 1022 791 1080 sit
820 1020 997 1101 syllogistica
1021 1018 1204 1091 Aristotelis,
1232 1029 1278 1092 ut,
1302 1037 1345 1074 non

139 1116 208 1176 satis
228 1135 289 1174 eam
308 1115 539 1198 provectioribus
552 1119 718 1195 juventutis
738 1117 841 1179 studiis
858 1119 892 1177 in
911 1118 1075 1178 academiis
1092 1115 1245 1191 adhiberi,
1265 1113 1345 1174 dolen·

138 1212 210 1274 dum
230 1213 374 1275 videatur.
389 1211 419 1294 1)
439 1215 511 1274 Nam
532 1215 556 1275 si
571 1214 692 1295 quidad
711 1230 843 1277 accurate
853 1215 973 1278 dicendi
992 1213 1199 1294 scribendique
1207 1212 1344 1273 facultatem

138 1311 319 1388 acuendam,
339 1311 377 1372 ad
397 1313 540 1373 firmanda
567 1315 836 1396 corroborandaque
856 1315 994 1396 ingenia,
1023 1314 1063 1375 ad
1088 1333 1217 1372 caussam
1244 1309 1343 1372 veritati

138 1410 256 1478 naviter
272 1411 514 1494 propugnandam
535 1412 630 1474 valet:
662 1413 761 1475 valent
785 1435 818 1475 eo
837 1414 869 1473 in
888 1415 990 1496 primis
1019 1413 1074 1472 hae
1099 1410 1269 1471 dialecticae
1289 1429 1345 1468 exer

139 1509 302 1571 citationes.
329 1510 387 1572 Sed
396 1509 480 1570 abusi
489 1525 559 1596 sunt
567 1511 747 1592 syllogistica
762 1513 949 1595 philosophi,
968 1511 1114 1591 indeque,
1137 1522 1168 1569 ut
1183 1510 1245 1587 jam
1262 1505 1348 1585 aliquo

137 1607 192 1668 ties
209 1609 389 1683 monuimus,
410 1627 552 1668 summum
569 1611 646 1692 cepit
663 1611 849 1692 philosophia
870 1611 1086 1671 detrimentum.
1126 1608 1177 1684 Si,
1199 1604 1275 1686 quod
1289 1623 1350 1684 prae·

138 1707 216 1786 cepit
244 1705 412 1767 Aristoteles
439 1707 611 1788 iaciuntque
637 1709 867 1784 mathematici„
883 1731 916 1768 ea
944 1707 999 1768 hac
1019 1705 1155 1767 methodo
1182 1722 1316 1786 exponere
1331 1713 1351 1760 et

140 1801 336 1864 demonstrare
366 1805 564 1884 studuissent,
585 1827 657 1886 quae
678 1807 727 1870 vel
747 1829 816 1868 vera
836 1806 884 1868 vel
903 1819 980 1866 certe
998 1807 1033 1866 in
1051 1805 1153 1887 primis
1170 1801 1312 1864 evidentia
1328 1818 1350 1856 ar

138 1901 305 1983 probabilia
326 1917 439 1980 essent,
459 1905 565 1987 optime
592 1905 688 1966 meriti
718 1904 755 1966 de
780 1905 968 1987 philosophia
995 1903 1131 1964 luissent.
1171 1902 1258 1961 Nunc
1283 1917 1350 1980 vero,

139 1998 218 2080 quod
234 2015 263 2060 et
280 1999 371 2061 Stoici
390 2015 419 2062 et
436 2001 608 2081 Scholastici
627 2004 752 2064 maxime
770 2003 866 2083 medio
885 2023 957 2063 aevo
976 2002 1127 2076 lecerunt,
1149 2013 1255 2060 temere
1274 2013 1350 2080 posue

138 2110 210 2162 runt
237 2118 446 2179 quaecunque,
476 2101 537 2162 sive
565 2119 650 2176 vera,
676 2103 737 2164 sive
762 2102 859 2177 salsa,
880 2121 1021 2161 assumere
1048 2098 1187 2174 lubebat,
1225 2097 1349 2155 imovero

138 2196 213 2256 falsa
231 2217 358 2277 ponere,
378 2219 451 2277 quae
469 2198 718 2275 demonstrarent,
737 2200 904 2276 malebant,
929 2220 987 2279 quo
1018 2199 1154 2277 majorem
1183 2195 1293 2256 scilicet
1314 2191 1348 2248 iu·
1401 2225 1402 2292 q

142 2295 221 2375 genii
241 2294 358 2354 laudem
376 2315 409 2356 ae
430 2296 551 2378 gloriam
570 2311 716 2378 caperent.
1402 2327 1403 2388 l

182 2393 255 2452 Cum
286 2413 355 2453 vero
374 2394 445 2453 hace
473 2395 511 2454 sit
533 2396 621 2455 trium
649 2395 768 2455 illarum
795 2394 994 2456 methodorum
1024 2407 1129 2454 natma
1156 2405 1187 2452 et
1215 2389 1302 2462 ratio,
1326 2382 1352 2443 (lt
1403 2429 1404 2500 q

140 2509 239 2548 earum
255 2491 316 2568 jam
332 2511 418 2571 porro
436 2512 502 2550 cum
522 2513 596 2568 usu,
616 2505 681 2552 tum
701 2493 829 2554 utilitate
848 2492 1040 2575 dispiciamus
1059 2491 1238 2572 singulatim.
1267 2485 1354 2548 Valent
1404 2530 1405 2597 q

140 2600 263 2648 cunctae
282 2587 321 2649 ad
350 2590 582 2669 cognoscendum
611 2611 731 2668 verum;
762 2592 832 2668 scd,
862 2605 894 2652 ut
920 2592 1085 2654 Socraticae
1104 2603 1146 2650 est
1169 2588 1302 2660 rationis,
1326 2579 1355 2637 td

138 2688 354 2746 inveniendum
372 2710 425 2748 noa
438 2709 629 2767 praeparere
639 2735 648 2765 ,
669 2691 868 2752 aristotelicae
878 2737 886 2766 ,
907 2699 1034 2750 ineante
1062 2692 1146 2748 nodia
1169 2685 1354 2766 praerodere,

139 2785 181 2845 ita
200 2773 366 2846 Platonicae
382 2799 425 2846 est
444 2785 476 2845 id
499 2788 613 2869 ipsum,
632 2809 690 2869 quo
715 2789 840 2850 tetendit
868 2789 1017 2864 Socrates,
1047 2787 1183 2865 undeque
1205 2778 1355 2846 Aristoteles

138 2883 282 2965 proiecit,
303 2890 577 2948 intraturorum.
619 2886 752 2969 Simplici
772 2888 825 2947 illa
849 2885 1049 2968 interrogandi
1078 2883 1288 2946 consuetudine
1304 2897 1355 2960 pur

139 2981 224 3063 gabat
242 2980 373 3042 Socrates
390 2983 574 3045 audientium
592 2986 702 3048 animos
727 2985 934 3068 praejudicatis
953 2970 1163 3068 opinionibus,
1184 2979 1356 3056 eliciebatquc

139 3093 167 3139 et
187 3080 333 3142 excitabat
353 3082 386 3142 in
409 3083 445 3141 iis
464 3096 493 3141 et
511 3083 642 3143 studium
665 3097 694 3144 et
715 3084 881 3144 facultatem
901 3083 1095 3158 inveniendi,
1117 3095 1149 3140 ut
1177 3087 1357 3146 niterentur,

138 3177 218 3258 quod
237 3176 382 3253 diximus,
402 3177 434 3259 2)
465 3181 619 3244 invenire:
642 3181 721 3242 unde
740 3196 817 3243 recte
836 3185 899 3261 ejus
920 3182 1078 3264 disciplina
1097 3172 1267 3259 μαιευτικῆ,
1294 3169 1358 3252 ἕλιγ-

137 3298 207 3356 χος,
227 3270 392 3359 κάθαρσις,
422 3271 564 3360 ἔπαγωγῆ
585 3293 713 3340 vocatur.
748 3281 947 3341 Aristotelicas
966 3301 1034 3340 usus
1052 3281 1228 3362 disciplinae
1246 3275 1358 3360 egregius

136 3380 207 3440 item
234 3393 301 3455 cst,
332 3401 505 3462 quamquam
532 3380 681 3442 diversum
709 3379 889 3460 propositum
923 3374 1039 3438 habet:
1080 3379 1208 3461 pertinet
1241 3376 1279 3436 ad
1305 3393 1358 3455 per

136 3465 320 3539 suadendum
340 3478 527 3556 hominibus,
557 3477 635 3559 quod
654 3478 809 3538 inventum
833 3491 893 3537 est:
917 3476 1069 3556 valuitque
1099 3478 1207 3552 iccirco
1231 3475 1314 3554 hujus
1335 3468 1359 3526 in

138 3576 240 3658 primis
259 3578 334 3638 ratic
353 3578 392 3639 ad
413 3579 594 3659 eloquentiae
622 3576 803 3658 explendum
823 3595 948 3650 munus,
978 3575 1057 3655 quod
1086 3573 1287 3656 persuadendo
1312 3587 1359 3628 cer·

138 3677 228 3736 nitur.
277 3678 389 3752 Quodsi
410 3677 578 3737 methodum
607 3676 789 3755 quaerimus,
819 3695 877 3754 qua
905 3675 1028 3735 maxime
1048 3675 1090 3734 uti
1110 3673 1296 3756 philosophos
1317 3661 1360 3726 dt·

137 3787 202 3848 cet,
229 3775 372 3854 siquidem
399 3756 542 3836 summum
567 3775 707 3854 attingere
728 3775 761 3834 in
783 3773 988 3854 philosophia,
1019 3774 1039 3832 i.
1058 3795 1084 3832 e.
1106 3794 1212 3832 cmm
1231 3774 1263 3830 in
1288 3765 1360 3826 rebus

137 3872 273 3932 omnibus
303 3877 415 3950 velint,
447 3888 490 3935 est
515 3895 584 3934 sane
614 3872 764 3933 Platonica
793 3871 930 3952 analysis.
986 3870 1124 3931 Inductio
1153 3872 1231 3930 enirn
1260 3861 1359 3948 proprie

133 3983 177 4030 cst
197 3969 235 4028 ad
255 3986 331 4031 recte
351 3974 428 4034 hanc
446 3971 658 4033 instituendam
678 3971 860 4052 praeparatio
879 3969 1038 4048 quaedam;
1059 3969 1240 4050 syllogistica
1259 3977 1358 4030 autem,

136 4082 170 4128 ut
192 4068 345 4150 synthesim
363 4073 459 4153 parit,
479 4072 521 4131 ita
549 4070 599 4130 sul
624 4071 687 4151 ipsa
718 4069 822 4129 natura
851 4088 917 4129 cum
945 4067 1056 4127 finibus
1075 4067 1163 4128 arctis
1192 4059 1358 4126 includitur,

171 4293 197 4360 ll
215 4296 295 4348 Dolet
320 4299 462 4360 Haeremus,
482 4298 597 4365 quidque
615 4299 672 4366 ipse
688 4299 795 4362 iuvenis
814 4298 853 4348 his
876 4295 1107 4347 exercitationibus
1129 4289 1356 4355 transnatarent

136 4385 250 4451 ingenue
270 4385 295 4434 in
312 4384 506 4456 elegantissima
526 4385 595 4434 vitae
616 4401 678 4438 suae
702 4385 890 4450 descriptione.
914 4383 985 4451 (opp.
1007 4381 1026 4432 l.
1043 4376 1096 4443 25.)

171 4465 199 4532 2)
219 4469 297 4522 Initio
321 4487 348 4539 p.
375 4468 438 4535 151,
456 4467 523 4533 243,
540 4467 599 4520 246.
