2886 5118
704 265 764 331 ¹1⁷5

113 443 165 501 hac
191 439 229 500 de
262 459 292 498 ue
323 438 480 498 sententias
509 453 594 516 supm
622 434 772 494 attulimus
794 430 839 512 ¹l²
857 429 906 490 hic
927 445 995 487 vero
1012 421 1097 483 nobis
1116 421 1230 480 effatum
1253 413 1348 496 philo-

113 539 212 620 sophi,
243 536 321 618 quod
347 537 476 596 omnium
501 534 700 612 gravissimum
731 546 790 607 est,
811 523 1022 589 attendendum
1048 522 1081 580 iu
1101 518 1203 600 primis
1222 513 1347 576 videtur.

113 637 162 697 Est
180 636 260 696 illud
279 634 454 713 hujusmodi.
479 655 494 687 a
508 626 553 692 Ti
568 626 608 713 dp*
628 623 842 713 φυλακτήριον,
866 627 926 701 ait,
951 612 1088 684 ἐνταῦθά
1111 639 1170 678 που
1188 614 1349 692 οἰκοδομη-

112 725 177 796 τέον
196 737 259 808 τοῖς
275 727 413 815 φύλαξιν,
433 727 465 794 ἐν
480 733 617 820 μουσικῇ.
664 727 713 794 Ἡ
728 729 785 814 γάρ
804 723 974 812 παρανομία
996 719 1108 808 ῥᾳδίως
1126 711 1268 781 λανθάνει
1291 739 1350 776 πα-

113 831 291 918 ραδυομένη·
311 863 346 874 -
361 831 437 897 nasei
456 833 580 922 σμικρόν
602 829 831 916 εἰσοικισαμένη,
855 825 955 915 ἠρέμα
976 820 1099 908 ὑπορρεῖ
1119 813 1197 903 notia
1218 816 1256 882 τοί
1280 813 1348 902 ἤθη

111 963 141 1002 τε
167 939 217 1000 καί
239 934 277 1000 toi
302 929 531 1021 ἐπιτηδεύματα·
556 933 587 1000 ἐκ
609 935 645 1000 di
665 932 780 1000 τούτων
799 936 839 1010 είς
860 929 898 996 τοὶ
918 925 997 1014 πριίς
1014 921 1159 1008 ἀλλήλους
1184 917 1351 1004 ξυμβόλαια

113 1039 226 1121 μείζων
251 1036 381 1120 ἐκβαίνει·
409 1037 440 1103 εἰι
465 1036 502 1103 it
519 1032 561 1123 clei
579 1036 847 1120 τῶν·ξυμβολοιίοιν
866 1030 986 1116 ἔρχεται
1012 1026 1060 1093 int
1081 1023 1150 1102 τούς
1171 1021 1284 1104 νόμους
1302 1025 1352 1087 καί

112 1142 257 1216 πολιτείας
278 1139 332 1204 σίν
353 1143 451 1230 πολλῇ
470 1139 611 1230 ἀσελγείᾳ·
625 1125 691 1218 ’ἕως
713 1137 750 1206 iv
767 1139 931 1204 τελευτῶσα
950 1129 1049 1197 πάντα
1068 1129 1131 1217 sulp
1150 1129 1198 1192 καί
1219 1126 1352 1213 δημοσίᾳ

113 1241 279 1332 ἀνατρέψῃ·
298 1267 357 1305 ara
378 1253 481 1328 igitur
505 1249 545 1306 od
567 1269 663 1307 mores
677 1245 912 1327 propugnandae
932 1243 1018 1300 bonet
1038 1237 1087 1295 tte
1105 1234 1259 1295 condenda
1280 1253 1351 1291 cus-

113 1353 230 1409 todibus
256 1351 371 1407 nostrie
400 1357 464 1422 eet,
495 1355 529 1404 in
557 1355 684 1406 musica.
726 1341 807 1403 Nam
834 1346 935 1424 legunt
958 1339 1148 1418 negligentia
1176 1351 1351 1409 morumque

111 1456 251 1526 pravitas
271 1448 350 1505 clane
369 1455 400 1502 et
410 1446 513 1520 facile
539 1453 697 1522 surrepit:
718 1451 830 1503 sensim
853 1437 1072 1519 paulatimque
1081 1441 1115 1490 in
1139 1453 1189 1490 ree
1200 1431 1352 1506 familia-

113 1533 161 1606 res
179 1569 209 1606 te
227 1552 408 1617 insinuans,
428 1551 462 1600 in
480 1564 576 1603 utores
595 1551 692 1620 serpit
710 1552 740 1600 et
760 1543 881 1614 studio,
903 1561 938 1616 ea
958 1539 1007 1595 liis
1024 1535 1161 1609 deinceps
1182 1530 1222 1587 ad
1239 1537 1349 1586 mutuo

113 1633 290 1706 commercia
308 1643 467 1718 procedit,
482 1651 579 1722 magia
598 1649 755 1724 magisque
779 1648 1010 1722 ingravescens,
1032 1643 1098 1690 tum
1120 1636 1264 1707 pervenit
1280 1627 1351 1684 ltine

113 1746 152 1802 od
180 1745 259 1824 leges
286 1751 316 1799 et
340 1743 525 1818 respublicas
544 1763 656 1820 magno
676 1761 744 1799 cum
759 1740 935 1816 petulantia
956 1743 986 1794 et
1003 1735 1131 1791 lasciuia
1142 1774 1150 1803 ,
1171 1729 1260 1807 donec
1280 1736 1352 1784 tan-

19 1900 27 1914 ,
113 1843 177 1902 dem
195 1848 345 1922 priuatim
355 1840 532 1918 publiceque
552 1846 653 1898 omnia
669 1847 855 1915 pervertat.»
868 1833 912 1915 ’2)

216 2035 274 2096 De
298 2044 576 2118 gymnastico
603 2035 821 2094 custodum
847 2033 1103 2091 educationi
1127 2034 1248 2082 reete

608 2132 861 2192 adhibendo.

142 2331 223 2392 'Tati
235 2332 332 2413 igitur
357 2353 422 2392 cum
440 2329 565 2388 musicae
585 2341 647 2388 tum
666 2342 842 2388 caeterarum
863 2323 969 2384 artium
986 2319 1084 2381 studio
1103 2313 1216 2398 vigebit
1237 2314 1357 2387 civitas,

116 2452 203 2511 quam
231 2429 357 2498 condet-e
385 2427 550 2509 coepimus,
581 2447 670 2506 eoque
707 2426 797 2506 magis
827 2439 854 2484 et
885 2421 996 2502 vigebit
1022 2431 1050 2478 et
1076 2418 1203 2499 perfecta
1228 2411 1359 2472 moribus

116 2529 188 2603 cuit,
220 2549 277 2606 quo
306 2526 478 2608 diligentius
506 2523 639 2585 custodes
658 2537 787 2599 nostros,
808 2545 879 2602 quos
899 2521 1010 2602 praeire
1032 2515 1152 2576 caeteris
1172 2511 1287 2573 civibus
1309 2509 1361 2568 de·

116 2639 178 2701 cet,
211 2625 252 2684 sic
281 2623 502 2685 instituerimus.
544 2621 602 2682 Sed
629 2625 755 2682 musicae
785 2617 902 2679 accedat
930 2615 1107 2698 gymnastica
1132 2621 1253 2692 oportet.
1295 2608 1361 2666 Hac

116 2725 194 2783 enim
219 2735 242 2782 'a
261 2724 370 2783 teneris
388 2743 441 2803 peu
462 2734 551 2781 totam
570 2718 709 2800 deinceps
729 2720 819 2780 vitam
839 2712 1022 2777 exercitandi
1041 2722 1136 2770 erunt.
1163 2727 1178 2762 (ι
1191 2703 1227 2766 ld
1245 2719 1360 2778 autem,

118 2821 158 2880 ait
183 2821 333 2896 Socrates,
362 2821 403 2880 ita
422 2840 451 2878 se
479 2817 567 2878 habet
591 2814 820 2897 quodammodo,
842 2828 875 2874 ut
899 2814 1021 2895 opinor:
1043 2805 1242 2870 animadverte
1264 2815 1292 2862 et
1310 2811 1362 2861 tiu:

118 2916 187 2998 ε’μοί
203 2912 260 2998 μὲν
281 2907 340 3000 γάρ
360 2911 397 2978 od
420 2913 572 2998 φαίνεται,
596 2910 616 2976 i
635 2909 671 2976 ίίν
682 2906 858 3000 χρηστιίνῇ
874 2911 979 2991 σῶμα,
998 2907 1086 2971 τοῦτο
1101 2902 1143 2992 τῇ
1158 2897 1252 2964 αὐτοῦ
1269 2895 1365 2984 οἷρετῇ

118 3014 226 3102 enuptio
251 3012 373 3100 οίγαθὴν
396 3021 503 3093 ποιεῖν,
537 3011 611 3078 itti
633 3011 815 3096 τούναντίον,
845 3009 935 3096 ψυχή
957 3000 1064 3092 ipati
1088 3007 1129 3094 τῇ
1152 2999 1245 3086 αὐτῆς
1268 2997 1366 3088 α’ρετῇ

119 3121 212 3202 σῶμα
230 3113 425 3204 παρίχεινοίς
439 3111 534 3181 οἷόντε
552 3113 717 3200 βέλτιστον·
745 3122 823 3178 mili
852 3125 931 3177 enim
958 3137 1017 3174 non
1040 3113 1165 3171 videtui
1191 3107 1267 3186 quod
1290 3107 1363 3164 lene

119 3249 149 3284 se
180 3226 269 3283 ltabet
292 3245 416 3300 corpus,
437 3224 489 3282 lsoc
510 3244 566 3282 sua
584 3231 702 3281 virtute
722 3228 860 3279 animum
880 3215 996 3296 efficere
1017 3213 1142 3282 bonum,
1164 3206 1216 3266 sed
1235 3211 1342 3262 contra
1353 3248 1364 3277 ,

120 3325 212 3382 bonus
238 3329 361 3381 unimus
387 3344 443 3381 suo
468 3328 531 3398 ipae
559 3328 676 3380 virtute
704 3341 829 3398 cerpus,
850 3315 948 3395 quoad
975 3319 1042 3390 ejus
1055 3309 1135 3385 fieri
1149 3310 1265 3383 potest,
1283 3308 1365 3378 epti-

120 3444 205 3480 mum
225 3422 335 3480 reddit.
378 3417 447 3479 Tibi
463 3439 532 3478 vero
550 3417 623 3497 quid
637 3418 779 3480 videtur?
800 3445 836 3454 -
855 3411 937 3473 Idem
957 3431 1025 3470 saue
1045 3429 1077 3468 ac
1097 3404 1153 3466 tibi
1174 3400 1215 3482 3).
1235 3427 1271 3437 -
1287 3399 1363 3479 Ergo

121 3521 176 3578 rite
205 3539 272 3577 cum
297 3517 406 3576 musici
434 3515 622 3597 temperanda
645 3515 822 3596 gymnastica
850 3512 924 3585 erit,
955 3529 1008 3570 nec
1038 3527 1106 3566 vero
1132 3503 1172 3562 ita
1194 3499 1364 3559 existimau-

123 3615 215 3691 dum,
246 3630 277 3674 ut
305 3614 393 3694 vulgo
414 3615 598 3688 existimant,
627 3614 708 3693 quasi
735 3612 825 3671 altera
854 3610 958 3668 haeum
988 3605 1094 3666 attium
1123 3619 1243 3679 corpus,
1275 3594 1366 3654 altera

119 3715 251 3773 animum
280 3712 460 3772 solummodo
485 3727 603 3792 spectet.
653 3711 781 3772 Videtur
811 3723 930 3788 utraque
959 3702 1049 3765 animi
1075 3701 1107 3758 in
1136 3695 1237 3778 primis
1265 3689 1366 3751 caussis

122 3799 373 3882 tractandaesse.
391 3835 427 3846 -
445 3811 509 3885 Quo
537 3812 644 3892 paeto?
665 3813 766 3868 -An
793 3829 854 3869 uon
879 3805 983 3880 vides,
1009 3820 1065 3878 qua
1096 3797 1156 3856 siut
1174 3793 1280 3853 mentis
1299 3811 1365 3848 cou-

159 4131 184 4197 i)
204 4133 280 4184 initia
298 4151 325 4201 p.
343 4133 386 4185 87.

157 4215 185 4280 2)
205 4219 242 4269 De
259 4220 321 4288 Rep.
339 4207 381 4269 1v'.
400 4205 466 4269 42ss
479 4217 510 4268 D.
546 4217 638 4270 Totum
657 4219 725 4271 huuc
749 4218 832 4270 locum
853 4217 886 4268 de
909 4214 1020 4265 musicae
1039 4211 1074 4260 'iu
1091 4208 1219 4260 civitatem
1244 4201 1271 4251 vi
1290 4197 1369 4266 plene

125 4311 250 4380 explicuit
274 4313 347 4364 Dea
376 4313 436 4364 Tea
459 4313 523 4380 disp.
553 4308 583 4358 da
610 4306 637 4356 ai
659 4307 763 4358 musiaco
792 4305 827 4354 a'd
854 4301 1026 4365 excolendum*
1046 4295 1179 4355 ίιοιαίιιαιι,
1208 4284 1361 4354 praestilim

125 4414 151 4470 p.
169 4395 206 4448 34
223 4405 250 4448 et
268 4395 326 4448 132.

163 4479 196 4546 3)
215 4482 278 4534 Eod.
296 4480 339 4534 111.
357 4479 417 4534 403.
435 4470 469 4533 l).
