2838 5120
745 306 804 366 292

198 469 245 530 Sic
263 483 336 530 artes
362 466 426 527 illas
448 467 591 528 rhetorum
613 481 641 526 et
667 467 858 548 sophistarum
881 467 990 528 ironice
1010 469 1135 548 exagitat
1153 469 1290 528 Socrates:
1316 485 1356 524 uec

156 581 251 628 tamen
274 567 371 642 idem',
393 581 425 626 ut
444 579 513 626 sunt
532 565 620 626 hodie
637 566 687 644 qui
707 567 889 641 existiment,
913 588 970 660 unp
989 587 1054 624 cum
1075 565 1186 626 artibus
1204 566 1263 624 istis
1287 565 1357 644 ipsam

155 665 341 745 rejiciendam
360 663 530 724 rhetoricam
551 664 735 724 existimavit.
778 664 874 724 Multa
893 685 989 724 eorum
1011 665 1043 723 in
1062 664 1191 724 oratione
1207 684 1269 722 cum
1286 675 1357 721 atter·

154 763 251 823 denda
275 761 362 822 duxit
388 777 449 821 tum
469 761 507 821 ad
534 761 692 822 dicendum
721 761 909 839 adhibenda,
932 784 1032 824 verum
1053 760 1262 822 his-contineri
1287 761 1357 840 ipsam

152 862 323 921 rhetoricam
352 860 485 939 negavit:
508 859 587 938 quod
606 881 683 918 more
703 859 842 942 deinceps
862 883 931 935 suo,
952 860 986 921 id
1014 874 1074 935 est,
1096 861 1186 920 facete
1216 873 1244 919 et
1270 858 1357 917 ironice

152 959 343 1040 persequitur.
390 959 583 1033 «mittamus,
604 957 645 1016 ait
671 956 820 1034 Socrates,
842 960 966 1039 exigua,
990 958 1061 1018 haec
1079 979 1147 1019 vero
1168 959 1264 1038 potius
1281 957 1309 1014 in
1326 955 1357 1013 lu·

152 1077 213 1116 cem
233 1056 441 1138 producamus,
463 1069 512 1132 ut,
533 1077 618 1135 quam
639 1069 666 1114 et
686 1056 802 1135 quando
831 1057 900 1116 artis
921 1059 981 1120 vim
999 1056 1143 1132 habeant,
1166 1055 1317 1118 videamus.
1333 1081 1357 1091 -

152 1155 190 1214 Et
209 1155 364 1214 maximam
377 1154 509 1233 quidem,
524 1175 541 1214 o
555 1155 698 1228 Socrates,
719 1155 751 1213 in
769 1154 919 1214 hominum
939 1154 1067 1216 coetibus
1087 1155 1147 1215 vim
1168 1154 1357 1236 potentiamque

152 1252 271 1314 hahent.
292 1282 324 1290 -
339 1252 455 1312 Habent
474 1273 560 1328 sane,
583 1251 634 1313 sed
654 1266 686 1311 tu
703 1252 789 1327 item,
811 1253 910 1330 sodes,
932 1253 1001 1313 vide
1027 1273 1099 1312 num
1123 1252 1179 1312 tihi
1198 1252 1297 1313 horum
1312 1264 1355 1308 tet·

151 1365 216 1410 tura
226 1395 235 1426 ,
256 1350 495 1430 quemadmodum
515 1347 607 1424 mihi,
628 1371 691 1422 rara
710 1350 877 1431 dissutaque
898 1348 1040 1412 videatur.
1053 1382 1082 1392 -
1095 1350 1225 1412 Ostende
1244 1347 1353 1410 modo.-

151 1449 225 1524 Dic,
244 1467 313 1529 age:
336 1449 359 1508 si
379 1450 444 1528 quis
465 1449 589 1508 amicum
609 1461 692 1507 tuum
712 1449 939 1528 Eryximachum
967 1448 1015 1509 vel
1044 1451 1106 1528 ejus
1133 1463 1245 1529 patrem
1264 1450 1354 1506 Acone·

151 1569 221 1607 num
236 1546 369 1622 xadiens,
398 1546 494 1632 dicat:
526 1568 576 1627 ego
597 1548 801 1622 hujuscemodi
822 1549 967 1626 quaedam
992 1556 1052 1607 ecio
1072 1554 1192 1624 corpori
1213 1546 1356 1612 admovere,

151 1649 259 1724 quidue
277 1646 408 1704 calescet
421 1665 480 1722 pro
493 1647 623 1704 arbitrio
641 1668 703 1704 meo
721 1647 767 1704 vel
774 1647 952 1726 frigerent,
972 1643 1072 1704 normal
1092 1653 1205 1720 atium,
1227 1652 1254 1702 ei
1266 1644 1356 1720 placei,

152 1746 199 1802 oel
224 1745 361 1802 deorsum
382 1746 486 1824 abigat
504 1753 594 1822 atque
615 1744 679 1800 clia
708 1746 824 1802 riutilio
851 1746 968 1803 multo:
1001 1745 1072 1802 hacc
1102 1752 1206 1802 autem
1231 1753 1324 1800 tenens
1338 1745 1357 1794 et

152 1843 300 1902 medicum
319 1863 366 1900 me
388 1863 448 1901 cose
468 1843 611 1900 contendo
634 1852 664 1900 et
690 1843 787 1900 olium
809 1843 925 1922 efficere
946 1865 1030 1921 poree
1048 1844 1216 1917 medicum,
1237 1847 1284 1900 eoi
1307 1843 1356 1916 qui·

151 1943 217 1999 dem
237 1941 349 1998 horum
368 1961 473 1998 rorum
501 1949 660 1999 erientiam
689 1941 864 2000 tradidero:
885 1939 957 2020 quid
979 1940 1047 2000 illos
1075 1961 1261 2021 responsuros
1279 1935 1355 1996 exist-

152 2041 235 2098 mas?
257 2066 291 2075 -
319 2037 467 2113 Quidnam
483 2037 583 2114 aliud,
604 2039 690 2118 quam
706 2052 961 2119 percunctaturus,
983 2038 1126 2118 numquid
1148 2039 1223 2098 sciat
1241 2039 1353 2114 insuper,

151 2138 257 2217 quihus
275 2159 306 2196 ea
325 2137 439 2217 singula
459 2135 598 2197 adhibere
622 2150 650 2195 et
677 2136 794 2216 quando
814 2151 843 2196 et
862 2129 1003 2215 quatenus
1029 2138 1182 2218 oporteat?
1203 2161 1235 2170 -
1257 2135 1317 2212 Ergo
1334 2126 1350 2188 tl
1403 2147 1404 2150 ’

151 2234 248 2310 dicat,
269 2234 352 2295 nullo
370 2234 455 2294 modo
476 2255 504 2294 se
523 2234 602 2294 illud
622 2235 694 2293 scire
704 2280 713 2309 ,
735 2235 785 2297 sed
805 2249 935 2315 oportere
956 2256 1039 2310 eum,
1061 2235 1111 2313 qui
1130 2234 1166 2293 ab
1190 2236 1253 2315 ipso
1266 2230 1350 2292 didicc·
1403 2301 1404 2306 ἵ

151 2334 207 2407 rit,
228 2332 298 2392 talia
325 2330 464 2409 quaedam
494 2333 586 2390 iacere
611 2353 711 2414 posse,
732 2331 805 2412 quid
833 2332 1075 2414 respondebunt?
1099 2329 1128 2412 l)
1154 2361 1192 2372 -·
1212 2324 1352 2412 Responde·

59 2495 67 2505 ι
150 2430 243 2506 hunt,
271 2431 391 2512 opinor:
418 2437 536 2489 intonit
552 2431 653 2490 homo:
684 2441 732 2507 et,
754 2432 830 2491 libro
851 2439 948 2490 nescio
968 2453 1024 2510 quo
1043 2432 1180 2505 edoctus,
1203 2432 1265 2504 vel,
1285 2437 1313 2485 ut
1330 2431 1353 2483 it

151 2531 368 2588 medicamento
397 2531 509 2588 incidit
534 2531 711 2608 quaedum,
730 2539 776 2588 ito
804 2533 950 2590 medicum
971 2551 1001 2588 oe
1020 2532 1148 2605 foetum
1165 2538 1277 2607 putot,
1296 2528 1355 2582 ertit

145 2650 274 2706 prorius
291 2635 461 2706 imperitus.
474 2660 505 2669 -
529 2627 608 2704 Quid
628 2632 721 2688 vero?
743 2628 772 2688 Si
790 2631 828 2689 ad
841 2628 1012 2709 Sophoclem
1027 2627 1132 2706 aliquis
1146 2641 1198 2686 aut
1213 2622 1355 2706 Euripiden

151 2726 309 2800 accedens,
339 2726 410 2784 scire
429 2746 457 2785 se
478 2725 557 2786 dicat
578 2726 614 2786 de
634 2747 724 2809 parva
744 2749 774 2786 re
793 2726 939 2809 prolixam
958 2728 1116 2786 orationem
1134 2724 1243 2785 hahere
1262 2737 1288 2782 et
1304 2741 1355 2779 cou-

151 2838 196 2883 tra
216 2823 253 2882 de
274 2845 375 2905 magna
397 2824 611 2900 brevissimam,
641 2839 668 2884 ct
687 2825 814 2886 dicendo
839 2825 949 2905 quoties
970 2824 1043 2885 velit
1072 2822 1294 2883 misericordiam
1311 2837 1354 2876 mo·

152 2941 218 2980 rere
236 2935 264 2981 et
288 2935 387 2982 contra
407 2924 627 3004 perterrefacere
648 2939 676 2984 et
697 2923 821 2998 minari,
844 2936 871 2982 et
890 2943 962 3001 quae
983 2922 1040 2980 alia
1068 2919 1269 3000 hujuscemodi
1290 2927 1343 2978 sunt

149 3041 236 3102 seque
254 3019 300 3080 his
320 3019 460 3080 docendis
479 3035 562 3102 putet
579 3021 717 3101 tragicam
732 3023 834 3102 poesin
850 3020 988 3080 tradere?
1010 3048 1045 3057 -
1065 3019 1102 3078 Et
1122 3019 1173 3095 hi,
1196 3043 1213 3079 o
1233 3017 1352 3082 Socrates,
1401 3041 1402 3058 r

151 3119 273 3198 opinor,
294 3117 442 3192 riderent,
464 3119 571 3197 siquis
590 3119 671 3178 aliud
691 3099 751 3178 esse
771 3118 942 3198 tragoediam
958 3119 1152 3194 existimaret,
1173 3139 1260 3198 quarn
1276 3115 1353 3173 horun

152 3215 386 3296 compositionem
407 3228 435 3273 et
455 3216 585 3297 partibus
604 3216 730 3276 invicem
757 3230 784 3275 et
811 3217 864 3275 toti
884 3218 1115 3278 convenientem.
1142 3260 1173 3270 -.
1196 3217 1259 3276 Nou
1281 3227 1354 3274 tamer

152 3313 275 3386 rustice,
295 3311 401 3388 credo,
423 3314 625 3394 increparent,
647 3315 697 3374 sed
708 3360 716 3389 ,
739 3315 780 3372 uti
798 3315 923 3374 musicus
943 3316 974 3374 in
995 3316 1090 3375 virum
1106 3313 1261 3390 incidens,
1280 3309 1322 3390 qui
1335 3323 1354 3364 tt
1400 3317 1401 3390 ξ

61 3472 66 3481 ‚
125 3430 210 3486 ,esse
238 3409 437 3468 harmonicum
465 3425 615 3493 propterea
635 3413 831 3487 existimaret,
855 3411 933 3491 quod
950 3411 1073 3476 chordas
1093 3426 1188 3494 posset
1205 3409 1354 3472 acutissimo
1400 3391 1401 3442 l

151 3521 179 3566 et
198 3507 378 3587 gravissimas
396 3506 523 3584 efficere,
543 3531 602 3568 non
621 3510 724 3569 rudius
741 3508 851 3584 diceret
861 3555 870 3584 ,
892 3518 1012 3569 ineante
1021 3555 1030 3586 ,
1048 3517 1145 3570 'mim
1154 3532 1168 3580 ,·
1192 3510 1260 3584 sed,
1280 3515 1352 3586 utpote

151 3608 294 3682 musicus,
317 3605 497 3666 leniuscule:
525 3616 632 3685 optime
657 3615 723 3682 nir,
744 3629 858 3668 neeesse
878 3611 996 3687 quidem
1017 3620 1079 3684 ert,
1101 3619 1155 3683 ut,
1177 3617 1230 3689 qni
1240 3611 1353 3686 suturae
1399 3643 1400 3652 κ

149 3917 220 3970 vidd.
246 3916 330 3986 intpp.
352 3921 384 3980 ad
404 3921 428 3972 h.
452 3922 484 3984 l.;
502 3921 636 3988 inprimis
654 3920 730 3972 docta
746 3921 824 3972 Geelii
837 3923 870 3974 de
884 3923 1008 3990 sophistis
1026 3923 1172 3991 disquisitio
1189 3923 1216 3973 in
1231 3912 1351 3972 connectit

147 4004 277 4058 :oneratis
292 4003 447 4071 l'rojectinae
460 4007 519 4058 Vol.
535 4007 555 4058 l.
594 4011 597 4020 ⁴
750 4073 754 4078 Ι

183 4087 209 4154 1)
229 4086 382 4158 Corruptum
396 4093 498 4156 locum,
511 4101 539 4144 ut
554 4093 646 4160 purtim
658 4093 808 4146 Heindorflo
824 4093 934 4160 placuit,
954 4095 991 4144 sic
1007 4101 1088 4145 totum
1101 4090 1281 4144 resumendum
1291 4091 1348 4152 pult:

148 4161 169 4224 ἃ
189 4165 321 4250 ἐρωτᾷς·
342 4166 373 4254 ci
393 4165 496 4232 εἴποιεν
516 4161 567 4242 ἄη
591 4205 631 4216 —-
654 4164 772 4230 El'norev
793 4162 842 4242 clo,
864 4162 961 4247 οἶμαι,
984 4161 1030 4230 ὅτι
1046 4205 1086 4216 —
1121 4178 1193 4239 Once
1214 4177 1286 4246 plene
1302 4167 1347 4220 Ptr-

149 4261 236 4310 tonica
250 4273 312 4311 esse
331 4260 433 4312 videtur
451 4263 477 4313 in
494 4262 640 4328 hujusmodi
658 4262 884 4314 commemorando
900 4263 1008 4314 aliorum
1024 4279 1145 4314 sermone
1162 4265 1236 4315 ratio.
1268 4245 1347 4312 floret·

149 4345 175 4394 in
195 4344 247 4395 iltis
272 4331 362 4397 αὕτόν
383 4327 471 4397 οἷόντ’
491 4331 562 4397 clrou
584 4341 674 4398 ποιεῖν
696 4364 748 4399 non
773 4347 963 4399 sollicitandum
984 4350 1111 4400 existimo.
1148 4347 1196 4410 Oui
1215 4339 1343 4413 respondet,

149 4429 239 4480 rudior
260 4439 314 4492 est,
340 4445 414 4496 quam
440 4431 482 4498 qui
506 4431 548 4494 id,
574 4433 644 4499 quod
668 4433 816 4500 quaeritur,
841 4441 961 4484 accnmte
986 4436 1118 4501 perspicit.
1154 4434 1240 4502 ltaque
1257 4424 1344 4482 unite

149 4513 249 4566 dicitur.
938 4525 941 4532 ’
