2908 5114
665 261 724 326 319

76 428 181 506 primis
206 423 405 485 conditionem
433 423 582 486 declarare
611 423 737 484 studuit:
768 417 846 500 quod
874 416 959 478 nobis
985 416 1113 495 deinde,
1145 414 1197 480 ubi
1225 433 1314 480 totam

76 523 231 602 legerimus
249 535 278 582 et
296 523 513 602 exposuerimus
532 522 790 602 comparationem,
810 515 922 598 patebit
940 517 1101 577 manifesto.
1123 516 1204 576 Fecit
1221 532 1315 578 autem

75 621 157 680 illud
183 617 262 680 tanta
289 639 350 678 non
380 619 472 679 solum
501 619 643 699 elegantia
662 630 690 678 et
710 615 887 689 festivitate,
908 614 959 673 sed
977 615 1142 694 diligantid
1158 617 1262 692 etiam,
1283 627 1315 675 ut

74 719 164 778 nobis
180 718 214 776 in
231 716 333 776 fabula
350 717 465 798 singula
485 716 654 812 singulatim
676 716 834 778 rideantur
850 710 1119 772 animadvertenda.

116 815 350 894 Descriptionem
382 803 533 875 bominum
567 814 637 874 haec
666 813 840 893 comparatio
870 809 1019 884 continet,
1049 810 1118 888 qui,
1149 823 1182 870 ut
1210 811 1315 891 vulgus

73 912 199 987 assolet,
230 913 283 971 toti
311 913 344 973 in
373 913 484 973 mundo
507 909 707 992 'adspectabili
738 911 855 973 vivunt.
897 908 981 966 Dixit
1005 907 1042 968 de
1070 907 1150 983 illis,
1171 929 1260 988 quum
1278 908 1316 968 de

71 1006 270 1090 cognoscendi
295 1009 391 1069 studio
414 1012 534 1092 agebat:
556 1001 692 1089 φιλήκοοι
713 1023 827 1070 suntet
848 997 1078 1086 φιλοθεάμωνες·
1102 1019 1314 1088 persequuntur

15 1161 23 1182 ,
71 1128 149 1186 quae
175 1104 286 1180 oculis,
317 1128 389 1185 quae
418 1109 552 1184 auribus,
573 1129 647 1189 quae
664 1107 784 1167 caeteris
803 1106 935 1165 sensibus
954 1107 1139 1186 percipiunt3
1163 1125 1224 1163 non
1246 1124 1315 1165 vero

72 1217 145 1264 sunt
174 1195 340 1282 φιλόσοφοι.
360 1205 390 1284 l)
420 1206 535 1265 Similes
556 1226 636 1265 nune
657 1205 772 1266 eosdem
793 1205 974 1284 captivorum
995 1202 1087 1278 dicit,
1110 1205 1160 1280 qui
1179 1205 1214 1262 in
1233 1217 1316 1262 antro

70 1302 222 1364 habitant.
264 1305 336 1362 Nam
364 1304 497 1364 serviunt
526 1303 574 1363 illi
592 1303 725 1363 sensibus
744 1301 822 1377 suis,
844 1315 877 1361 ut
889 1321 962 1379 quae
980 1298 1013 1359 bi
1033 1301 1205 1360 nunciarint
1225 1301 1314 1380 ipsis,

70 1400 134 1458 sola
164 1414 193 1462 et
218 1421 287 1462 reru
306 1414 334 1460 et
353 1400 515 1481 expetenda
547 1401 733 1460 existiment:
755 1397 862 1478 quibus
880 1398 1087 1478 praejudicatis
1105 1396 1314 1479 opinionibus,

71 1509 213 1576 tanquam
245 1498 393 1573 vinculis,
422 1499 671 1578 constringuntur.
723 1497 855 1556 Mundus
890 1510 1003 1570 autem,
1034 1496 1067 1554 in
1098 1516 1156 1573 quo
1185 1495 1312 1571 vivunt,

70 1593 164 1672 plane
191 1595 348 1676 speluncae
375 1595 528 1673 eujusdam
557 1596 760 1656 obscuritatem
788 1594 891 1668 refert,
912 1595 995 1671 eujus
1014 1593 1039 1651 si
1058 1592 1171 1652 aditum
1190 1591 1312 1652 finxeris

70 1705 207 1770 apertum
231 1705 259 1750 et
279 1691 385 1766 latum,
407 1705 574 1768 uteorum,
594 1711 667 1770 quae
688 1713 775 1772 supra
794 1705 877 1765 sunt,
899 1690 1017 1749 umbrae
1038 1690 1070 1748 in
1091 1710 1123 1747 ea
1140 1703 1312 1770 appareant,

70 1785 164 1865 plane
191 1807 310 1863 cernes,
339 1789 434 1866 qualis
462 1808 561 1850 eorum
589 1803 617 1848 et
635 1803 742 1868 quanta
762 1789 878 1848 inscitia
898 1790 944 1848 sita
986 1787 1143 1847 Simillime
1162 1788 1240 1846 enim
1259 1809 1312 1868 pro

70 1883 161 1942 rebus
189 1886 306 1946 umbras
331 1885 519 1967 adspiciunt,
548 1907 581 1946 ae
610 1886 647 1947 de
673 1886 777 1946 iisdem
805 1886 934 1960 umbris,
965 1885 1046 1964 quasi
1074 1905 1119 1943 res
1143 1898 1255 1960 essent,
1283 1899 1311 1946 et

70 1993 206 2041 statuunt
224 1997 253 2042 et
272 2003 368 2044 seeum
386 1985 514 2044 invicem
534 1984 727 2043 contendunt.
769 1982 827 2042 Sed
848 1983 930 2042 Plato
947 1995 980 2042 ut
999 1983 1046 2042 his
1066 1981 1200 2059 vulgares
1218 1981 1310 2042 bomi-

71 2097 143 2150 nes,
174 2081 283 2158 quique
313 2081 398 2160 longe
421 2095 515 2148 essent
536 2103 553 2139 a
576 2080 762 2162 philosophia
780 2081 889 2155 alieni,
911 2080 1071 2162 spectavit,
1092 2081 1132 2138 ita
1151 2080 1310 2157 exagitavit

70 2175 199 2234 maxime
226 2176 313 2253 illos,
343 2179 393 2256 qui
421 2177 474 2238 hos
501 2177 603 2238 ludere
630 2177 711 2236 salsis
727 2177 905 2256 imaginibus
924 2177 1083 2238 studerent.
1125 2177 1190 2234 Non
1210 2175 1308 2254 negli-

70 2271 170 2350 genda
192 2275 305 2334 scilicet
331 2275 416 2334 nobis
444 2289 513 2336 sunt
541 2277 574 2334 in
603 2273 705 2356 specus
723 2273 919 2356 descriptione
938 2277 1093 2350 tabulata,
1115 2293 1210 2349 supra
1231 2294 1308 2350 quoe

72 2372 230 2429 miracula
254 2375 415 2451 ostendunt
439 2382 714 2455 praestigiatores.-
743 2365 782 2431 τά
810 2365 1077 2454 παραφράγματα,
1102 2365 1179 2452 incip
1205 2359 1249 2431 triu
1272 2365 1311 2431 τά

71 2461 223 2546 θαύματα
243 2463 413 2530 demadem.
429 2469 461 2552 2)
501 2471 646 2551 intelligit
674 2471 817 2550 pictores,
849 2481 966 2554 poetas,
996 2475 1137 2548 musicos,
1159 2474 1192 2532 in
1210 2473 1313 2552 primis

72 2583 219 2646 oratores,
244 2593 316 2651 quos
342 2572 441 2632 ubivis
468 2569 502 2628 in
529 2570 644 2650 scriptis
663 2559 793 2648 γόητας,
809 2580 1063 2658 prpcstigiotoree
1080 2593 1112 2630 ac
1134 2562 1313 2650 φάντασμά·

71 2687 133 2728 των
164 2681 301 2730 auctum
326 2669 472 2750 appellat,
502 2677 564 2725 tum
590 2689 658 2728 vero
688 2671 813 2728 maxime
837 2667 1311 2750 hisnomtnibusnotat,p1outi

73 2769 205 2829 vidimus
230 2787 334 2848 supra,
351 2763 383 2848 3)
413 2765 464 2823 ubi
491 2764 528 2823 de
559 2766 690 2826 veritatis
708 2767 805 2826 studio
824 2767 892 2846 agit.
935 2766 1061 2826 Pictores
1078 2769 1164 2826 tertio
1183 2767 1313 2848 gradua

73 2867 198 2927 veritate
225 2865 323 2926 abesse
345 2865 404 2923 ait:
426 2862 534 2942 quippe
554 2881 626 2942 quae
644 2863 682 2921 ab
701 2864 864 2923 arti-ficibus
883 2863 1023 2922 fabricata
1042 2877 1112 2922 sunt
1132 2879 1160 2924 et
1178 2866 1312 2945 proxime
1332 2895 1333 2906 ν

73 2949 109 3022 ib
138 2964 197 3038 iis,
226 2981 299 3041 quae
330 2971 422 3035 cunt,
453 2959 578 3034 absunt,
609 2958 681 3018 baec
711 2960 757 3019 illi
787 2960 942 3020 simulacra
972 2960 1125 3019 imitantur
1152 2964 1313 3043 pingendo.

73 3060 219 3119 Similiter
247 3065 365 3140 politae:
396 3055 545 3134 τιθῶμεν,
573 3063 627 3137 ait,
648 3049 706 3117 α’πὸ
732 3051 865 3140 Όμηρον
895 3050 1074 3140 άρξάμεναι,
1105 3054 1217 3134 πάντας
1245 3055 1315 3136 τούς

72 3151 242 3239 ποιηταοάς
270 3153 441 3240 μιμητάς
470 3150 635 3219 εἰδώλων
667 3153 776 3240 αἱρετῆς
800 3153 872 3220 εἶναι
898 3158 948 3221 καὶ
978 3161 1040 3221 τῶν
1067 3153 1164 3222 ἄλλων
1186 3160 1255 3244 περὶ
1273 3151 1316 3223 ὧν

73 3257 206 3332 ποιοῦσι,
224 3258 279 3340 τῆς
299 3255 335 3320 δὲ
356 3255 535 3342 ἀληθείας
554 3254 617 3340 οὐχ’
635 3252 794 3324 ἅπτεσθαι.
810 3261 842 3343 4)
878 3263 1016 3337 Scilicet,
1038 3263 1116 3342 quod
1135 3256 1168 3323 ii
1186 3264 1316 3325 Platonis

73 3361 202 3440 imagine
230 3362 283 3422 vix
318 3362 390 3422 solet
423 3361 556 3436 attendi,
587 3361 638 3421 sed
666 3363 771 3438 nobis,
802 3362 840 3421 ad
869 3382 931 3419 eam
960 3360 1048 3440 plene
1075 3362 1316 3442 percipiendam,

75 3458 235 3516 necessario
263 3459 556 3520 animadvertendum
580 3472 638 3534 est,
660 3482 721 3519 non
739 3483 844 3519 rorum
865 3458 980 3518 umbras
996 3457 1165 3538 adspiciunt
1184 3461 1315 3540 captivi,
1395 3440 1403 3450 .

75 3557 124 3616 sed
156 3549 210 3627 τάς
235 3553 297 3616 τῶν
323 3556 493 3618 σκευαστῶν
521 3550 619 3633 σκιάς,
651 3581 752 3617 aarum
785 3557 917 3631 umbras,
939 3577 1015 3634 quae
1034 3567 1102 3614 arte
1120 3566 1194 3614 eunt
1204 3561 1312 3632 sacta.

75 3653 214 3715 Eminent
240 3633 326 3738 supra
351 3679 466 3717 murum
491 3679 560 3717 cum
579 3679 646 3719 vasa
670 3655 763 3716 omnis
783 3655 914 3734 generis,
935 3669 997 3714 tum
1014 3667 1123 3712 statuae
1135 3652 1294 3714 bominum
1305 3701 1315 3731 ,

76 3751 191 3832 aliaque
219 3769 279 3814 tarn
305 3754 441 3836 lapidea,
470 3777 555 3834 quarn
575 3757 671 3836 lignea
690 3753 846 3829 animalia,
867 3767 927 3812 arte
948 3753 1023 3810 faeta
1034 3795 1043 3826 ,
1064 3771 1185 3828 quorum
1205 3752 1316 3814 formae

76 3907 334 3921 ὴ*-

108 3995 133 4059 1)
155 3997 271 4066 Dellep.
295 3999 324 4051 V.
345 3999 404 4051 tet
424 4000 455 4053 D.
478 3999 524 4052 Off.
547 4001 669 4066 laitiap.
683 3999 743 4050 215.

108 4083 134 4147 2)
155 4085 235 4150 Sunt,
263 4089 373 4154 opinor,
400 4089 462 4140 haee
483 4075 731 4163 παραφράγματα
752 4085 818 4150 illis,
841 4101 907 4152 quae
928 4099 978 4135 nos
1001 4081 1103 4150 vulgari
1124 4086 1229 4164 nomine
1252 4103 1315 4135 rme-

76 4171 141 4223 sclos
160 4191 298 4241 vocemus,
318 4195 370 4231 non
396 4181 539 4234 dissimilia.
583 4183 657 4236 Pone
679 4184 742 4234 latet
770 4165 789 4230 ά
815 4157 1059 4248 θαπματοποιος,
1088 4193 1165 4246 supra
1187 4185 1315 4245 apparent

76 4259 260 4406 imqguneulae.
295 4264 394 4334 Vulgus
415 4277 499 4318 autern
523 4269 562 4321 tis
582 4279 744 4338 quantopere
766 4269 923 4332 delectetur,
944 4268 1072 4320 novimus.

154 4347 231 4398 inilia
249 4365 273 4414 p.
291 4348 334 4401 81.

110 4427 136 4492 l)
155 4431 192 4481 De
210 4433 271 4500 liep.
289 4434 318 4486 X.
339 4435 397 4487 600.
419 4436 450 4488 E.
