2838 5120
756 252 815 312 288
903 295 907 302 .

169 414 331 488 aitVatro,
353 410 578 492 epotando,
594 414 670 492 quod
686 415 933 494 oclatpurum
950 418 1111 490 secare.
1136 414 1368 495 Ratioputoru'

169 515 306 588 dicitur,
327 521 360 570 in
381 533 441 590 quc
462 533 579 571 mmmo
605 519 648 570 eit
662 533 754 591 puro.
798 513 850 573 Sic
870 521 898 574 ie
917 535 1031 588 ammo,
1061 522 1096 572 iu
1119 535 1175 592 quo
1195 519 1367 594 prendique

171 622 291 671 anatur
317 613 433 685 verbu,
464 632 501 668 rao
528 619 570 668 eit
590 612 760 685 consutus,
790 621 879 690 atque
906 621 942 672 ut
969 613 1127 688 diluerat,
1156 615 1273 672 dicitur·
1291 617 1367 693 diepa·

169 721 247 769 tare.
269 707 298 789 1)
327 707 432 784 Quid?
462 707 542 786 quod
569 707 646 767 idem
673 707 752 768 illud
780 709 948 776 Latinorum
965 720 1077 789 putare
1104 707 1142 770 ad
1170 711 1326 786 calculum,
1341 712 1369 772 ad

170 807 344 867 numerandi
384 819 473 868 artem
508 807 689 866 transfertur.
723 809 757 890 ,A
788 807 919 888 putando
955 809 1034 868 enim
1062 819 1247 888 rrepputare,
1274 833 1370 888 compu-

168 917 237 966 tare
257 905 375 968 dicitur.
417 904 504 986 Apud
527 905 676 964 Platonem
694 919 789 964 autem
810 905 950 966 cernendi
978 927 1023 968 ars
1045 908 1079 971 iu
1098 928 1255 988 puerorum
1273 909 1370 968 institu-

169 1006 268 1079 tione,
291 1018 323 1063 ut
351 1001 551 1078 meminimus,
572 1023 658 1081 quam
684 1005 815 1084 proxime
836 1017 961 1064 astrum
980 1018 1040 1064 arte
1066 1006 1241 1068 numerandi
1269 1008 1371 1084 conjun-

169 1118 224 1162 cta.
247 1101 278 1183 2)
308 1101 356 1162 Sic
377 1102 468 1160 latent
492 1101 604 1162 scilicet
621 1102 654 1160 in
674 1100 797 1183 dialogis
809 1101 872 1162 illis
891 1102 1038 1180 Platonis,
1057 1104 1090 1162 in
1109 1105 1181 1186 ipsis
1196 1104 1268 1166 adeo
1286 1103 1370 1183 linguis

170 1200 428 1282 praestantissimae
447 1199 536 1277 hujus
554 1199 624 1258 artis
644 1214 757 1260 nostrae
776 1201 934 1282 principia.

134 1284 139 1292 ¹
210 1299 312 1358 Natam
340 1296 415 1358 hanc
446 1318 504 1356 esse
534 1296 663 1356 diximus
692 1319 706 1356 e
737 1298 878 1358 cernendi
906 1311 966 1358 arte
987 1297 1135 1375 Platonis,
1156 1315 1197 1360 ut.
1207 1301 1310 1382 posteri
1327 1317 1368 1356 eam

169 1396 304 1472 demum,
325 1410 461 1474 tanquam
481 1408 569 1454 artem
589 1395 735 1474 quandam
750 1396 973 1477 disciplinamre
992 1398 1183 1479 peculiarem,
1206 1397 1369 1458 excoluerint.

169 1493 255 1571 Quod
284 1515 321 1555 ex
349 1493 403 1552 hac
433 1495 494 1572 ejus
514 1493 554 1553 ¹ui
583 1494 729 1570 naturali,
760 1516 844 1573 quam
875 1495 958 1575 Plato
984 1495 1179 1575 significavit,
1202 1494 1369 1574 intelligitur:

168 1592 253 1654 modo
280 1607 356 1652 recte
383 1591 420 1650 ab
448 1589 561 1671 analysi
572 1633 581 1665 ,
612 1612 735 1672 quacum
757 1591 901 1652 confundi
921 1614 938 1652 a
956 1584 1167 1669 multis'solet,
1187 1594 1369 1672 distinguatur.

168 1695 256 1752 Hunc
273 1691 351 1749 enim
370 1691 403 1748 in
420 1689 537 1748 modum
556 1710 573 1747 a
591 1689 800 1750 recentioribus
820 1690 1021 1772 philosophiae
1038 1689 1171 1752 adhibita
1188 1707 1248 1767 est,
1269 1705 1299 1750 ut
1314 1688 1369 1748 ideu

167 1791 216 1866 ef,
246 1787 324 1868 quod
352 1787 465 1868 analysi
483 1781 586 1862 Plato,
606 1787 785 1848 intellexisse
803 1787 969 1848 videantur.
1011 1790 1129 1870 Proprie
1148 1810 1220 1852 vero
1240 1791 1279 1850 sic
1297 1803 1333 1848 est
1345 1786 1369 1845 ab

168 1889 221 1950 illa
246 1887 380 1962 diversa,
411 1898 461 1962 ut,
490 1905 555 1946 cum
575 1900 695 1965 utraque
713 1886 907 1966 inquirendo,
929 1887 1130 1964 inveniendo,
1146 1887 1309 1967 judicando
1323 1907 1368 1967 pro

167 1987 270 2062 cedat,
301 1986 419 2045 criticae
444 1986 477 2044 in
503 1985 605 2066 primis
635 2005 740 2044 munus
760 1987 798 2044 sit
807 1987 963 2062 judicare.
1005 1987 1126 2048 Invenit
1142 1966 1299 2067 ahclyeia:
1316 2003 1367 2064 quae

167 2089 288 2148 inventa
315 2099 382 2144 sunt
406 2103 437 2143 ac
460 2083 612 2142 memoriae
630 2083 763 2164 prodita,
784 2091 895 2142 critico
914 2084 1063 2164 dijudicat.
1105 2087 1290 2173 Quapropter
1305 2101 1366 2164 pree·

166 2185 245 2244 cedit
265 2183 336 2258 illa,
357 2182 428 2240 haec
450 2180 643 2259 subsequitur.
686 2182 782 2242 Habet
802 2183 870 2242 item
889 2196 1026 2262 utraque,
1047 2205 1104 2262 quo
1122 2180 1362 2266 potissimuuurefe·

102 2291 104 2295 ’
165 2297 255 2343 ratur.
296 2281 370 2362 Ipsis
398 2279 430 2338 in
461 2277 547 2336 rebus
578 2293 708 2338 versatum·
727 2281 871 2362 analysis:
893 2296 921 2342 et
938 2283 1067 2342 animum
1085 2282 1215 2342 hominis
1236 2292 1264 2342 e't
1281 2301 1318 2340 res
1327 2278 1365 2336 hu·

165 2401 264 2440 manas
293 2399 391 2439 omnes
416 2398 448 2436 ao
469 2376 587 2462 divinas
607 2390 635 2435 et
653 2390 742 2438 totam
761 2401 856 2439 rerum
875 2380 1093 2442 universitatem
1108 2381 1262 2463 explorat,
1282 2397 1366 2440 veruu·

164 2499 220 2556 que
247 2480 280 2536 in
306 2477 353 2538 bis
379 2474 494 2560 cunctis
523 2475 634 2553 assequi
664 2475 779 2554 studet3
813 2479 914 2538 critica
939 2498 1007 2539 vero
1033 2493 1065 2539 ut
1089 2479 1225 2558 judicat,
1248 2494 1279 2538 ut
1295 2477 1368 2535 miuus

164 2577 319 2651 invenire,
350 2573 428 2654 quod
458 2593 559 2634 verum
588 2586 648 2647 est,
669 2595 754 2652 quarn
773 2597 874 2636 verum
892 2597 908 2634 a
925 2575 999 2636 falso
1017 2576 1194 2657 distinguere
1216 2578 1324 2650 studet,
1340 2575 1369 2630 ita

163 2675 201 2736 ad
221 2653 373 2756 opiniones
391 2672 557 2746 hominum,
579 2670 617 2730 ad
637 2671 874 2754 philosophorum
889 2673 1013 2754 placita,
1034 2675 1072 2734 ad
1087 2676 1212 2756 scripta,
1227 2695 1299 2755 quae
1311 2670 1368 2732 omni

162 2795 233 2834 aevo
263 2773 296 2832 in
324 2773 402 2832 omni
424 2770 530 2830 artium
549 2767 805 2850 doctrinarumque
823 2792 926 2852 genere
944 2773 1134 2853 prodierunt,
1156 2773 1282 2833 adhaec
1302 2771 1368 2852 igitur

162 2870 342 2953 exploranda
373 2883 401 2928 et
429 2867 618 2947 dijudicanda
649 2868 773 2927 refertur
798 2869 986 2950 potissimum.
1027 2861 1091 2946 Qua
1121 2871 1153 2930 in
1182 2892 1216 2930 re
1237 2886 1265 2932 et
1278 2879 1367 2950 putare

161 2967 239 3028 illud
258 2970 425 3028 Latinorum
445 2979 473 3026 et
494 2958 672 3048 decapitari,
692 2987 749 3044 quo
768 2989 835 3028 usus
855 2967 935 3028 Plato
956 2983 1016 3044 est,
1037 2970 1153 3051 proprie
1170 2969 1299 3045 obtinet,
1321 2984 1367 3026 nan

161 3063 355 3127 discernendo
385 3067 490 3127 similia
511 3089 526 3127 a
547 3067 712 3140 similibus,
733 3066 898 3147 probabilia
917 3089 934 3138 a
952 3069 1053 3143 certis,
1074 3068 1147 3127 falsa
1166 3089 1198 3126 ac
1219 3080 1366 3148 corruptae

161 3167 236 3226 veris
267 3180 295 3225 et
324 3167 401 3224 sanis
422 3167 559 3246 purgavit
578 3166 638 3225 fere
656 3164 757 3223 critica
773 3164 871 3223 orbem
891 3166 1058 3241 eruditum,
1079 3179 1106 3224 et
1125 3187 1175 3226 suo
1197 3166 1255 3226 sibi
1272 3168 1331 3244 jure
1346 3161 1367 3217 iu

161 3264 271 3323 artibus
302 3277 330 3322 et
359 3263 526 3345 disciplinis
544 3263 701 3342 majoribus
719 3263 861 3342 insignem
881 3262 1080 3343 illustremque
1099 3264 1193 3324 locum
1214 3258 1366 3324 vindicarit.

161 3357 186 3421 E
205 3384 261 3441 qua
280 3362 396 3427 criticae
414 3385 430 3422 a
450 3345 603 3424 dialectica
633 3361 781 3420 Platonica
814 3360 982 3423 diversitate
1002 3361 1039 3421 ad
1057 3362 1286 3442 intelligendum
1303 3355 1367 3419 facile

161 3474 220 3537 est,
250 3460 491 3540 quemadmodum
521 3481 557 3520 ex
584 3459 760 3524 inveniendi
789 3459 844 3518 illa
867 3459 1004 3520 methodo
1032 3461 1134 3520 critica
1161 3462 1200 3520 sit
1219 3475 1305 3534 nata,
1323 3471 1365 3516 tuu

177 3561 264 3634 tiam,
294 3558 367 3638 quid
396 3581 511 3619 caussae
541 3560 594 3634 sit,
626 3579 678 3617 cur
710 3558 746 3616 ab
774 3559 927 3618 Aristotele
946 3558 1016 3618 haec
1034 3561 1142 3640 magis,
1162 3579 1250 3638 quam
1270 3557 1305 3617 ab
1321 3556 1366 3634 ipsu

157 3658 278 3718 Platone
306 3657 385 3716 culta
414 3659 470 3732 sit,
500 3658 644 3736 fueritque
664 3670 691 3714 et
711 3657 827 3715 criticae
845 3670 873 3715 et
891 3655 1044 3717 eclecticae
1075 3657 1279 3738 philosophiae
1294 3651 1366 3714 Ptole·

158 3777 302 3816 maeorum
322 3756 438 3816 demum
458 3770 552 3832 aetas,
570 3753 727 3834 judicandi
748 3752 802 3813 illa
820 3755 927 3835 magis,
948 3775 1034 3834 quam
1053 3754 1228 3814 inveniendi
1249 3753 1367 3814 facultate

157 3855 297 3934 insignis,
314 3869 394 3935 apta
423 3869 452 3914 et
482 3852 704 3914 accommodata.
747 3849 805 3914 Sed
826 3852 862 3912 de
883 3855 945 3934 ipsa
964 3853 1012 3912 hle
1034 3855 1144 3934 agimus
1164 3851 1303 3912 oetmendi
1321 3859 1366 3906 arte

156 3952 293 4014 Platonis.
335 3953 376 4013 Ut
407 3955 520 4035 peperit
550 3952 620 4011 haec
651 3951 800 4025 criticam,
832 3965 919 4030 utque
947 3965 1064 4010 matrem
1094 3952 1182 4010 refert
1211 3948 1364 4032 pulcerrima

154 4052 269 4133 proles,
301 4053 342 4112 ita
370 4049 455 4111 nobis
484 4051 554 4112 haec
586 4049 677 4109 veluti
709 4051 802 4132 imago
830 4049 971 4128 quaedam
998 4064 1058 4126 est,
1088 4050 1205 4128 inqua
1236 4047 1364 4126 analyseos

155 4151 320 4210 Platonicae
350 4150 409 4209 vim
440 4149 574 4210 divinam
604 4166 799 4228 agnoscamus.
849 4150 921 4208 Nam
950 4147 1029 4226 quod
1057 4149 1137 4206 Plato
1165 4147 1202 4206 de
1230 4141 1362 4208 dialectiea

155 4286 409 4300 —du-t—-n-——n

188 4357 214 4415 ll
233 4362 270 4412 De
290 4362 318 4412 L.
339 4362 367 4413 L.
391 4361 431 4412 Vl.
453 4361 494 4413 63.

188 4444 214 4509 2)
233 4447 311 4498 Initia
328 4464 353 4514 p.
369 4445 427 4498 224.
