2838 5120
731 271 792 330 242

113 416 209 494 iun
227 435 289 515 ipse
307 431 345 492 ob
361 430 395 491 id
414 430 571 506 bonorari,
602 431 656 490 boe
674 443 771 492 tamen
792 410 888 490 taeeie
905 429 1093 504 reformidet,
1119 448 1220 491 nonne
1233 431 1259 490 is
1273 435 1360 494 nerito

148 550 271 613 ignavus
289 531 509 589 habeaturl-
538 529 687 604 Fortasse,
712 531 826 608 inquit;
849 528 901 588 scd
918 547 973 588 cur
988 528 1061 588 bace
1077 547 1126 586 mc
1141 530 1360 609 interrogas?-

113 629 297 706 ¹thodte,
317 629 433 708 inquit,
453 629 648 707 cumpmsis,
669 628 1130 706 nollearbitroeproeruareea,
1149 631 1360 710 quorumparti·

146 726 570 810 cipemteassenecossesit,
590 728 866 804 φιιιιιιιιιοιιιι.»
850 723 924 804 ιι)

187 826 305 884 illustre
325 845 395 884 vero
413 824 501 900 hujus
517 821 647 882 methodi
662 823 824 884 Socraticae
843 823 1011 904 exemplum
1028 836 1073 882 est
1088 824 1122 882 in
1141 825 1289 884 notissima
1304 825 1361 906 pli-

146 925 258 1004 losopbi
282 944 349 982 curu
366 921 547 981 Aristodemo
565 920 603 981 de
623 922 810 1002 providentia
831 921 1041 1002 disputatione.
1082 923 1171 980 Hunc
1190 923 1268 982 enim
1286 945 1361 1003 quun

146 1024 304 1102 accepisset
341 1041 435 1099 neque
458 1021 529 1078 ·Diis
562 1019 724 1080 notificare
755 1041 850 1099 neque
879 1019 1065 1080 divinatione
1093 1022 1136 1080 uti
1144 1065 1154 1095 ,
1195 1022 1253 1081 imo
1280 1020 1363 1080 ridere

146 1141 265 1194 omnes,
292 1120 344 1198 qui
362 1119 433 1178 baec
450 1119 581 1176 lacerent
602 1117 678 1177 «die
695 1117 790 1192 mibi,
820 1119 883 1192 ait,
903 1117 1102 1192 ltistodiuue,
1122 1133 1230 1178 suntne
1247 1139 1316 1198 quos
1333 1118 1363 1176 ob

146 1220 317 1300 sapientiam
331 1218 371 1276 sis
386 1215 569 1275 admiratus?
591 1247 628 1257 -
646 1215 723 1274 Sunt
740 1203 810 1275 §ne
820 1262 829 1290 ,
850 1217 958 1294 inquit.
978 1245 1015 1254 —
1034 1217 1089 1276 Die
1107 1216 1195 1276 nobis
1211 1239 1309 1276 corum
1323 1237 1362 1276 no

53 1304 66 1331 ⁰
147 1319 235 1376 mina
255 1349 291 1358 -
319 1315 464 1395 Equidem
491 1316 648 1373 Homerum
676 1314 710 1373 in
733 1314 898 1394 pangendis
913 1313 1092 1373 carminibus
1111 1316 1203 1396 epicis
1219 1315 1360 1376 admirans

147 1437 211 1475 satu
228 1416 352 1476 maxime
361 1461 371 1488 ,
390 1415 424 1473 in
443 1411 631 1492 ditbyrambo
649 1411 883 1493 Melanippidem
892 1459 901 1487 ,
922 1415 955 1472 in
971 1412 1118 1492 tragoedia
1133 1412 1322 1495 Sopbocluu,
1336 1415 1362 1471 in

146 1516 283 1574 statuaria
297 1513 478 1593 Polycletum
488 1557 498 1584 ,
518 1513 552 1570 in
571 1512 685 1592 pictura
703 1510 828 1570 Zeuxin
858 1513 916 1570 llle
935 1511 1083 1586 Soanta,
1105 1513 1163 1570 utri
1184 1533 1255 1572 vero
1271 1511 1363 1572 viden·

146 1627 196 1672 tur
222 1613 299 1686 tibi,
329 1613 447 1690 inquit,
476 1611 585 1685 majore
600 1608 685 1688 digni
706 1630 767 1668 esse
791 1610 1002 1683 admiratione,
1031 1611 1084 1687 qui
1101 1610 1257 1670 anunm
1274 1609 1364 1668 mentis

147 1726 296 1790 motusque
314 1710 447 1789 expertia
464 1706 641 1788 perficiunt,
660 1729 700 1766 an
716 1707 1365 1789 quianimaliamenteetmotupracditalil)

148 1809 186 1868 Et
212 1811 254 1868 sie
276 1809 396 1888 quidem
410 1828 427 1864 a
446 1805 533 1864 rebus
551 1805 646 1863 cuivis
662 1806 848 1885 patentibus,
877 1827 1007 1886 quaeque
1024 1805 1158 1866 seriebus
1176 1808 1365 1888 percipiuntur

148 1907 187 1967 ad
202 1929 247 1966 res
265 1907 383 1967 divinas
401 1906 512 1983 Deique
531 1901 748 1983 providentiam
765 1904 905 1966 escendit
946 1903 1005 1964 Sed
1021 1903 1125 1985 hospes
1143 1907 1182 1964 sit
1199 1927 1314 1966 neeesse
1332 1916 1364 1962 est

127 2005 182 2063 -ln
199 2008 314 2086 seriptis
330 2004 556 2075 Socraticorum,
576 2003 647 2080 qui,
668 2002 717 2060 vel
733 2002 824 2062 verbo
841 2005 988 2075 monitus,
1008 2024 1070 2062 uon
1088 2004 1164 2062 bane
1184 2005 1362 2064 continuera-

121 2167 126 2180 ‚
149 2105 259 2164 tionem
283 2106 380 2162 animo
402 2113 606 2182 repraesentet.
632 2101 845 2179 'Quosounque
867 2101 994 2160 babebat
1015 2100 1146 2162 Socrates
1169 2123 1237 2161 eum
1261 2102 1363 2181 quibus·

43 2244 49 2253 .
89 2236 100 2255 .
149 2223 266 2280 cunque
290 2200 459 2261 bominibus
487 2184 649 2271 sermoires,
676 2213 740 2257 tum
766 2220 899 2278 qnoque,
928 2221 1018 2278 quum
1036 2199 1153 2276 judices
1177 2201 1363 2280 alloquebatur

50 2455 61 2477 ,
150 2398 283 2478 petebat:
312 2411 422 2456 sutores
441 2392 633 2472 loquebatur,
658 2393 774 2468 fabros,
793 2396 936 2469 rusticos,
955 2416 1111 2475 corumque
1130 2411 1252 2456 arteset
1270 2400 1364 2456 instru-

150 2511 257 2555 menta.
298 2497 376 2554 Haec
393 2494 505 2552 scilieet
524 2491 659 2551 omnibus
679 2507 763 2554 erant
782 2508 869 2567 nota,
889 2515 950 2554 non
967 2494 1056 2554 cultis
1070 2483 1204 2569 notun,
1225 2496 1277 2558 scd
1295 2494 1364 2554 rudi·

151 2595 207 2654 bus
229 2596 315 2653 etiam
339 2608 373 2662 et,
389 2590 568 2672 agrestibus,
591 2593 690 2671 pneris
712 2591 804 2652 adeo:
826 2590 1012 2652 sedordiens
1029 2592 1084 2652 ille
1104 2614 1122 2651 ι
1140 2593 1364 2654 sordidisbiset

152 2693 273 2769 abjectis
289 2713 451 2763 sermones,
471 2709 517 2746 res
533 2686 700 2749 declarabat
717 2690 873 2763 facillime,
888 2688 927 2749 de
943 2690 1052 2768 quibus
1067 2691 1222 2752 cultissimi
1232 2691 1363 2753 viriouui

152 2805 279 2870 tempore
308 2791 360 2850 rix
387 2787 546 2868 quidquam
574 2787 703 2867 prolerre
715 2834 724 2862 ,
749 2788 829 2867 quod
846 2787 1000 2868 probabile
1017 2803 1108 2863 esset,
1128 2803 1292 2870 potuerant.
1328 2787 1364 2848 lb
1409 2807 1410 2822 ¹

150 2888 306 2953 Asieotele
324 2889 394 2947 haee
411 2889 485 2945 ratio
502 2879 643 2965 ἐπαγιηιὶ
662 2885 742 2946 dicta
757 2901 819 2959 est,
837 2885 870 2965 3)
889 2907 906 2944 a
926 2887 1363 2948 Ciceroneetlatinistndutio.

128 3060 133 3069 Ι
187 2978 270 3046 “Haec
294 2985 421 3047 docendi
450 2989 524 3047 ratio
551 3009 638 3067 quam
663 2987 702 3045 sit
727 2985 871 3066 simplex,
895 3006 982 3064 quam
1002 2986 1074 3044 item
1089 2985 1129 3046 ad
1146 2986 1363 3068 persuadendum

126 3116 135 3128 ·
153 3084 275 3158 efficax,
300 3105 385 3144 nemo
399 3099 460 3158 est,
479 3087 553 3164 quin
570 3107 622 3145 sua
640 3098 743 3165 sponte
761 3082 878 3142 videat:
899 3081 952 3142 sed
970 3104 1031 3141 me
1047 3084 1186 3160 eandem,
1205 3085 1287 3164 quod
1302 3083 1363 3144 dixi·

55 3220 62 3232 ·
142 3205 234 3258 -ιιιιι,
259 3197 379 3242 naturae
396 3205 570 3263 congruam,
589 3205 624 3243 eo
641 3181 755 3263 patebit
773 3183 975 3255 manifestius,
994 3203 1053 3260 quo
1070 3185 1161 3263 magis
1178 3186 1308 3244 nativam
1322 3183 1364 3240 be

150 3283 241 3340 minis
263 3283 296 3341 in
312 3280 504 3360 disquirendo
523 3276 663 3341 rationem
683 3277 902 3338 attenderimus.
942 3280 1017 3338 Nam
1035 3279 1139 3355 bmno,
1158 3284 1294 3360 quamvis
1309 3279 1365 3338 uui-

84 3410 95 3433 ι
152 3389 249 3442 tersas
261 3393 358 3440 mente
375 3378 455 3439 ideas
472 3393 588 3453 teneat,
613 3381 676 3440 sine
693 3378 801 3456 quibus
814 3377 949 3453 judicare
966 3376 1004 3437 de
1021 3379 1109 3438 rebus
1126 3401 1187 3440 nou
1204 3394 1311 3461 potest,
1329 3391 1364 3436 ta-

152 3501 220 3538 men
244 3500 262 3537 ι
289 3478 414 3558 singulis
431 3477 472 3536 ad
492 3479 646 3552 universa,
676 3475 896 3557 asimplicibus
911 3475 951 3536 ad
966 3479 1141 3558 omnposita,
1169 3478 1208 3538 ab
1224 3481 1281 3554 iis,
1305 3493 1364 3556 quae

152 3577 254 3650 ridet,
272 3576 374 3650 audit,
393 3575 530 3634 manibus
545 3588 720 3648 contrectat,
739 3573 873 3634 sensibus
890 3576 1010 3634 omnino
1029 3577 1167 3656 p'ereipit,
1187 3577 1287 3650 adea,
1305 3591 1363 3654 quae

82 3700 94 3722 ·
153 3698 214 3738 non
237 3689 338 3756 patent
358 3674 508 3748 sennbus,
540 3674 739 3754 progreditur:
768 3693 826 3750 quo
845 3671 896 3745 lit,
917 3685 950 3730 ut
965 3672 1038 3732 baee
1056 3673 1242 3733 declarentur
1258 3671 1364 3734 vocibus

152 3775 191 3834 ab
218 3773 338 3834 illorum
364 3771 535 3832 notionibus
563 3787 593 3832 et
619 3770 795 3851 imaginibus
813 3769 920 3830 ductis.
961 3770 1009 3830 Sic
1027 3793 1045 3830 a
1063 3773 1188 3852 pueritia
1202 3772 1364 3852 suscepimus

151 3875 249 3932 aninro
268 3893 365 3932 rerum
382 3870 566 3931 sensibilium
595 3871 747 3944 notiones,
777 3883 808 3928 et
832 3869 885 3928 bas
902 3869 1036 3929 notiones
1054 3870 1087 3928 in
1104 3891 1151 3928 reo
1169 3871 1303 3930 sensibus
1315 3887 1361 3926 noo

151 3985 302 4053 patentes,
322 3967 440 4028 divinas
454 3969 628 4050 inprimis,
647 3967 849 4028 traduxims:
871 3965 952 4026 unde
968 3968 1102 4026 Diisfere
1111 3963 1362 4028 morulesbominis

152 4071 288 4144 formam,
315 4081 393 4127 certe
421 4069 589 4148 ingenium,
619 4067 795 4128 uibuerum.
840 4066 925 4126 llane
945 4065 1108 4126 naturalem
1125 4058 1360 4128 animadvertendi

188 4308 1050 4375 ttxalmltt.tt.t.ct.lnetattter.1v.3‚t

184 4397 494 4462 effluunt

181 4481 1158 4552 effinfflffluoqtroapnsncierqtetu
