2872 5122
627 255 682 315 107
704 333 708 346 .
1080 262 1089 290 ι

223 420 271 480 De
291 429 341 478 oia
359 431 388 479 ot
406 427 539 493 renone,
559 439 618 497 quo
633 419 769 488 uoeadore
788 419 934 476 bominem
955 422 994 478 ad
1006 424 1113 498 pulsari

533 517 691 576 seientiam
709 527 831 594 oportet.

93 717 148 774 «ln
165 715 211 774 his
230 716 347 795 quidem
367 716 511 774 amatoriis
530 714 634 787 saeris,
655 715 694 771 mi
713 711 859 788 Socrates,
879 727 912 772 tu
931 716 1048 802 fortasse
1068 715 1180 774 initiari
1198 735 1267 796 pos-

56 816 101 872 sis:
121 814 156 873 ad
170 836 271 895 magna
291 836 359 875 vero
373 816 525 894 mysteria,
545 806 583 874 τιδ
597 807 681 872 τέλεα
694 810 744 870 καὶ
760 805 912 884 tumenti,
927 833 1047 892 quorum
1065 813 1150 872 etiam
1169 833 1267 874 caussa

55 912 114 972 baec
126 927 215 988 sunt,
236 926 367 993 pateatne
386 912 441 972 tibi
461 913 557 973 aditus
567 959 575 989 ,
597 916 711 974 neseio:
742 912 837 973 dicam
855 915 943 993 igitur·
956 934 1024 993 ego,
1043 911 1267 991 necquidquam

55 1011 85 1069 ad
108 1025 134 1069 te
162 1011 361 1089 adjuvandum
390 1013 630 1092 praetermittam:
653 1027 685 1072 tu
705 1033 792 1086 vero,
814 1013 838 1069 si
865 1026 962 1091 potes,
984 1031 1027 1069 me
1057 1011 1137 1089 sequi
1165 1012 1267 1077 nitere,

55 1110 160 1188 Oportet
179 1131 262 1182 eum,
282 1109 332 1187 qui
350 1105 427 1167 recte
447 1131 479 1167 eo
499 1111 536 1169 sit
560 1131 777 1191 progressurus,
799 1111 894 1168 statim
914 1131 929 1167 a
947 1129 1036 1190 puero
1063 1108 1167 1188 pulcra
1189 1107 1268 1168 adire

54 1228 174 1288 corpora:
198 1221 225 1266 et
254 1208 379 1287 primum
407 1207 542 1285 quidem,
564 1210 587 1266 si
615 1209 690 1268 bene
718 1209 743 1266 is
771 1207 858 1266 ducat
887 1227 971 1287 quem
1000 1207 1147 1285 sequitur,
1178 1227 1268 1266 unum

54 1326 135 1363 amare
148 1326 269 1385 eorpus,
284 1295 313 1362 ei
326 1304 442 1385 pulcros
458 1305 500 1363 ibi
515 1327 658 1365 sermones
673 1307 788 1386 gignere
799 1329 805 1363 :
817 1321 948 1387 reputare
958 1319 1051 1363 autem
1062 1303 1180 1379 deinde,
1199 1303 1270 1385 pul-

53 1404 230 1476 critudinem,
247 1423 318 1480 quae
338 1401 460 1460 cuilibet
470 1405 581 1484 corpori
592 1405 681 1478 inest,
697 1404 814 1464 alterius
824 1404 1018 1486 pulcritudini
1028 1404 1154 1482 corporis
1164 1423 1272 1482 cogna-

53 1514 101 1558 tam
118 1523 175 1560 esse
185 1548 194 1576 ,
217 1515 263 1574 et,
284 1499 426 1578 siquidem
446 1503 576 1581 persequi
597 1502 715 1577 deceat,
736 1502 814 1581 quod
834 1504 927 1584 specie
947 1517 988 1562 est
1013 1501 1165 1582 pulcrum,
1185 1513 1271 1560 unam

54 1599 219 1678 eandemque
249 1620 326 1672 esse,
356 1618 428 1676 quae
458 1599 591 1658 omnibus
619 1601 694 1660 inest
724 1601 909 1682 corporibus,
936 1599 1183 1681 pulcritudinem:
1216 1598 1270 1658 hoe

57 1718 113 1756 vero
131 1710 330 1779 reputantem,
351 1698 478 1755 omnium
507 1718 564 1755 esse
593 1699 758 1778 pulcrorum
787 1719 935 1779 corporum
964 1712 1125 1757 amatorem.
1167 1699 1272 1770 Porro,

55 1796 121 1872 quod
140 1797 247 1854 animis
265 1796 340 1854 inest
357 1795 509 1882 pulcrum,
537 1795 591 1854 hoc
616 1817 765 1876 corporum
794 1798 936 1878 praeferre
965 1797 1090 1872 formae,
1115 1809 1146 1854 ut
1166 1796 1189 1854 si
1208 1796 1273 1873 quis

56 1894 193 1952 animosis
213 1895 358 1972 ingenuo,
379 1893 489 1952 etiamsi
507 1893 634 1974 corporis
653 1893 722 1952 flore
747 1909 774 1952 et
799 1908 947 1955 venustate
972 1895 1068 1953 minus
1095 1891 1272 1952 commende·

56 2004 110 2064 tur,
130 1991 162 2050 id
181 1993 240 2072 ipsi
259 1990 383 2050 sufficiat
402 2005 429 2050 et
449 2006 522 2050 amet
540 1991 625 2050 illum
641 2007 669 2050 et
689 2007 769 2051 curet
787 2007 816 2052 et
833 2013 975 2051 sermones
993 1993 1087 2073 pariat
1105 1993 1158 2050 tali
1179 1991 1273 2053 indoli

56 2103 251 2148 consentaneos
270 2103 298 2148 et
317 2089 414 2149 nullos
430 2110 490 2148 non
509 2088 580 2148 alios
600 2104 734 2167 quaerat,
755 2091 860 2170 quibus
878 2089 1071 2150 adolescentes
1088 2091 1198 2171 possint
1217 2109 1273 2146 me·

57 2187 131 2246 liores
147 2187 232 2248 lieri:
256 2201 287 2246 ut
305 2187 375 2246 hinc
400 2188 548 2267 explorare
574 2201 602 2246 et
621 2190 810 2271 contemplari
833 2204 967 2270 cogatur,
989 2188 1066 2268 quod
1087 2189 1119 2248 iu
1147 2189 1273 2262 studiis,

57 2285 83 2343 in
106 2285 210 2347 officiis
229 2285 394 2366 legibusque
414 2286 547 2366 pulcrum
567 2300 626 2361 est,
648 2301 676 2346 et
700 2287 754 2348 hoc
779 2290 877 2349 videat
887 2335 896 2364 ,
917 2309 1000 2348 omne
1027 2285 1122 2362 illud,
1143 2287 1274 2364 quamvis

58 2387 175 2460 varium,
197 2384 377 2444 simillimum
397 2397 492 2442 esseet
511 2399 679 2464 cognatum:
701 2408 757 2465 quo
777 2386 937 2462 adductus,
959 2389 1084 2468 corporis
1100 2383 1273 2466 pulcritudi·
1362 2449 1365 2456 ,

58 2501 113 2540 nem
136 2484 223 2563 parvi
250 2481 345 2541 ducet.
393 2480 505 2542 Officiis
524 2497 622 2542 autem
644 2483 811 2563 legibusque
839 2486 998 2566 perceptis,
1027 2485 1181 2566 procedere
1210 2505 1274 2542 eum

58 2596 156 2660 oportet
172 2580 215 2641 ad
235 2580 399 2656 doctrinas,
422 2593 453 2639 ut
480 2579 558 2660 quod
585 2580 631 2640 bis
658 2583 733 2640 inest
756 2583 889 2663 pulcrum
917 2593 1079 2659 assecutus,
1100 2597 1128 2642 et
1151 2583 1274 2664 amplam

57 2679 105 2754 jam
131 2681 297 2758 variamque
325 2679 421 2763 pulcri
450 2675 572 2759 speciem
601 2680 828 2761 contemplatus,
850 2680 930 2741 haud
956 2682 1079 2763 amplius
1108 2681 1213 2755 unius,
1242 2694 1274 2738 ut

60 2779 244 2859 mancipium,
273 2777 472 2857 pulcritudine
501 2791 670 2853 contentus,
700 2779 761 2838 sive
788 2779 922 2859 pueruli,
954 2781 1014 2840 sive
1044 2781 1188 2853 hominis,
1212 2780 1273 2839 sive

15 2871 17 2890 ³
61 2875 155 2950 studii,
188 2877 318 2936 serviens
339 2875 404 2950 illi,
426 2874 494 2935 vilis
513 2876 550 2933 sit
569 2889 596 2934 et
616 2874 760 2953 abjectus,
785 2876 813 2956 l)
837 2877 887 2936 sed
906 2877 944 2936 ad
958 2878 1127 2938 immensum
1154 2899 1273 2940 eonver-

15 2967 17 3060 j
62 2995 99 3034 sus
126 2975 223 3058 pulcri
251 2973 381 3054 pelagus,
400 2973 516 3032 intuens
536 2972 632 3049 illud,
652 2973 756 3032 multos
775 2976 866 3056 pariat
880 2973 912 3034 ac'
931 2977 1092 3072 praeclar-'os
1114 2996 1274 3051 sermones,

15 3071 17 3142 l
61 3073 243 3151 sublimesque
267 3072 298 3130 iu
319 3071 461 3129 uberrima
479 3070 662 3152 philosophia
689 3073 863 3148 sententias,
892 3073 983 3133 donec
1003 3075 1066 3134 illic
1090 3073 1275 3133 confirmatus

16 3231 17 3234 ,
63 3193 88 3228 ac
111 3171 327 3244 corroboratus,
353 3169 471 3228 taudem
499 3169 656 3248 aliquando
677 3191 762 3230 unam
783 3170 981 3253 deprehendat
1001 3171 1181 3248 doctrinam,
1202 3192 1274 3252 quae

15 3327 17 3330 .
64 3267 142 3348 ipsius
171 3270 208 3328 sit
228 3267 323 3348 pulcri
342 3268 493 3327 scientia.»
519 3265 550 3347 2)

15 3365 19 3504 η
97 3369 173 3427 Talis
193 3379 235 3426 est
255 3365 476 3425 celebratissima
490 3365 542 3424 illa
561 3365 684 3426 Socratis
705 3363 830 3450 ἕριοτικη
840 3413 848 3444 ,
868 3378 979 3428 amoris
994 3371 1175 3448 disoiplino,
1193 3371 1276 3448 cujus

63 3527 96 3535 —-

66 3615 132 3681 Nan,
144 3619 166 3669 si
178 3616 240 3684 quid
257 3615 349 3679 video,
369 3633 461 3668 sensus
481 3617 591 3680 amoris,
611 3632 702 3667 seusus
722 3617 783 3666 item
796 3615 947 3684 religionis,
967 3623 994 3666 ut
1010 3615 1051 3666 hle
1067 3622 1125 3664 sunt
1142 3615 1275 3680 expressi,

66 3701 92 3752 ab
112 3719 158 3754 uua
180 3699 310 3769 proficisci
332 3717 405 3752 saera
427 3701 554 3766 ejusmodi
579 3702 687 3753 muliere
707 3708 853 3767 potuerunt.
889 3699 946 3751 Vid.
972 3697 1071 3763 Groen,
1091 3701 1192 3768 Prosop.
1210 3699 1276 3752 Plat.

68 3804 88 3853 p.
104 3787 142 3839 25.
159 3797 184 3840 et
202 3787 274 3838 Wolf
280 3823 287 3850 ,
304 3791 386 3855 praef.
405 3789 439 3838 od
454 3790 535 3856 Syntp.

97 3879 118 3942 t)
136 3879 232 3932 Graeca
255 3888 314 3931 sunt
333 3880 496 3946 perturbata:
524 3867 626 3953 μηκέτι
652 3866 689 3933 τδ
714 3864 782 3953 παρ’
808 3865 868 3944 snt,
897 3861 994 3949 niuoso
1023 3863 1135 3952 οἰκέτης
1156 3866 1279 3951 ἀγαπῶν

69 3971 228 4054 ιιαιδαρυόυ,
254 3965 369 4046 κάλλος,
391 3967 413 4052 ἢ
434 3965 598 4055 lausduno
624 3969 716 4048 τιοδς,
737 3967 759 4054 ἦ
780 3965 1009 4052 ἐπιτηδεύματος
1031 3965 1110 4047 tole,
1133 3969 1279 4036 δουλεύων
1312 4017 1315 4024 -

72 4074 173 4152 φαῦλος
201 4067 225 4162 ᾖ
256 4073 304 4136 καὶ
330 4069 537 4156 σμικρολόγος·
575 4084 648 4136 Haud
677 4083 797 4151 displicet
821 4080 888 4131 Astii
912 4080 1076 4146 conjectura:
1095 4115 1126 4125 -
1151 4071 1277 4156 οἰκέτης,

72 4169 317 4254 elyanensium,
337 4171 359 4258 ἤ
380 4173 449 4238 iva.
481 4187 532 4238 Sed
553 4186 632 4238 nolim
653 4185 765 4252 expungi
786 4168 956 4252 παιδαρίου,
980 4187 1049 4253 quod
1069 4203 1145 4239 servo
1164 4189 1278 4254 apprime

74 4289 190 4339 convenit.
208 4288 358 4354 Relinquum
375 4285 424 4338 boc
438 4287 532 4356 igitur,
552 4285 598 4336 sed
613 4287 807 4352 transpositum:
831 4269 935 4356 μηκέτι
956 4269 992 4335 cti
1014 4269 1082 4357 παρ’
1103 4271 1157 4348 tvl,
1181 4267 1277 4356 ιδ’σπιρ
1316 4359 1319 4366 λ

76 4372 185 4459 οἰκέτης,
207 4375 329 4460 ἀγαπῶν
349 4371 464 4452 κάλλος,
486 4374 642 4460 παιδαρίου
664 4371 685 4457 ἢ
706 4371 794 4459 (iniq.
818 4390 925 4442 Sensum
947 4389 1073 4440 vertendo
1094 4387 1218 4452 expressi.

95 4478 127 4544 οι
145 4483 220 4554 τμη.
238 4481 297 4535 209.
315 4481 345 4534 u.
363 4479 421 4533 tto.
440 4481 470 4532 o.
528 4479 530 4486 ’
713 4471 716 4476 ’
